1893 2860
409 137 441 159 lx
469 136 576 159 Epts'r.
607 135 629 158 1.

660 136 679 158 A
684 136 704 158 D
731 135 763 158 '1¹1
768 133 859 157 MO'rn
866 148 873 156 .

902 131 980 156 car.
1011 132 1049 156 v.
1076 132 1194 156 uouit„
1224 131 1298 154 xiii.
1554 115 1643 160 674(l

76 213 148 237 κτει,
169 202 185 235 ἡ
201 199 227 228 δὲ
247 199 317 228 ἔνδον
333 200 413 234 οὐσα,
431 198 474 226 καὶ
489 198 616 227 πάντοθεν
638 196 845 236 ἐμπεφραγμένη
856 220 890 239 ω.
900 197 1010 235 gravius
1030 203 1079 233 est,
1096 195 1225 224 adversus
1244 194 1332 221 Deum
1353 190 1431 220 inulti
1453 188 1640 227 indignantur,

76 248 114 285 τῷ
129 247 247 284 στεγανῷ
259 248 304 274 τοῦ
316 244 454 283 σώματος,
469 244 514 272 καὶ
530 243 566 283 μὴ
582 244 679 283 ἔχουσα
694 244 772 272 πόθεν
789 244 848 271 δια-
865 248 883 270 A
900 244 974 280 Quid
989 244 1039 273 hoc
1053 244 1115 273 est?
1130 243 1247 272 diceutes
1259 263 1267 278 ,
1282 246 1380 269 stercus
1397 243 1499 277 gestare
1512 235 1589 265 nobis
1603 235 1642 264 le-

76 293 192 332 φορηθῇ,
205 291 300 330 μυρίας
309 293 356 320 οῦκ
376 290 513 330 ἐργάζεται
529 290 619 323 νόσους
635 290 679 318 καὶ
694 291 730 328 τῷ
742 288 847 326 σώματι

76 338 121 367 καὶ
136 340 168 376 τῇ
185 339 273 377 ψυχῇ;
287 337 340 366 Καὶ
356 337 385 366 τὸ
400 337 492 371 δεινὸν,
509 336 549 365 ὅτι
571 337 635 375 πρὸς
657 336 703 373 μὲν
718 336 762 364 τὸν
778 334 847 364 Θεὸν

76 384 169 413 πολλοὶ
184 384 397 423 δυσχεραίνουσι,
412 383 437 411 τί
453 394 517 412 ποτε
535 382 610 411 τοῦτό
625 384 696 416 ἓστι;
711 381 842 419 λέγοντες·

77 430 174 470 κόπρον
195 430 334 468 βαστάζειν
356 432 427 467 ἡμᾶς
449 428 651 467 ἐνομοθέτησεν·
665 426 738 456 αὐτοὶ
753 426 779 455 δὲ
797 425 844 460 τὴν

76 475 173 516 κόπρον
189 475 305 509 αὔξουσι.
321 475 373 504 Διὰ
388 478 462 504 τοῦτο
476 477 490 503 ὃ
503 474 570 506 Θεὸς
589 473 786 511 ἐνομοθέτησεν,
802 472 845 499 ἵνα

77 521 126 550 κᾶν
141 521 209 550 οὕτω
221 523 268 556 τῆς
280 524 379 561 τρυφῆς
393 521 532 558 ἀπαλλάξῃ
541 543 549 555 ,
561 519 604 548 ἵνα
616 519 664 547 κᾶν
682 518 752 548 οὕτω
766 518 844 555 πείσῃ

77 567 115 606 μὴ
131 569 318 609 προσηλῶσθαι
343 572 397 601 τοῖς
412 569 553 605 βιωτικοῖς.
574 564 613 594 Σὺ
634 564 660 594 δὲ
685 563 742 593 οὐδὲ
765 564 846 596 οὕτως

77 613 158 653 ἀνέχῃ
181 613 331 643 παύσασθαι
345 616 393 649 τῆς
407 615 506 652 τρυφῆς
516 634 523 647 ,
537 611 606 641 ἀλλὰ
624 611 703 650 μέχρι
725 613 770 638 τοῦ
792 609 846 648 φά-

78 671 186 700 ρυγγος,
202 660 282 700 μέχρι
302 663 347 689 τοῦ
367 662 460 698 καιροῦ
479 661 525 694 τῆς
543 657 690 697 τραπέζης,
705 657 804 694 μᾶλλον
819 655 847 684 δὲ

76 705 135 735 οὐδὲ
149 705 229 745 μέχρι
242 706 302 735 τότε
319 707 367 739 τῆς
378 705 473 740 ἡδονῆς
485 703 704 742 παραμενούσης,
716 701 848 739 ἐπιμένεις

77 753 109 789 τῇ
122 753 217 791 τρυφῇ.
228 751 266 781 Ἢ
280 753 330 790 οὐχ
351 751 407 788 ἅμα
426 750 473 788 μὲν
487 750 641 788 παρέδραμε
660 748 707 784 τὴν
728 749 848 786 γλῶτταν

76 796 122 825 καὶ
137 796 181 825 τὸν
193 797 306 836 αὐχένα,
318 796 364 825 καὶ
379 796 502 825 ἔσὸεσται
518 796 550 824 τὰ
566 797 612 830 τῆς
626 796 735 830 ἡδονῆς,
749 794 782 822 ‘ll
798 793 849 834 γὰρ

78 843 198 878 αἴσθησις
213 845 238 872 ἐν
257 845 290 881 τῇ
305 842 408 880 γεύσει,
430 842 496 880 μετὰ
510 841 537 871 δὲ
556 845 639 870 ταῦτα
654 840 759 874 οὐκέτι,
781 839 849 869 ἀλλὰ

77 888 163 923 πολλὴ
176 891 194 923 ἡ
207 888 287 923 ἀηδία
295 912 303 925 ,
318 888 334 923 ἢ
352 888 388 926 μὴ
405 887 632 927 κατεργαζομένου
645 890 690 915 τοῦ
702 886 849 925 στομάχου,

78 934 95 969 ἢ
111 934 178 972 μετὰ
189 935 289 970 πολλῆς
307 937 355 969 τῆς
367 933 505 966 δυσκολίας
515 937 591 962 τοῦτο
607 934 751 964 ποιοῦντος.
766 930 848 961 Εἰκό-

78 991 130 1012 τως
143 980 194 1019 ἄρα
210 980 307 1019 ἔλεγεν,
319 979 353 1008 ἹΙ
369 981 549 1015 σπαταλῶσα,
563 980 635 1012 ζῶσα
650 978 782 1013 τέθνηκεν.
795 978 850 1006 Οὐ-

80 1025 123 1055 δὲν
133 1025 185 1065 γὰρ
197 1027 244 1055 οὒκ
256 1026 326 1056 ἔστιν
342 1026 401 1055 οὔτε
419 1028 548 1062 ἀκοῦσαι,
560 1025 618 1054 οὔτε
631 1026 713 1053 εἰπεῖν
724 1023 771 1058 τὴν
784 1035 850 1051 σπα-

56 1092 58 1094 ν
79 1073 202 1101 ταλῶσαν
215 1072 301 1112 ψυχήν
314 1085 319 1090 ·
333 1072 440 1111 μαλακὴ
450 1071 565 1110 γίνεται,
575 1070 684 1110 ἀγεννὴς
693 1093 701 1106 ,
712 1070 851 1109 ἄνανδρος,

79 1119 250 1158 ἀνελευθέρα,
265 1120 303 1148 δει
320 1118 355 1155 ὴ,
369 1118 546 1158 θρασύτητος,
563 1116 717 1152 κολακείας,
737 1115 852 1155 ἀμαθίας

79 1165 321 1204 πλήρης,’θυμο’ὗ,
352 1165 528 1204 ἀκροχολίας,
556 1163 662 1192 πάντων
683 1164 735 1191 τῶν
762 1163 851 1191 κακῶν
868 1168 886 1191 C

82 1210 180 1248 μεστὴ,
194 1212 246 1239 τῶν
270 1210 296 1240 δὲ
314 1210 437 1240 ἐναντίων
453 1211 557 1248 ἀγαθῶν
575 1210 681 1249 ἔρημος.
704 1208 756 1237 Διὰ
775 1207 851 1237 τοῦτο’

80 1268 146 1296 φησι
157 1269 163 1275 ·
174 1257 227 1286 Καὶ
238 1259 322 1286 ταῦτα
335 1257 518 1296 παράγγελλε,
535 1255 578 1284 ἵνα
590 1255 765 1290 ἀνεπίληπτοι
776 1248 852 1282 ὦσιν.

80 1303 162 1342 Ὁρᾷς
191 1303 231 1331 ὅτι
264 1303 417 1340 νομοθεσίας
442 1302 472 1331 τὸ
494 1301 607 1341 πρᾶγμά
639 1303 726 1334 εἰσ-,ως
753 1301 794 1329 Οὖ
819 1302 851 1338 τῇ

81 1349 233 1388 προαιρέσει
254 1347 390 1387 ἐπιτρέπει
411 1347 490 1376 αὐτό’
505 1347 690 1385 παράγγελλε,
712 1346 792 1386 φησὶ,
813 1345 850 1383 μὴ

79 1400 190 1435 τρυφᾷν,
207 1396 242 1427 ὣς
255 1394 460 1432 ὡμολογημένου
482 1393 553 1425 ὄντος
567 1396 664 1428 κακοῦ,
677 1393 712 1425 ὡς
732 1393 779 1421 οὐκ
796 1391 851 1420 ἐνὸν

79 1440 137 1470 οὐδὲ
159 1442 293 1479 ἐγχωροῦν
311 1439 355 1468 τὸν
381 1440 519 1479 τρυφῶντα
543 1438 694 1477 μυστηρίων
718 1436 849 1475 μετέχειν.

80 1486 134 1517 Καὶ
146 1491 230 1517 ταῦτα
247 1487 426 1526 παράγγελλε,
438 1485 481 1514 ἵνα
493 1484 667 1520 ἀνεπίληπτοι
681 1478 746 1518 ὦσι,
759 1482 850 1522 φησίν.

80 1533 163 1573 Ὁρᾷς
183 1533 224 1563 ὅτι
238 1534 264 1562 ἐν
278 1537 333 1565 τοῖς
348 1531 523 1571 ἁμαρτήμασι
540 1535 625 1559 κεῖται
635 1531 665 1559 τὸ
676 1534 803 1568 πρᾶγμα;
813 1528 852 1556 Τὸ

81 1579 133 1620 γὰρ
157 1581 184 1609 ἐν
207 1582 241 1619 τῇ
267 1578 419 1619 προαιρέσει
443 1578 481 1614 ὂν,
502 1577 550 1606 κᾶν
581 1576 617 1615 μὴ
639 1578 761 1615 πραχθῇ,
781 1574 853 1604 οὐδὲν

82 1626 178 1655 κωλύει
190 1625 368 1660 ἀνεπίληπτον
389 1620 464 1653 εἶναι.
476 1625 580 1653 Οὐκοῦν
594 1625 632 1663 τῷ
650 1622 751 1661 Παύλῳ
764 1620 852 1650 πειθό-

82 1683 156 1710 μενοι
167 1671 212 1700 καὶ
222 1673 299 1709 ἡμεῖς
311 1670 539 1710 παραγγέλλωμεν
553 1669 600 1702 τὰς
612 1667 789 1701 σπαταλώσας
799 1669 851 1696 τῶν

80 1720 170 1758 χηρῶν
183 1717 256 1750 ἐκτὸς
277 1713 343 1746 εἶναι
362 1719 407 1746 τοῦ
418 1715 566 1755 καταλόγου
577 1717 629 1744 τῶν
639 1716 740 1754 χηρῶν.
754 1715 789 1743 Εἰ
799 1714 851 1753 γὰρ

80 1764 245 1805 στρατιώτης
259 1765 377 1803 λουτροῖς
401 1763 447 1792 καὶ
472 1762 588 1801 θεάτροις
611 1760 782 1801 προσανέχων
807 1761 852 1789 καὶ

81 1810 291 1851 πραγματείαις,
315 1809 435 1849 καθάπερ
457 1821 498 1842 τις
521 1807 696 1843 λειποτάκτης
715 1806 851 1847 κρίνεται,

81 1857 172 1895 πολλῷ
188 1856 290 1894 μᾶλλον·
310 1857 338 1884 αἱ
353 1857 448 1895 χῆραι.
472 1854 519 1890 Μὴ
535 1855 654 1891 ζητῶμεν
676 1854 787 1882 ἐνταῦθα
805 1851 852 1886 τὴν

81 1903 180 1938 ἄνεσιν,
189 1901 232 1930 ἰ’να
251 1902 306 1930 ἐκεῖ
321 1900 402 1935 αὐτὴν
415 1899 532 1939 εὕρωμεν
545 1911 551 1917 ·
564 1899 601 1938 μὴ
615 1899 792 1936 σπαταλῶμεν
808 1898 852 1925 ε’ν-

82 1950 180 1981 ταῦθα,
195 1946 238 1975 ἵνα
250 1949 304 1975 ἐκεῖ
318 1945 532 1983 σπαταλήσωμεν
547 1945 595 1980 τὴν
611 1945 691 1977 ὅντως
704 1942 853 1978 σπατάλην,

82 1991 130 2027 τὴν
147 1992 228 2024 ὅντως
241 1992 352 2031 τρυφὴν,
370 1991 419 2026 τὴν
443 1991 516 2020 οὐδὲν
540 1991 679 2020 τίκτουσαν
697 1989 789 2024 κακὸν,
804 1988 853 2023 τὴν

899 300 931 327 ge
949 290 1043 319 statuit
1066 302 1071 318 :
1093 289 1145 328 ipsi
1169 298 1232 318 vcro
1253 293 1353 315 stercus
1374 290 1480 322 augent.
1496 283 1639 321 Propterea

899 337 971 365 Deus
984 347 1041 364 rem
1063 335 1100 363 sic
1122 334 1225 368 statuit,
1242 339 1272 360 ut
1283 332 1321 360 sic
1339 342 1353 359 a
1369 329 1474 359 deliciis
1485 334 1597 365 arceret,
1612 334 1642 356 ut

897 381 1019 410 suaderet
1034 392 1066 410 ne
1078 379 1250 409 saecularibus
1265 377 1345 406 nimis
1356 376 1525 405 haereremus.
1535 374 1579 402 Tu
1596 384 1641 403 vc-

897 439 927 457 ro
940 439 971 457 uc
988 429 1026 457 sic
1043 429 1153 467 quidem
1168 427 1208 457 vis
1222 437 1237 454 a
1251 424 1355 454 deliciis
1373 430 1531 462 temperare,
1549 421 1594 450 scd
1606 420 1642 450 ad

897 474 986 502 fauces
1011 484 1104 512 usquc,
1123 480 1148 502 ct
1171 482 1256 510 usque
1278 471 1313 499 ad
1336 480 1431 498 mensa:
1452 475 1569 507 tempus,
1587 466 1641 495 imo

898 530 930 548 ne
944 519 1045 548 tamdiu
1061 519 1170 557 quidem
1188 524 1276 546 manet
1292 516 1427 555 voluptas,
1443 521 1469 543 et
1490 512 1642 542 deliciando

897 575 1059 604 perseveras.
1077 567 1171 592 Annon
1185 563 1275 591 statim
1288 569 1368 600 atque
1382 561 1502 599 linguam
1517 567 1542 588 et
1554 560 1642 588 fauces

898 610 1038 650 praeteriit,
1050 609 1175 648 voluptas
1192 607 1279 637 omnis
1302 606 1433 635 exstincta
1457 612 1495 633 cst
1510 606 1523 633 Ξ)
1542 606 1644 633 Sensus

866 661 883 684 B
899 657 968 686 enim
985 656 1010 685 in
1027 663 1105 695 gustu
1122 661 1171 693 est,
1185 661 1209 682 et
1225 659 1315 692 postea
1328 651 1408 687 nihil,
1422 651 1467 679 sed
1480 650 1565 678 multa
1580 661 1642 678 mo-

900 704 984 739 lestia,
995 710 1041 732 aut
1053 702 1190 732 stomacho
1200 711 1252 729 non
1265 699 1355 728 officio
1372 699 1508 735 fungente,
1522 703 1568 725 aut
1582 707 1643 724 cum

899 749 983 779 multa
1007 749 1169 778 difficultate
1183 748 1213 776 id
1229 752 1380 786 przestante.
1395 746 1461 774 Jure
1475 752 1538 781 ergo
1553 741 1642 780 dixit,

903 798 973 835 Qua?
991 799 1022 824 ιή
1039 796 1152 824 deliciis
1173 800 1227 830 est,
1239 795 1343 821 vivens
1362 796 1479 819 mortua
1499 795 1550 817 est.
1567 787 1646 816 Nihil

900 843 971 871 euim
992 843 1035 872 vel
1053 841 1147 871 audire
1163 841 1206 870 vel
1223 839 1297 877 loqui
1318 843 1404 877 potest
1427 835 1514 865 anima
1536 845 1595 873 quae
1618 834 1644 863 in

901 889 1005 918 deliciis
1025 895 1063 918 est
1084 900 1090 916 t
1111 887 1202 916 mollis
1220 886 1355 920 efficitur,
1371 881 1644 922 ignava,i111becilla,

901 936 1060 973 illiberalis,
1077 933 1174 963 timida
1185 955 1194 971 ,
1211 931 1308 962 ferocia
1319 953 1328 968 ,
1344 928 1496 958 adulatione
1518 934 1543 956 et
1564 927 1645 965 igno-

901 982 987 1010 rantia
1000 981 1089 1021 plena,
1102 979 1302 1018 indignatione,
1320 975 1448 1014 segnitie,
1464 973 1542 1002 malis
1556 973 1643 1001 omni-

902 1028 953 1056 hus
967 1027 1073 1061 referta,
1085 1032 1177 1054 contra
1193 1034 1257 1054 vero
1274 1022 1351 1051 honis
1367 1019 1492 1049 omnibus
1506 1018 1644 1047 destituta.

903 1073 967 1102 Ideo
982 1074 1019 1102 ait
1036 1085 1042 1100 ;
1057 1074 1084 1101 7.
1099 1073 1140 1101 Ec
1155 1073 1209 1100 hoc
1224 1071 1348 1110 praecipe
1362 1074 1393 1096 ut
1408 1066 1646 1105 irreprehensibi-

904 1121 945 1149 les
957 1123 1025 1149 sint.
1037 1119 1137 1150 Viden’
1153 1128 1209 1147 rem
1219 1127 1274 1146 esse
1286 1116 1344 1155 lege
1353 1119 1514 1154 praeceptam
1525 1112 1538 1140 Ξ)
1550 1111 1581 1140 ld
1594 1122 1646 1140 non

903 1167 1014 1196 arbitrio
1035 1165 1162 1204 relinquit
1179 1177 1185 1193 ε
1200 1163 1329 1203 Praecipe,
1345 1162 1394 1199 ait,
1411 1167 1440 1189 ut
1461 1170 1515 1189 nou
1530 1159 1557 1188 in
1577 1158 1647 1187 deli-

905 1213 953 1243 ciis
968 1219 1118 1249 versentur,
1136 1211 1211 1250 quasi
1230 1210 1281 1238 hoc
1301 1208 1399 1239 vitium
1413 1216 1470 1235 esse
1488 1206 1515 1234 in
1529 1205 1648 1234 confesso

905 1259 956 1296 sit;
969 1259 1005 1287 ita
1021 1265 1050 1287 ut
1064 1268 1116 1286 non
1131 1257 1209 1286 liceat
1224 1256 1250 1284 in
1265 1253 1370 1283 deliciis
1382 1252 1500 1282 versanti
1512 1250 1648 1290 mysteriis

904 1305 1075 1346 participare.
1088 1306 1129 1333 Et
1143 1305 1198 1333 hoc
1210 1303 1345 1342 prcecipe,
1359 1299 1458 1338 inquit,
1477 1305 1508 1327 ιιι
1523 1301 1649 1336 irrepre-

906 1352 1061 1380 hensibiles
1081 1353 1148 1379 sint.
1168 1348 1268 1379 Yiden’
1285 1358 1342 1376 rem
1359 1346 1387 1375 in
1412 1352 1582 1384 peccatorum
1599 1353 1649 1372 nu-

905 1408 978 1426 mero
1000 1397 1121 1425 censeri?
1136 1397 1205 1425 Nam
1230 1393 1303 1433 quod
1327 1393 1439 1421 arbitrio
1458 1392 1588 1430 cujusque
1608 1400 1649 1418 re-

905 1443 1055 1482 linquitur,
1071 1442 1176 1471 etiamsi
1197 1450 1248 1470 non
1269 1439 1327 1477 fiat,
1344 1448 1396 1467 non
1416 1437 1529 1476 impedit
1542 1436 1649 1474 quomi-

906 1500 957 1519 nus
978 1490 1040 1528 quis
1058 1486 1303 1528 irreprehensibilis
1326 1485 1370 1515 sit.
1386 1485 1481 1521 ltaque
1499 1492 1547 1511 nos
1569 1481 1649 1510 etiam

906 1536 991 1565 Paulo
1003 1536 1216 1574 obtemperantes
1230 1531 1417 1571 praecipiamus
1432 1536 1461 1558 ut
1475 1527 1576 1563 vidua’,
1591 1538 1650 1565 quae

906 1582 1011 1611 deliciis
1023 1581 1142 1616 student,
1153 1590 1187 1609 ex
1200 1578 1348 1609 viduarum
1364 1575 1485 1613 catalogo
1500 1574 1649 1603 deleantur.

870 1627 890 1650 D
906 1630 976 1658 Nam
992 1629 1014 1658 si
1028 1628 1106 1657 miles
1117 1627 1163 1666 qui
1176 1624 1302 1660 lavacris,
1315 1622 1438 1660 theatris,
1450 1632 1480 1650 ac
1494 1619 1651 1659 negotiatio-

905 1675 986 1705 nibus
999 1674 1045 1703 dat
1058 1683 1179 1714 operam,
1192 1671 1268 1701 velut
1282 1670 1402 1699 desertor
1417 1667 1521 1696 militiae
1536 1665 1650 1694 damua-

905 1729 950 1751 tur
963 1733 970 1749 z
983 1721 1069 1750 multo
1084 1719 1170 1759 magis
1181 1718 1210 1747 id
1222 1717 1255 1746 de
1270 1715 1361 1746 viduis
1375 1720 1518 1743 statuatur.
1534 1713 1576 1741 Ne
1587 1722 1651 1750 ergo

905 1770 950 1799 hic
963 1768 1084 1807 requiem
1098 1775 1259 1806 quaeramus,
1271 1770 1302 1792 ut
1313 1763 1370 1792 illic
1386 1772 1445 1790 cam
1460 1760 1629 1789 inveniamus
1643 1770 1649 1786 ε

905 1826 938 1845 ne
957 1815 1003 1844 hic
1021 1814 1126 1843 deliciis
1147 1822 1256 1852 operam
1275 1810 1382 1846 demus,
1403 1815 1433 1836 ut
1455 1807 1513 1835 illic
1526 1816 1604 1835 veras
1624 1812 1651 1834 et

907 1872 1045 1903 germanas
1069 1860 1178 1890 delicias
1199 1866 1392 1896 assequamur,
1409 1865 1468 1893 quae
1492 1853 1561 1882 nihil
1583 1852 1649 1880 mali

906 1910 1030 1951 pariant,
1045 1916 1071 1937 et
1085 1908 1223 1936 innumera
1238 1904 1308 1933 bona
1322 1903 1434 1931 asserant
1449 1913 1454 1929 :
1471 1911 1531 1939 quae
1545 1899 1650 1928 utinam

905 1967 954 1986 nos
975 1965 1066 1985 omues
1085 1962 1257 1991 assequamur
1275 1950 1302 1978 in
1317 1948 1424 1977 Christo
1443 1948 1523 1982 Jesu,
1539 1945 1649 1984 quicum

906 2002 980 2031 Patri
992 2008 1018 2030 ct
1032 1998 1147 2039 Spiritui
1162 2003 1252 2026 sancto
1268 1995 1364 2034 gloria,
1379 1992 1534 2032 imperium,
1548 1991 1646 2026 honor,

85 2037 166 2077 μυρία
183 2037 269 2074 ἀγαθὰ
283 2038 409 2076 ἔῖουσαψ
425 2040 460 2065 ὧν
479 2036 580 2075 γένοιτο
595 2036 694 2068 πάντας
706 2037 777 2073 ἡμᾶς
791 2036 853 2063 gm-
871 2041 889 2064 E
907 2057 978 2077 nunc
991 2053 1016 2076 et
1032 2055 1144 2085 semper,
1157 2050 1181 2073 et
1195 2043 1222 2072 in
1238 2040 1335 2071 saecula
1351 2039 1520 2069 saeculorum.
1537 2037 1632 2065 Amen.

83 2088 182 2123 τυχεῖν,
205 2085 231 2113 ἐν
246 2083 334 2119 Ἰησοῦ
360 2083 485 2122 Χριστῷ,
507 2083 563 2120 μεθ’
586 2077 614 2111 οῧ
636 2083 674 2120 τῷ
689 2080 776 2119 Πατρὶ
796 2080 852 2118 ἅμα

82 2131 120 2169 τῷ
134 2129 202 2168 ἁγίῳ
216 2129 353 2167 Πνεύματι
368 2128 441 2163 δόξα,
457 2128 568 2167 κράτος,
582 2127 647 2165 τιμὴ
657 2148 664 2161 ,
680 2129 724 2155 νῦν
736 2125 780 2155 καὶ
795 2125 851 2162 ἀεὶ,

83 2176 129 2204 καὶ
144 2177 180 2208 εἰς
194 2175 252 2208 τοὺς
265 2177 360 2207 αἰῶνας
374 2176 426 2203 τῶν
442 2174 552 2203 αἰώνων.
566 2173 656 2212 Ἀμήν.
