1893 2860
68 814 174 836 ems-1.

212 138 282 183 (392
545 144 573 166 S-

214 210 252 237 illi
277 215 305 236 ut
322 207 384 235 vino
403 215 457 234 sese
472 204 628 242 ingurgitet,
641 203 688 231 sed
708 209 838 240 quantuni
855 200 887 229 ad
908 211 952 230 vu-

214 253 376 287 lctudhuuu,
392 260 443 278 non
465 249 500 277 ad
522 248 651 285 delicias,
666 248 783 286 juvaret.
802 247 850 275 ²24.
874 248 953 285 Quo-

215 299 348 327 rumdam
370 297 519 324 hominum
538 300 661 332 peccata
686 293 846 332 711a11{festa
871 298 952 325 sunt,

602 142 741 165 ,ΙΟᾹΝΝΙΞ
767 140 948 164 CHRYSOST.
979 141 1134 165 Ancuffin.
1163 142 1429 165 CONSTANTiuoi‘.

1009 213 1066 238 νει,
1083 203 1172 241 φησιν,
1185 203 1325 242 ἁμαρτίαις
1348 203 1513 242 ἀλλοτρίαις,
1528 202 1552 232 τί
1565 198 1618 237 effi,
1631 201 1660 230 ἂν
1675 202 1774 240 ἀγνοῶ,

1010 247 1090 285 φησί;
1108 249 1194 276 Τινῶν
1209 251 1236 276 αἱ
1258 249 1384 289 ἁμαρτίαι
1399 249 1526 289 πρόδηλοί
1545 250 1595 277 εἰσι
1605 271 1612 284 ,
1626 247 1637 263 ¹'
1647 247 1776 287 προάγου-

1010 304 1055 321 σαι
1077 292 1168 325 αὐτοὺς
1189 295 1225 325 εἷς
1249 293 1344 331 κρίσιν,
1368 294 1421 322 τισὶ
1444 295 1470 323 δὲ
1492 295 1537 323 καὶ
1560 295 1775 323 ἐπακολουθοῦσι.

213 343 407 383 Jn-ameaelentsa
434 341 474 368 ad
491 341 637 379 judicium
656 351 668 372 ‚·
690 339 833 378 quosdam
859 344 957 367 autem
976 344 993 366 E
1014 340 1101 368 Τινῶν
1117 339 1173 376 μὲν,
1189 339 1345 378 φης-ξδῆλοί
1357 339 1482 376 &cmg-H
1496 341 1728 379 προλαμςάνουσι.
1739 351 1779 367 τι,

216 397 242 418 et
271 390 496 426 subsequuntur.
524 385 662 421 Quoniam
687 384 720 412 de
743 383 958 413 ordinationibus

216 434 334 466 dicebat,
350 433 395 461 Ne
409 433 616 464 communices,
630 429 717 467 inquit
730 452 737 464 ,
749 431 877 468 peccatis
887 429 959 457 alie-

219 485 263 510 m's
274 493 284 514 ‚·
296 479 363 519 quid
384 479 482 517 igitur,
495 478 517 506 si
537 478 656 516 ignorem
666 500 673 513 ‚
688 476 799 515 inquit?
817 477 959 514 Quorum-

217 528 286 555 dam
307 527 458 554 hominum
474 530 597 563 peccata
614 523 774 561 manifesta
791 528 869 556 sunt,
883 531 959 560 prte-

218 574 354 602 cedentia
365 573 441 610 ipsos
452 571 660 609 adjudici1tm;
669 569 811 609 quosdam
825 574 922 596 autem
933 573 960 595 et

220 615 643 658 subsequantur.Quorumdam‚
650 614 747 653 inquit,
753 614 892 642 manifesta
900 619 962 641 sunt

221 665 283 703 quia
294 662 462 704 p1·aecedunt;
476 660 722 700 quorumdamnon,
741 659 788 688 sed
804 665 961 698 sequuntur.

222 713 274 741 25.
289 710 430 740 Similiter
451 711 527 737 bona
546 718 633 746 opera
656 708 817 745 manifesta
838 712 915 742 sunt,
936 711 963 734 et

224 768 289 797 quoe
313 767 343 785 se
363 756 451 784 aliter
472 756 579 783 habent
600 753 740 782 abscondi
755 762 813 780 non
832 757 964 791 possunt.

228 804 253 830 1.
276 801 456 839 Quicumque
478 800 555 828 servi
576 799 628 826 suh
650 799 720 836 jugo
742 802 819 832 sunt,
834 796 966 824 dominos

225 856 291 875 suos
314 847 393 873 omni
411 845 521 872 honore
535 844 638 881 dignos
659 843 849 877 arbitrentur,
866 852 901 869 ne
917 850 965 868 no-

226 902 292 920 men
305 893 361 921 Dei
373 897 402 919 et
417 890 551 918 doctrina
567 888 793 926 blasphemetur.
810 888 897 914 Omni
912 887 967 914 Ιιο-

227 948 305 970 nore,
323 936 421 974 inquit,
437 936 539 974 dignos
550 935 741 962 arbitrentur.
759 933 799 961 Ne
813 933 894 968 enirn,
905 932 968 970 quia

226 982 315 1012 fidelis
337 992 380 1018 οε,
396 981 514 1009 liberum
536 986 561 1007 te
580 989 636 1007 esse
660 985 737 1017 putes
759 989 765 1005 ε
790 978 841 1006 hoc
860 977 969 1006 libertas

225 1035 283 1066 est,
298 1027 384 1066 magis
405 1025 514 1055 servire.
533 1024 654 1053 Infidelis
673 1023 756 1060 enim,
775 1023 798 1051 si
818 1023 918 1052 viderit
934 1023 970 1051 il-

227 1075 267 1103 los
288 1080 396 1113 propter
411 1071 492 1101 fidem
512 1070 627 1110 superbe
645 1069 813 1104 invadentes,
829 1079 898 1108 saepe
912 1068 971 1097 bla-

227 1119 379 1160 sphemabit
391 1141 398 1155 ‚
415 1129 446 1146 ac
459 1117 482 1146 si
500 1117 603 1156 dogma
622 1116 657 1145 sit
678 1115 815 1145 seditionis
830 1125 908 1143 causa
926 1126 932 1142 z
949 1115 971 1143 si

227 1174 317 1195 autem
332 1164 431 1195 viderit
447 1164 508 1192 illos
523 1163 681 1201 morigeros,
697 1161 777 1190 citius
795 1160 897 1198 credet,
915 1171 972 1189 ma-

229 1214 270 1253 gis
292 1213 372 1241 dictis
389 1211 517 1240 auendet.
539 1210 647 1239 Etenim
666 1210 722 1238 illis
744 1220 795 1238 non
820 1209 973 1247 obsequen-

228 1261 313 1297 tibus,
329 1260 450 1288 futurum
467 1265 506 1287 est
523 1264 553 1286 ut
566 1264 592 1286 et
605 1258 676 1286 Deus
690 1263 716 1285 et
734 1255 890 1295 praedicatio
914 1255 974 1283 hia-

229 1307 412 1346 sphementur.
437 1304 510 1340 Quid
527 1314 605 1343 ergo,
623 1303 743 1342 inquies,
763 1303 785 1331 si
801 1302 903 1331 domiui
922 1302 976 1330 sint

231 1352 377 1381 infideles?
390 1351 479 1380 Etiam
501 1351 538 1379 sic
561 1350 658 1379 cedere
676 1355 781 1389 oportet
799 1355 909 1388 propter
924 1348 974 1376 Dei

232 1409 338 1427 nomen.
355 1398 411 1436 Qui
428 1399 506 1426 enim
522 1397 636 1435 fideles,
648 1395 746 1434 inquit,
762 1396 871 1423 habent
887 1395 976 1422 domi·

234 1456 297 1481 nos,
319 1454 377 1472 non
397 1449 588 1472 contemnant
611 1443 802 1481 quiafratres
821 1447 910 1474 sunt;
928 1441 980 1468 sed

234 1492 326 1529 magis
346 1491 486 1523 serviant,
512 1490 651 1527 quoniam
669 1488 773 1526 fideles
798 1493 865 1516 sunt
887 1493 913 1514 et
931 1487 979 1514 di-

237 1538 316 1571 lecti,
333 1538 384 1575 qui
400 1535 532 1573 beneficii
542 1535 700 1572 participes
714 1539 791 1561 sunt.

275 1585 303 1612 Ω.
319 1584 356 1610 Ac
371 1582 392 1610 si
408 1581 520 1617 diceret,
537 1580 565 1608 Si
582 1587 654 1608 tanto
669 1578 773 1617 dignati
790 1578 852 1607 estis
870 1579 980 1615 honore,

237 1637 267 1658 ut
283 1629 407 1657 dominos
428 1628 522 1655 fratres
544 1626 676 1654 haberetis
694 1637 701 1662 ;
722 1625 781 1653 ideo
802 1625 919 1653 maxime
939 1635 980 1652 ce-

236 1675 299 1704 dere
313 1673 642 1707 debetis.Prwcedencia,
656 1671 755 1708 inquit,
770 1671 980 1710 adjudicium,-

238 1721 268 1749 id
282 1727 329 1754 est,
339 1730 400 1747 cun]
415 1718 484 1746 mala
500 1717 649 1756 opera‚alia
668 1717 712 1745 hic
726 1716 892 1752 lateant‚alia
908 1726 960 1744 non
973 1727 980 1751 ;

239 1767 296 1795 illic
307 1776 372 1795 vero
387 1775 433 1793 nec
448 1764 517 1792 mala
533 1774 579 1791 nee
595 1763 664 1791 hona
680 1763 761 1790 latere
776 1769 896 1800 possunt.
907 1761 981 1796 Quid

240 1812 292 1841 sibi
308 1811 368 1840 vult
389 1809 477 1845 illud,
498 1809 701 1837 Pmecedentia
714 1808 910 1846 adjudicium
921 1811 933 1834 P
947 1808 983 1835 Ut

240 1869 302 1887 cum
317 1857 377 1895 quis
393 1862 501 1895 peecata
516 1854 666 1891 admiserit,
681 1864 739 1891 quae
753 1854 809 1892 jam
826 1853 905 1881 illum
921 1863 984 1881 con-

241 1905 376 1938 demnent,
385 1913 446 1931 cum
458 1901 517 1939 quis
529 1900 627 1939 corrigi
637 1899 737 1937 nequit,
753 1910 814 1927 cum
825 1899 886 1937 quis
897 1905 986 1938 sperat

239 1962 266 1979 se
280 1949 379 1987 corrigi
397 1958 483 1988 posse,
501 1946 622 1984 nihilque
644 1945 708 1974 boni
727 1945 835 1973 interim
847 1951 982 1984 operatur.

244 1998 298 2025 Cur
312 2003 338 2024 et
356 2006 408 2034 qua
424 1994 458 2022 de
473 2004 552 2021 causa
570 1993 621 2021 hoc
635 1992 739 2020 d1ctu1u
753 1992 825 2020 suit.a
838 1991 984 2028 Quoniam,

243 2042 346 2072 etiamsi
367 2040 479 2079 quidam
495 2039 539 2067 hic
563 2038 740 2073 lateant‚illic
760 2037 849 2066 omnia
869 2037 940 2065 nuda
963 2044 989 2066 et

244 2096 335 2128 aperta
357 2094 443 2116 erunt.
463 2086 525 2114 Haec
550 2092 639 2113 autem
664 2095 761 2123 magna
783 2091 822 2113 est
845 2084 989 2112 consolatio

246 2136 279 2163 iis
294 2135 340 2173 qui
359 2140 430 2162 recte
445 2143 471 2161 se
491 2139 598 2170 gerunt.
613 2131 716 2159 Deinde
733 2131 797 2168 quia
816 2130 991 2167 dixit,Nil1il

245 2183 341 2221 faciat
355 2183 386 2208 in
400 2180 526 2208 alteram
539 2184 653 2216 partem
669 2178 866 2210 declinantlo;
881 2183 907 2205 ut
923 2176 993 2205 illud

249 2228 480 2265 interpretaretur,
497 2224 642 2252 necessario
663 2223 803 2262 subjungit
826 2222 913 2258 illud,
927 2224 993 2260 Qni-

250 2282 369 2311 cnmque
379 2277 446 2299 sunt
458 2271 589 2308 subjugo
602 2271 686 2297 servi.
699 2268 733 2296 Et
742 2268 807 2306 quid
820 2268 870 2296 hoc
885 2268 919 2296 ad
931 2267 990 2307 epi-

250 2328 361 2356 scopum
380 2317 484 2350 attinet,
501 2315 627 2353 inquies?
639 2315 757 2343 Multum
775 2315 852 2353 plane
868 2326 873 2342 :
890 2321 919 2342 ut
940 2326 994 2344 mo-

252 2370 321 2397 nent,
336 2370 365 2391 ut
386 2370 411 2391 et
433 2362 493 2390 illos
511 2361 613 2389 doceat.
631 2360 664 2388 Et
685 2367 754 2388 recte
771 2361 816 2388 hic
834 2371 940 2398 quoque
961 2361 995 2390 de

252 2411 293 2438 his
309 2410 438 2448 praecipit.
457 2409 563 2437 Etenim
576 2408 699 2437 videmus
715 2408 793 2436 illum
817 2408 919 2446 ubique
941 2419 995 2437 ser-

290 2512 300 2529 l·
319 2509 501 2540 [Iusercudum
515 2510 614 2534 videtur
625 2510 696 2543 emh]

978 868 1013 887 finis

1013 386 1063 412 νῶν
1076 384 1103 413 δὲ
1114 384 1151 420 οὒ,
1160 385 1218 412 ἀλλ’
1228 385 1453 413 ἐπακολουθοῦσιν.
1463 385 1601 419 ‘sse-&67:0³5
1612 386 1656 414 καὶ
1666 385 1698 414 τὰ
1709 384 1779 413 καλὰ

1014 430 1078 470 ἔργα
1097 430 1216 469 πρόδηλοί
1236 432 1307 465 ἐστι,
1327 429 1420 458 καὶτὰ
1435 431 1520 464 ἄλλως
1535 432 1628 470 ἔχοντα
1647 431 1780 471 κρυῧῆναι

1015 477 1043 505 οὖ
1057 476 1176 505 δύναται.
1188 476 1270 505 “Όσοι
1285 476 1349 504 εἰσιν
1364 475 1415 504 ὑπὸ
1429 476 1503 514 ζυγὸν
1519 478 1618 513 δοῦλοι,
1628 477 1687 511 τοὺς
1703 477 1781 509 ἰδίους

1017 522 1144 555 δεσπότας
1159 522 1244 555 ἀξίους
1257 522 1344 556 πάσης
1364 524 1443 559 τιμῆς
1455 522 1627 560 ἡγείσθωσαν,
1638 524 1680 552 ἵνα
1701 523 1737 561 μὴ
1752 523 1783 551 τὸ

1016 569 1098 607 ὄνομα
1112 571 1157 596 τοῦ
1171 570 1241 597 Θεοῦ
1255 568 1298 596 καὶ
1310 570 1326 602 ἡ
1342 567 1499 596 διδασκαλία
1514 569 1713 607 βλασφημῆται.
1725 568 1784 597 Πά-

1018 626 1064 650 σης
1075 616 1154 660 τιμῆς
1169 613 1262 649 ἀξίους,
1273 613 1361 652 φησὶν,
1375 613 1550 652 ἡγείσθωσαν.
1559 614 1606 648 Μὴ
1620 613 1681 652 γὰρ,
1694 613 1784 650 ἐπειδὴ

1017 659 1109 691 πιστὸς
1123 661 1144 687 εἰ
1154 682 1161 695 ,
1177 659 1287 697 νομίσῃς
1301 659 1431 697 ἐλεύθερος
1446 653 1520 687 εἶναι·
1535 659 1612 688 τοῦτό
1627 660 1697 688 ἐστιν
1714 660 1785 688 ἕλευ-

1018 704 1093 742 θερία
1113 704 1143 732 τὸ
1162 705 1261 742 μᾶλλον
1277 704 1417 733 δουλεύειν.
1431 703 1465 733 ‘O
1481 704 1532 743 γὰρ
1552 704 1674 738 ἄπιστος,
1688 705 1718 734 ἂν
1740 705 1786 743 μὲν

1020 750 1061 788 ἴδῃ
1075 749 1117 778 διὰ
1130 749 1177 785 τὴν
1189 749 1276 778 πίστιν
1293 751 1412 783 αὐθαδῶς
1423 749 1658 790 προσφερομένους,
1670 752 1789 790 βλασφη-

1022 795 1102 833 μήσει
1124 795 1252 828 πολλάκις
1267 798 1302 828 ὡς
1317 796 1408 824 στάσιν
1430 797 1554 833 ἐμποιοῦν
1568 796 1598 825 τὸ
1613 796 1712 835 δόγμα·
1727 797 1789 826 ὅταν

1023 840 1050 869 δὲ
1075 840 1118 879 ἴδῃ
1144 841 1327 879 πειθομένους,
1352 841 1451 878 μᾶλλον
1476 841 1663 878 πεισθήσεται,
1690 843 1789 880 μᾶλλον

1024 887 1144 927 προσέξει
1163 891 1216 919 τοῖς
1235 887 1393 926 λεγομένοις,
1405 887 1457 916 Καὶ
1470 887 1521 927 γὰρ
1535 888 1579 916 καὶ
1594 889 1607 916 ὁ
1619 887 1686 921 Θεὸς
1701 888 1746 917 καὶ
1760 888 1791 917 τὸ

1023 933 1147 980 κῄρυγμα
1169 932 1258 970 μέλλει
1275 934 1502 978 βλασφηημεῑσθαι,
1515 932 1551 970 μὴ
1573 933 1743 970 πειθομένων.
1755 933 1791 962 Τί

1025 982 1079 1013 οὖν,
1094 979 1183 1018 φησὶν,
1199 978 1229 1006 ἂν
1248 979 1356 1007 ἄπιστοι
1369 980 1434 1006 ὠσιν
1450 979 1474 1006 οἱ
1488 977 1629 1014 δεσπόται;
1643 978 1695 1007 Καὶ
1711 978 1793 1011 οὕτως

1024 1024 1141 1052 ὑπείκειν
1156 1024 1209 1063 χρὴ
1224 1023 1266 1052 διὰ
1279 1023 1309 1052 τὸ
1322 1027 1367 1052 τοῦ
1381 1025 1450 1053 Θεοῦ
1465 1023 1556 1061 ὄνομα,
1572 1025 1607 1053 Οἱ
1621 1023 1672 1063 γὰρ
1686 1023 1792 1057 πιστοὺς

1026 1069 1145 1108 ἔχοντες,
1166 1070 1246 1109 φησὶ,
1262 1069 1403 1103 δεσπότας,
1424 1069 1460 1108 μὴ
1483 1069 1740 1108 καταφρονείτωσαν,
1753 1069 1794 1099 ὅτι

1027 1116 1133 1155 ἀδελφοί
1148 1117 1224 1150 εἶσιν,
1237 1115 1305 1144 ἀλλὰ
1321 1116 1420 1153 μᾶλλον
1436 1115 1638 1151 δουλευέτωσαν,
1653 1114 1692 1144 ὅτι
1705 1115 1795 1144 πιστοί

1029 1163 1078 1191 εἶσι
1098 1162 1143 1190 καὶ
1166 1162 1299 1200 ἀγαπητοὶ
1321 1164 1344 1191 οἱ
1364 1163 1412 1196 τῆς
1434 1160 1582 1201 εὐεργεσίας
1602 1161 1796 1201 ἀντιλαμὸανό-

1030 1219 1112 1245 μενοι.

1077 1579 1150 1608 Ὡσεὶ
1165 1579 1264 1618 ἔλεγεν,
1278 1579 1300 1607 εἷ
1315 1578 1443 1614 τοσαύτης
1460 1577 1590 1614 ἦξιώΟητε
1603 1580 1696 1617 τιμῆς,
1708 1578 1802 1617 φησὶν,

1036 1628 1071 1658 ὡς
1086 1625 1210 1665 ἀδελφοὺς
1227 1626 1295 1664 ἔχειν
1311 1625 1369 1658 τοὺς
1384 1625 1526 1659 δεσπότας,
1542 1625 1584 1653 διὰ
1596 1628 1672 1654 τοῦτο
1688 1625 1804 1664 μάλιστα

1037 1671 1152 1710 ὀφείλετε
1171 1671 1258 1699 εἴκειν.
1274 1671 1453 1710 Προάγουσαι,
1469 1671 1560 1710 φησὶν,
1575 1672 1611 1703 εἷς
1624 1670 1709 1710 κρίσιν
1719 1682 1725 1688 ·
1745 1682 1805 1699 του-

1038 1718 1123 1753 τέστι,
1139 1720 1190 1745 τῶν
1206 1719 1343 1756 πονηρῶν,
1359 1717 1440 1755 φησὶ,
1456 1717 1577 1755 πράξεων
1599 1719 1625 1745 αἱ
1644 1717 1690 1755 μὲν
1708 1717 1805 1746 λανθά-

1038 1774 1124 1792 νουσιν
1138 1758 1204 1798 ὧδε,
1221 1764 1247 1790 αἱ
1263 1763 1289 1790 δὲ
1306 1762 1334 1790 οὔ
1348 1774 1353 1780 ’
1369 1764 1422 1791 ἐκεῖ
1441 1762 1467 1790 δὲ
1488 1762 1545 1790 οὐδὲ
1557 1762 1590 1790 τὰ
1604 1762 1689 1799 κακὰ,
1700 1761 1758 1791 οὐδὲ
1773 1761 1807 1791 τὰ

1039 1808 1107 1837 καλὰ
1130 1810 1218 1837 λαθεῖν
1239 1808 1354 1837 δύναται.
1370 1808 1406 1837 Τί
1421 1810 1489 1844 ἐστι,
1506 1808 1677 1846 Προάγουσαι
1699 1810 1734 1840 εἷς
1749 1807 1806 1848 κρί-

1041 1867 1098 1890 σιν;
1115 1850 1178 1883 Οἶον
1195 1853 1256 1882 ὅταν
1272 1866 1310 1886 τις
1323 1854 1462 1893 ἁμαρτάνῃ
1476 1854 1508 1883 τὰ
1523 1854 1573 1889 ἤδη
1590 1855 1667 1883 αὐτὸν
1681 1853 1809 1893 κατακρί-

1041 1912 1133 1933 νοντα,
1150 1900 1211 1928 ὅταν
1234 1912 1273 1932 τις
1296 1900 1452 1939 ἀδιόρθωτος
1474 1895 1506 1938 ᾗ,
1530 1900 1590 1928 ὅταν
1612 1912 1651 1932 τις
1672 1899 1808 1934 ἐλπίζηται

1043 1946 1247 1985 διορθώσασθαι,
1264 1945 1344 1982 μηδὲν
1362 1944 1389 1974 δὲ
1403 1949 1516 1974 τοιοῦτον
1530 1944 1629 1984 πράξῃ.
1642 1945 1678 1973 Τί
1692 1941 1752 1981 oliv,
1766 1945 1811 1973 καὶ

1043 1992 1107 2031 πρὸς
1124 1991 1149 2019 τί
1164 1994 1240 2020 τοῦτο
1263 1991 1381 2030 εἴρηται;
1396 1990 1462 2019 “Ort
1476 1991 1524 2019 κᾶν
1540 1990 1650 2020 ἐνταῦθά
1672 2002 1740 2023 τινες
1762 1990 1812 2019 λοί-

1044 2041 1137 2073 Οωσιν,
1162 2038 1220 2066 ἀλλ’
1244 2038 1298 2065 ἐκεῖ
1321 2038 1349 2065 οὖ
1371 2037 1515 2072 λήσονται·
1539 2037 1592 2064 ἐκεῖ
1613 2036 1700 2064 πάντα
1726 2035 1813 2074 γυμνά

1046 2086 1125 2112 ἐστιν.
1141 2083 1214 2118 Αὕτη
1230 2083 1257 2111 δὲ
1272 2082 1383 2121 μεγίστη
1399 2082 1552 2122 παραμυθία
1567 2086 1619 2114 τοὶς
1634 2084 1813 2121 κατορθοῦσιν.

1047 2125 1116 2158 Εἶτα
1133 2128 1223 2164 ἐπειδὴ
1240 2124 1310 2163 εἶπε,
1325 2128 1416 2162 Μηδὲν
1441 2127 1509 2156 κατὰ
1530 2128 1711 2166 πρόσκλησιν,
1729 2129 1814 2165 ἀναγ-

1047 2176 1128 2208 καίως
1143 2174 1294 2215 ἑρμηνεύων
1310 2174 1372 2203 αὐτὸ
1395 2174 1512 2213 ἐπήγαγε
1526 2173 1574 2208 τὸ,
1593 2173 1671 2202 ”Οσοι
1694 2173 1743 2202 εἷο-ἰ
1766 2173 1816 2202 ὑπὸ

1048 2223 1122 2261 ζυγὸν
1147 2222 1240 2250 δοῦλοι.
1269 2220 1323 2250 Καὶ
1346 2220 1372 2248 τί
1395 2223 1471 2248 τοῦτο
1495 2220 1560 2258 πρὸς
1583 2219 1625 2248 τὸν
1651 2219 1795 2248 ἐπίσκοπον
1806 2240 1813 2253 ,

1050 2267 1129 2307 φησί,
1144 2267 1195 2295 Καὶ
1214 2266 1298 2299 πάνυ,
1317 2265 1360 2293 ἵνα
1377 2267 1511 2304 παραινῇ,
1528 2264 1570 2292 ἵνα
1591 2264 1636 2293 καὶ
1650 2263 1757 2297 τούτους
1771 2264 1814 2292 δι·-

1051 2314 1144 2351 δοίσκῃ.
1164 2313 1258 2345 Καλῶς
1273 2311 1299 2340 δὲ
1314 2311 1358 2339 καὶ
1371 2312 1482 2339 ἐνταῦθα
1498 2310 1559 2350 περὶ
1572 2310 1669 2339 τούτων
1684 2309 1818 2338 διατάττε-

1051 2372 1103 2388 ται.
1124 2358 1177 2387 Καὶ
1199 2358 1249 2396 γὰρ
1267 2358 1367 2396 ὁρῶμεν
1389 2356 1465 2385 αὐτὸν
1488 2359 1625 2395 πανταχοῦ
1645 2359 1699 2388 τοῖς
1719 2355 1818 2387 δούλοις

1054 2409 1167 2447 μᾶλλον,
1183 2408 1199 2442 ἢ
1222 2411 1274 2439 τοῖς
1295 2406 1433 2438 δεσπόταις
1447 2405 1636 2442 ἐπιτάττοντα,
1653 2405 1697 2434 καὶ
1709 2405 1820 2444 τρόπους
