1893 2860
433 164 467 187 IN
495 163 601 186 EPiST.
631 162 677 184 AD
703 160 821 183 EI‘HES.

63 228 176 268 ὑποψίας
189 229 206 262 ἡ
221 226 318 265 ἄμυνα.
330 225 414 254 τΌταν
429 225 480 264 γὰρ
501 225 524 253 οἱ
545 223 626 262 μηδὲν
639 221 764 253 παθόντες
777 222 827 250 δει-

63 275 106 304 νὸν
115 297 122 310 ,
138 274 180 303 διὰ
192 273 239 308 τὴν
254 271 400 312 ὑπερῧολὴν
414 273 461 306 τῆς
474 272 521 305 σῆς
532 269 672 301 ἐπιεικείας
685 271 720 301 ὡς
736 269 828 302 ἠδικη-

65 319 136 357 μένοι
156 320 305 356 συναλγῶσι
326 317 371 346 καὶ
394 316 586 354 συμπάσχωσι,
609 314 696 350 πάσης
717 312 830 351 ὑποψίας

64 363 166 403 καθαρὰ
178 363 243 399 αὕτη
258 366 275 398 ἠ
288 362 399 392 ἐκδικία.
414 361 450 390 Τι’
461 357 520 395 οὖν,
534 360 564 388 ἂν
577 361 669 398 μηδεὶς
683 359 832 397 ἀμύνηται,

64 409 158 448 φησίν;
171 411 230 438 Οὐκ
249 408 319 438 ἔστιν
341 404 407 436 εἶναι
422 408 534 440 λιθίνους
554 406 718 446 ἀνθρώπους,
733 407 768 437 ὡς
784 417 829 433 το-

65 455 164 489 σαύτην
188 454 342 494 φιλοσοφίαν
361 456 475 493 §ps-‘mac
497 453 532 491 μὴ
557 453 708 490 θαυμάσαι·
724 451 773 479 κᾶν
795 451 830 488 μὴ

65 501 124 530 τότε
144 501 294 539 ἀμύνωσιν,
311 500 418 538 ὕστερον
439 499 510 536 ὅμως
532 499 559 526 ἐν
579 497 740 526 καταστάσει
754 495 830 534 γενό-

67 559 155 586 μενοι,
171 551 246 576 τοῦτο
257 547 419 584 ἐργάσονται,
436 544 599 575 σκώπτοντες
614 545 709 572 ἐκεῖνον
723 542 766 570 καὶ
780 543 832 570 λοι-

67 595 208 633 δοροῦντες.
230 592 284 621 Κᾶν
299 592 385 631 ἕτερος
400 590 427 619 δὲ
445 590 534 628 μηδεὶς
555 589 692 626 θαυμάσῃ,
714 588 790 619 αὐτός
805 598 834 615 σε

66 640 162 671 ἐκεῖνος
183 638 288 669 πάντως
312 636 493 673 θαυμάσεται,
514 634 562 662 κᾶν
584 633 620 671 μὴ
643 634 718 671 λε’γῃ.
734 632 767 660 ‘ll
783 632 834 670 γὰρ

68 688 112 713 τοῦ
126 685 206 712 καλοῦ
223 684 306 722 κρίσις
327 686 406 720 ἡμῖν,
421 680 469 709 κᾶν
484 681 520 711 εἰς
541 679 605 707 αὐτὸ
626 681 674 713 τῆς
697 677 791 710 κακίας
805 677 835 705 τὸ

70 730 199 769 βάραθρον
215 729 329 766 ἔλθωμεν
339 750 346 763 ,
361 726 503 757 ἀδέκαστος
515 725 674 759 καθέστηκεν
683 746 690 759 ,
703 724 732 752 οὐ
747 735 836 761 παρα-ἱ

69 775 218 813 κλινομένη.
231 773 269 802 Ἢ
285 773 328 802 διὰ
347 772 373 800 τί
386 772 429 800 τὸν
443 771 538 810 Κύριον
560 773 635 808 ἡμῶν
651 769 698 801 οἴει
713 769 756 798 τὸν
772 770 835 809 Χρι-

69 820 129 849 στὸν
141 823 223 848 ταῦτα
235 819 329 856 λέγειν,
346 817 409 846 Ἐάν
420 816 460 849 τίς
476 828 505 845 σε
523 815 621 855 ῥαπίσῃ
638 817 673 847 εἷς
687 814 735 850 τὴν
751 813 836 847 δεξιὰν

69 865 192 904 σιαγόνα,
215 864 324 903 στρέψον
342 865 412 902 αὐτῷ
429 862 474 891 καὶ
494 861 541 896 τὴν
564 861 663 896 ἅλλην;
685 862 732 889 οὐκ
746 861 836 896 ἐπειδὴ

68 911 122 950 ὅσῳ
145 910 189 939 ἐάν
208 922 247 942 τις
268 909 435 948 μακρόθυμος
456 907 581 946 γένηται,
605 905 720 945 τοσούτῳ
737 907 835 944 μᾶλλον

70 957 115 985 καὶ
141 955 232 985 ἑαυτὸν
252 957 371 984 κάκεῖνον
389 954 525 993 ὠφέλησεν
546 952 674 991 ὠφέλειαν
696 952 743 987 τὴν
761 952 835 990 μεγί-

846 983 882 1001 ΠΟ

1556 165 1564 183 1
1577 152 1618 197 37

881 227 969 248 autem
979 221 1024 259 qui
1037 221 1110 250 nulla
1125 222 1235 250 affectus
1247 227 1285 250 cst
1300 221 1397 261 injuria
1413 221 1438 250 iu
1450 231 1509 250 eum
1523 222 1620 261 probra

882 267 979 305 ingerit
997 275 1022 296 et
1045 269 1237 305 contumelias,
1263 275 1326 297 tunc
1351 268 1419 296 ultio
1446 275 1483 297 est
1504 269 1622 297 maxime

882 313 966 341 libera
976 313 1010 341 ab
1022 314 1094 342 omui
1107 314 1266 352 suspicione.
1283 313 1399 350 Quando
1411 313 1480 342 enim
1492 314 1536 352 qui
1552 314 1621 342 nihil

883 369 964 397 grave
971 366 1031 388 sunt
1039 360 1120 399 passi,
1134 367 1240 399 propter
1249 370 1381 388 summam
1392 367 1465 388 tuam
1476 360 1622 396 lenitatem,

850 408 867 430 E
884 410 1021 442 tamquam
1032 405 1130 444 injuria
1144 405 1231 434 affecti
1247 405 1327 433 simul
1341 405 1432 433 dolent
1445 412 1471 434 et
1483 405 1623 434 commise-

885 457 994 486 ramur,
1022 451 1056 479 ab
1077 452 1149 479 omni
1174 451 1323 490 suspicione
1338 461 1405 490 pura
1419 452 1477 479 haec
1492 451 1623 480 vindicta.

885 495 959 529 Quid
983 506 1062 533 vcro,
1084 496 1186 534 iuquit,
1209 496 1231 524 si
1257 496 1347 524 nullus
1364 497 1528 525 ulciscatur?
1554 497 1623 525 Fieri

886 550 937 568 non
953 547 1038 579 potest
1053 547 1081 568 ut
1094 541 1214 569 homines
1227 541 1278 568 sint
1292 541 1410 580 lapidei,
1423 548 1448 569 ct
1467 552 1518 570 uon
1535 542 1625 570 admi—

885 592 978 613 rentur
992 585 1113 614 videntes
1128 592 1228 613 tantam
1245 586 1444 624 philosophiam
1460 599 1466 615 ι
1483 587 1541 615 etsi
1563 594 1626 615 tunc

887 639 938 658 non
953 630 1116 658 ulciscantur
1127 652 1135 666 ,
1150 637 1239 668 postea
1256 637 1342 658 tamen
1361 630 1388 658 id
1403 632 1503 659 faciunt
1523 642 1551 659 re
1563 643 1625 670 pcr—

887 685 967 714 pensa
977 697 984 709 ,
999 675 1077 703 illum
1093 675 1234 703 irridentes
1250 682 1275 703 et
1290 675 1440 704 maledictis
1462 684 1624 715 appetentes.

888 723 968 758 Quod
981 723 1002 751 si
1018 723 1097 751 etiam
1112 723 1202 751 nullus
1216 723 1285 751 alius
1298 730 1323 752 te
1337 723 1500 759 admiretur,
1518 724 1563 752 ille
1573 725 1630 764 ipse

856 777 872 799 F
890 776 914 798 to
924 768 1033 798 omnino
1052 769 1245 807 admirabitur,
1267 770 1371 799 etiamsi
1392 780 1443 798 non
1459 769 1539 799 dicat.
1562 771 1631 810 Ejus

890 816 961 844 enim
983 815 1055 854 quod
1080 815 1178 844 bonum
1204 822 1229 844 et
1253 816 1394 845 honestum
1416 823 1455 845 est
1477 817 1628 856 judicium,

890 861 994 890 etiamsi
1022 862 1174 890 venerimus
1195 861 1221 889 iu
1252 862 1340 901 ipsum
1365 862 1426 890 vitii
1447 863 1609 902 profundum
1623 886 1630 900 ‚

891 915 979 936 manet
993 907 1189 946 incorruptum,
1204 918 1251 936 nec
1265 913 1350 946 potest
1363 909 1489 947 perverti.
1504 909 1573 937 Nam
1584 919 1632 938 cur

891 955 1028 983 existimas
1058 955 1206 983 Dominum
1229 961 1350 983 nostrum
1372 956 1462 984 Jesum
1492 956 1631 985 Christum

850 160 927 182 ew.
957 161 1004 182 tv.
1034 161 1150 183 nomn..
1180 161 1253 184 XVI.

71 1014 150 1037 (fr-qu
165 1002 215 1030 Διὰ
228 1003 305 1029 τοῦτο
317 999 436 1038 στρέφειν
449 999 494 1027 καὶ
506 998 552 1033 τὴν
566 998 646 1033 ἄλλην
667 998 836 1032 προσέταξεν,
856 995 875 1032 [x
891 1001 947 1029 haec
957 1000 1062 1037 dicere,
1077 1000 1107 1029 Si
1126 1002 1190 1039 quis
1209 1007 1236 1029 le
1250 1003 1421 1038 percusserit
1438 1003 1469 1028 in
1480 1002 1629 1030 dexteram
1645 1014 1728 1035 Marta.
1747 1012 1768 1034 5.

71 1048 112 1076 ἵνα
127 1047 250 1085 ἐμπλήσῃ
265 1046 312 1081 τὴν
328 1044 468 1082 ἐπιθυμίαν
483 1046 526 1072 τοῦ
540 1043 712 1081 θυμουμένου.
727 1043 776 1076 Τίς
787 1043 838 1081 γὰρ

71 1093 138 1122 οὕτω
156 1093 245 1131 θηρίον
267 1092 354 1127 ἐστίν,
370 1093 404 1123 ὡς
428 1090 464 1128 μὴ
489 1091 648 1129 ἐντραπῆναι
672 1090 783 1124 λοιπόν;
804 1090 839 1117 Οἱ

72 1139 145 1171 κύνες
165 1138 286 1177 λέγονται
307 1141 383 1166 τοῦτο
399 1141 482 1165 ποιεῖν
494 1148 500 1153 ·
515 1136 564 1164 κᾶν
583 1135 634 1174 γὰρ
655 1136 841 1171 ὑλακτήσωσι,

71 1184 117 1213 καὶ
142 1183 272 1212 ἐπέλθωσί
286 1195 353 1218 τινι,
369 1185 382 1211 ὃ
399 1181 425 1211 δὲ
446 1181 537 1211 ὕπτιον
553 1181 629 1221 ῥίψας
651 1181 741 1209 ἑαυτὸν
760 1182 840 1219 μηδὲν

72 1230 230 1269 ἐργάσηται,
254 1229 298 1257 τὸν
325 1228 406 1266 θυμὸν
430 1227 535 1256 ἅπαντα
559 1226 676 1255 ἔσὸεσεν.
701 1228 734 1255 Εἰ
758 1228 842 1255 τοίνυν

71 1278 165 1310 ἐκεῖνοι
181 1276 225 1304 τὸν
240 1277 330 1303 παθεῖν
347 1274 428 1312 Βπαρ’
442 1275 528 1304 αὐτοῖς
548 1273 635 1304 κακῶς
652 1272 756 1309 ἕτοιμον
778 1273 840 1301 δυσ-

71 1324 218 1357 ωποῦνται,
243 1321 334 1358 πολλῷ
357 1321 456 1357 μᾶλλον
479 1318 509 1346 τὸ
531 1319 582 1346 τῶν
606 1317 750 1357 ἀνθρώπιον
771 1318 843 1356 γένος

71 1366 253 1406 λογικώτερον.
274 1365 353 1394 Ἀλλὰ
378 1364 428 1404 γὰρ
442 1363 511 1397 ἄξιον
534 1364 563 1392 τὸ
583 1362 675 1401 μικρὸν
695 1363 842 1402 ἔμπροσθεν

72 1414 109 1446 εἷς
123 1412 230 1450 μνήμην
255 1411 342 1446 ἐλθὸν,
363 1409 409 1438 καὶ
430 1411 466 1442 εἷς
488 1409 634 1448 μαρτυρίαν
652 1409 788 1445 ἑλκυσθὲν,
806 1409 842 1446 μὴ

72 1459 201 1498 παριδεῖν.
223 1457 259 1486 Τί
283 1456 314 1492 δὴ
331 1456 406 1485 τοῦτό
433 1457 519 1491 ἐστιν;
541 1454 686 1492 Ἐλέγομεν
705 1454 765 1494 περὶ
791 1457 842 1483 τῶν

72 1505 205 1536 Ἰουδαίων
228 1503 272 1532 καὶ
293 1505 346 1532 τῶν
373 1502 508 1541 ἀρχόντων
528 1502 581 1529 τῶν
603 1501 667 1540 παρ’
683 1502 787 1536 αὐτοῖς,
803 1502 843 1530 ὅτι

72 1551 241 1580 ἐνεκαλοῦντο
253 1551 287 1581 ὡς
303 1548 439 1580 διώκοντες
456 1546 629 1584 ἀνταπόδομα
641 1558 646 1564 ·
662 1546 748 1576 καίτοι
767 1551 843 1576 τοῦτο

71 1598 86 1625 ὁ
99 1596 177 1634 νόμος
192 1597 277 1627 αὐτοῖς
293 1595 445 1633 ἐπέτρεπεν,
458 1593 612 1632 Ὀφθαλμὸν
625 1593 682 1622 ἀντὶ
695 1594 840 1632 ὀφθαλμοῦ,

73 1642 118 1671 καὶ
138 1641 230 1670 ὀδόντα
245 1642 302 1670 ἀντὶ
317 1641 419 1672 ὀδόντος
431 1652 437 1658 ·
453 1641 510 1668 ἀλλ’
527 1641 575 1678 οὐχ
591 1639 633 1667 ἵνα
647 1639 704 1672 τοὺς
720 1640 842 1674 ἀλλήλων

73 1687 244 1728 ἐξορύττωσιν
256 1686 413 1727 ὀφθαλμοὺς,
426 1687 483 1715 ἀλλ’
495 1684 538 1714 ἵνα
550 1685 623 1724 φόῧῳ
635 1689 679 1714 τοῦ
692 1688 783 1714 παθεῖν
794 1685 842 1720 τὴν

73 1737 118 1763 τοῦ
140 1738 222 1762 ποιεῖν
245 1733 333 1762 ἄδειαν
359 1731 525 1771 ἐπισχόντες,
549 1731 616 1769 μήτε
638 1731 800 1769 ἓργοίζωνταί
816 1743 841 1759 τι

73 1779 154 1808 κακὸν
176 1778 290 1819 ἑτέρους,
314 1777 381 1817 μήτε
399 1777 538 1816 πάσχ’ωσιν
555 1776 626 1805 αὐτοὶ
650 1778 713 1816 παρ’
732 1776 838 1816 ἑτέρων.

73 1824 124 1854 Διὰ
140 1827 216 1853 τοῦτο
230 1819 314 1860 εἶπεν,
330 1823 484 1863 Ὀφθαλμὸν
499 1822 556 1851 ἀντὶ
568 1823 717 1861 ὀφθαλμοῦ,
732 1821 775 1850 ἵνα
793 1823 839 1855 τὰς

73 1870 172 1900 ἐκείνου
193 1869 260 1908 δήσῃ
283 1873 386 1908 χεῖρας,
403 1869 451 1907 οὐχ
464 1864 507 1896 ἵνα
527 1866 574 1900 τὰς
593 1867 640 1900 σὰς
661 1867 839 1907 ἀντεξαγοίγῃ,

73 1918 122 1956 οὐχ
134 1915 178 1945 ἵνα
190 1917 242 1944 τῶν
257 1917 310 1944 σῶν
328 1915 469 1953 ὀφθαλμῶν
483 1913 592 1952 ἀπείρξῃ
609 1913 657 1947 τὴν
672 1913 773 1951 βλοίὸην
790 1914 839 1951 μό-

73 1973 130 1998 νον,
143 1962 200 1989 om:
211 1960 254 1989 ἵνα
266 1960 310 1989 καὶ
323 1959 383 1992 τοὺς
395 1959 492 1988 ἐκείνου
505 1958 652 1998 διατηρήσῃ
666 1958 757 1992 σώους.
769 1959 839 1988 Ἀλλ’

73 2006 138 2045 ὅπερ
151 2006 274 2042 ἐζήτουν,
287 2005 355 2038 τίνος
376 2004 461 2033 ἕνεκεν
483 2004 722 2042 συγκεχωρημένης
740 2003 840 2042 ἀμύνης

75 2053 242 2081 ἐνεκαλοῦντο
265 2053 289 2079 οἱ
311 2052 349 2089 τῷ
373 2049 512 2089 πράγματι
534 2048 692 2087 κεχρημένοι
698 2061 706 2086 5
728 2049 754 2077 τί
776 2061 840 2078 ποτε

73 2098 150 2128 τοῦτό
167 2100 238 2132 ἐστι;
262 2097 302 2125 Τὸ
320 2095 481 2133 μνησίκακον
502 2095 613 2123 ἐνταῦθα
629 2106 716 2133 φησιν.
735 2094 839 2128 Εὐθέως

74 2143 122 2183 μὲν
144 2143 194 2182 γὰρ
208 2143 252 2171 τὸν
267 2141 383 2171 παθόντα
401 2142 496 2179 δρᾶσαι
513 2144 658 2179 συγχωρεῖ,
679 2140 744 2178 ὅπερ
759 2140 838 2179 ἔφην,

73 2189 192 2229 κατέχων
217 2190 333 2217 ἐκεῖνον·
359 2191 531 2226 μνησικακεῖν
554 2187 580 2214 δὲ
603 2186 691 2215 οὐκέτι
716 2186 839 2225 ἀφίησιν·

73 2236 161 2266 οὐκέτι
173 2235 224 2274 γὰρ
235 2234 264 2262 τὸ
280 2234 392 2274 πρᾶγμά
406 2235 461 2262 ε’στι
474 2236 518 2262 τοῦ
531 2235 626 2270 θυμοῦ,
639 2232 696 2261 οὐδὲ
710 2234 756 2267 τῆς
767 2231 840 2266 ζεού-

73 2294 122 2317 σης
136 2281 248 2320 Ι’ὀρ-(ἥς,
263 2280 331 2309 ἀλλὰ
354 2279 478 2318 πονηρίας
495 2278 719 2317 μεμελετημένης.
740 2279 838 2317 Συγγι-

74 2330 169 2359 νώσκει
183 2329 210 2358 δὲ
220 2331 234 2358 ὃ
248 2329 314 2362 Θεὸς
328 2332 381 2361 τοῖς
396 2328 448 2357 ἀπὸ
462 2330 508 2362 τῆς
525 2327 649 2366 ἐπηρείας
664 2327 726 2359 ἴσως
741 2338 839 2366 συναρ-

74 2382 212 2415 πασθεῖσι,
228 2378 273 2407 καὶ
287 2378 331 2407 ἐπὶ
350 2377 397 2413 τὴν
412 2378 513 2415 ἄμυναν
531 2376 686 2416 ὡρμηκόσι·
705 2376 744 2405 διὸ
753 2375 840 2413 λέγει,

106 2480 116 2491 ·
135 2472 384 2506 [Itulubi'mnterleg.
394 2475 451 2507 παρ’
461 2475 540 2498 αὐτῶν.
553 2473 670 2498 nun-vus.
681 2472 739 2496 Mox
750 2479 830 2504 marg.

74 2511 150 2536 smil.
163 2517 223 2544 πόσῳ
234 2511 344 2545 μᾶλλο-μ]

259 2569 332 2588 ὙΟΜ.
358 2570 400 2588 xl.

892 1048 1048 1076 maxillam
1071 1054 1161 1082 tuam,
1179 1049 1275 1086 proebe
1297 1049 1324 1075 ei
1346 1054 1372 1075 et
1382 1047 1528 1076 alteram?
1546 1059 1630 1077 nonne

892 1092 1018 1132 quoniam
1029 1093 1050 1120 si
1063 1092 1123 1130 quis
1134 1092 1213 1120 suerit
1222 1092 1289 1120 lenis
1301 1099 1325 1120 et
1336 1092 1450 1131 patiens,
1462 1103 1492 1121 eo
1505 1094 1633 1132 majorem

894 1146 919 1168 et
943 1139 995 1167 sibi
1016 1146 1040 1167 et
1060 1139 1099 1166 illi
1122 1138 1239 1166 attulerit
1258 1138 1418 1167 utilitatem?
1442 1139 1584 1178 Propterea
1609 1148 1634 1170 et

895 1185 973 1214 aliam
986 1185 1065 1223 jussit
1079 1184 1234 1219 obvertere,
1252 1191 1281 1212 ut
1295 1185 1352 1223 ejus
1373 1185 1419 1223 qui
1435 1185 1559 1214 irascitur
1579 1187 1634 1215 im-

896 1231 967 1270 pleat
983 1229 1168 1269 cupiditatem.
1195 1229 1262 1264 Quis
1275 1230 1345 1258 enim
1362 1237 1399 1258 est
1418 1231 1485 1259 adeo
1500 1232 1589 1269 serus,
1607 1239 1636 1261 ut

893 1277 950 1315 jam
961 1275 1065 1315 pudore
1075 1285 1127 1303 non
1141 1275 1336 1304 suffundatur?
1347 1276 1432 1304 Canes
1445 1277 1573 1306 dicuntur
1585 1278 1635 1307 hoe

896 1322 980 1350 facere
997 1333 1002 1349 :
1016 1321 1037 1349 si
1052 1321 1149 1349 latrent
1164 1328 1189 1348 et
1205 1320 1350 1356 invadant,
1367 1321 1389 1349 is
1409 1328 1497 1350 autem
1509 1323 1550 1351 cui
1565 1324 1636 1352 alla-

895 1374 965 1396 traut
976 1389 985 1402 ,
999 1377 1025 1394 se
1041 1366 1170 1405 supinum
1181 1366 1307 1405 abjecerit
1321 1373 1346 1394 et
1358 1366 1425 1394 nihil
1439 1368 1527 1396 fecerit
1536 1391 1543 1404 ,
1553 1375 1637 1397 totam

896 1412 963 1440 iram
978 1411 1134 1450 exstinguit.
1157 1411 1185 1440 Si
1198 1421 1260 1449 ergo
1272 1411 1312 1439 illi
1334 1422 1393 1440 eum
1404 1413 1449 1450 qui
1467 1413 1501 1441 ab
1514 1414 1577 1453 ipsis
1587 1426 1638 1453 pa*

895 1465 968 1487 ratus
983 1464 1021 1486 est
1036 1457 1089 1496 pati
1101 1464 1272 1495 reverentur,
1291 1457 1376 1486 multo
1396 1458 1482 1497 magis
1492 1469 1575 1498 genus
1587 1461 1638 1489 liu-

895 1514 1004 1533 manum
1027 1503 1100 1541 quod
1120 1510 1158 1531 est
1181 1503 1267 1542 magis
1287 1503 1421 1542 particeps
1441 1505 1560 1534 rationis.
1584 1506 1638 1535 Sed

895 1559 980 1588 operae
999 1547 1116 1587 pretium
1136 1554 1240 1576 estnon
1255 1547 1390 1587 praeterire
1411 1548 1439 1576 id
1458 1549 1530 1587 quod
1553 1560 1638 1589 nuper

895 1595 968 1623 venit
981 1594 1008 1622 iu
1020 1600 1134 1621 mentem
1145 1616 1152 1629 ,
1166 1600 1191 1621 et
1201 1592 1349 1621 adductum
1359 1594 1431 1622 estin
1444 1595 1636 1624 testimonium.

895 1640 969 1675 Quid
986 1640 1036 1668 hoc
1059 1639 1119 1668 est}J
1137 1639 1300 1668 Dicebamus
1322 1639 1357 1668 de
1375 1639 1477 1669 Judaeis
1496 1648 1521 1670 et
1544 1652 1637 1670 eorum

894 1686 1076 1726 principibus,
1098 1685 1170 1724 quod
1184 1693 1361 1724 arguerentur
1381 1693 1409 1715 ut
1431 1687 1478 1725 qui
1492 1698 1635 1727 perseque—

894 1739 987 1761 rentur
1001 1732 1098 1760 similis
1112 1742 1196 1771 poenae
1212 1732 1367 1760 relationem
1381 1739 1406 1761 et
1422 1733 1549 1762 talionem
1563 1746 1568 1761 :
1587 1734 1636 1763 etsi

894 1779 938 1807 lex
948 1778 985 1807 eis
998 1778 1170 1818 permittebat
1181 1798 1190 1812 ,
1202 1778 1327 1806 Oculum
1337 1788 1390 1816 pro
1406 1779 1506 1814 oculo,
1520 1780 1634 1808 (lentem

892 1835 944 1863 pro
967 1825 1068 1857 dente;
1083 1823 1130 1852 sed.
1149 1833 1200 1853 non
1223 1829 1254 1850 ut
1268 1823 1335 1851 alter
1345 1823 1454 1852 alterius
1469 1824 1560 1853 oculos
1569 1826 1634 1854 csso-

894 1871 997 1907 derent,
1010 1880 1103 1899 verum
1115 1876 1144 1898 ut
1157 1876 1229 1898 metu
1247 1869 1375 1908 patiendi,
1388 1869 1506 1898 cohibita
1519 1871 1632 1900 faciendi

894 1916 1020 1953 audacia,
1034 1925 1119 1953 neque
1129 1914 1232 1953 aliquid
1245 1914 1309 1942 mali
1324 1915 1439 1943 facerent
1452 1915 1527 1952 aliis,
1550 1927 1635 1954 neque

894 1962 946 2002 ipsi
957 1968 1110 2001 paterentur
1123 1960 1158 1988 ab
1171 1960 1240 1988 aliis.
1254 1961 1396 1998 Propterea
1409 1960 1481 1988 dixit
1492 1972 1497 1988 ε
1511 1962 1634 1991 Oculum

892 2019 945 2048 pro
955 2008 1039 2036 oculo
1052 2019 1060 2034 .·
1075 2013 1105 2034 ut
1117 2005 1191 2034 illius
1208 2005 1302 2043 ligaret
1320 2015 1431 2043 manus,
1455 2016 1506 2035 non
1526 2014 1555 2035 ut
1575 2014 1635 2037 tuas

894 2061 984 2083 contra
1005 2052 1128 2082 educeret
1143 2063 1151 2087 ;
1166 2061 1218 2079 non
1234 2057 1263 2079 ut
1277 2050 1363 2079 solum
1379 2058 1479 2079 arceret
1494 2052 1635 2082 oculorum

894 2108 1001 2129 tuorum
1022 2108 1132 2134 noxam,
1149 2096 1196 2125 sed
1213 2103 1242 2124 ut
1253 2096 1332 2124 etiam
1352 2096 1426 2125 illius
1438 2098 1528 2126 oculos
1545 2098 1634 2127 salvos

893 2151 1068 2176 conservaret.
1091 2142 1144 2171 Sed
1167 2141 1239 2181 quod
1260 2141 1413 2180 quaerebam
1427 2164 1434 2179 ‚
1459 2153 1576 2181 quanam
1599 2144 1634 2173 de

894 2202 972 2221 causa
988 2200 1049 2219 cum
1073 2189 1110 2217 eis
1130 2198 1252 2217 concessa
1274 2194 1341 2216 esset
1357 2187 1437 2225 ultio,
1454 2189 1634 2227 arguebantur

894 2237 941 2276 qui
955 2247 985 2265 ca
1001 2235 1041 2264 usi
1051 2234 1132 2264 sunt?
1144 2233 1272 2272 quidnam
1284 2233 1335 2261 hoc
1348 2240 1386 2261 est
1399 2233 1411 2261 Ξ)
1427 2234 1478 2263 Hic
1487 2234 1553 2263 dicit
1564 2235 1635 2274 inju—

895 2283 941 2311 riae
956 2288 1068 2320 acceptae
1081 2279 1246 2308 memoriam.
1264 2279 1333 2307 Nam
1348 2279 1468 2308 concedit
1484 2279 1593 2318 quidem
1606 2289 1635 2310 ut

859 2332 876 2354 D
894 2329 940 2368 qui
952 2337 1044 2367 passus
1053 2333 1102 2364 est,
1114 2326 1204 2354 statim
1215 2331 1287 2363 agat,
1299 2324 1387 2360 illum,
1400 2332 1429 2354 ut
1439 2325 1509 2362 dixi,
1521 2327 1635 2356 retinens

893 2385 924 2404 ac
935 2373 1080 2414 reprimens
1087 2384 1095 2410 ;
1106 2382 1157 2400 non
1170 2370 1301 2411 permittit
1310 2377 1398 2399 autem
1410 2371 1635 2412 injuriaeacceptae

857 1878 875 1901 C

914 2470 926 2488 ιι
945 2468 1027 2502 [ὁρμῆς
1038 2475 1117 2499 marg.
1137 2464 1224 2497 Savil.,
1241 2464 1309 2497 quod
1321 2470 1345 2489 et
1359 2465 1487 2498 Inter-pres
1502 2466 1587 2499 legisse
1605 2466 1641 2491 vi-

880 2508 977 2540 detur-‚J

1486 2555 1523 2581 10

1643 1048 1682 1077 39.

1649 1801 1717 1821 Leuit.
1734 1800 1770 1830 273.

1650 1837 1685 1853 10.
1719 1833 1786 1852 Herm

1649 1869 1684 1893 ¹9.
1703 1870 1741 1885 21·
