<?xml version="1.0" encoding="UTF-8"?>
<!DOCTYPE html PUBLIC "-//W3C//DTD XHTML 1.0 Transitional//EN"
    "http://www.w3.org/TR/xhtml1/DTD/xhtml1-transitional.dtd">
<html xmlns="http://www.w3.org/1999/xhtml" xml:lang="en" lang="en">
 <head>
  <title>
</title>
<meta http-equiv="Content-Type" content="text/html;charset=utf-8" />
  <meta name='ocr-system' content='tesseract 3.04.00' />
  <meta name='ocr-capabilities' content='ocr_page ocr_carea ocr_par ocr_line ocrx_word'/>
</head>
<body>
  <div class='ocr_page' id='page_1' title='image "./operaomniaquaeex11johnuoft/operaomniaquaeex11johnuoft_0790.png"; bbox 0 0 1893 2860; ppageno 0'>
   <div class='ocr_carea' id='block_1_1' title="bbox 75 401 213 441">
    <p class='ocr_par' dir='ltr' id='par_1_1' title="bbox 75 401 213 441">
     <span class='ocr_line' id='line_1_1' title="bbox 75 401 213 423; baseline -0.007 -1"><span class='ocrx_word' id='word_1_1' title='bbox 75 401 160 422; x_wconf 57' lang='lat' dir='ltr'>Mardi.</span> <span class='ocrx_word' id='word_1_2' title='bbox 178 407 213 423; x_wconf 82' lang='lat' dir='ltr'>ro.</span> 
     </span>
     <span class='ocr_line' id='line_1_2' title="bbox 78 433 83 441; baseline -0.4 1"><span class='ocrx_word' id='word_1_3' title='bbox 78 433 83 441; x_wconf 48' lang='grc' dir='ltr'>ι</span> 
     </span>
    </p>
   </div>
   <div class='ocr_carea' id='block_1_2' title="bbox 77 676 214 699">
    <p class='ocr_par' dir='ltr' id='par_1_2' title="bbox 77 676 214 699">
     <span class='ocr_line' id='line_1_3' title="bbox 77 676 214 699; baseline 0 -1"><span class='ocrx_word' id='word_1_4' title='bbox 77 679 135 699; x_wconf 58' lang='lat' dir='ltr'>Mitt,</span> <span class='ocrx_word' id='word_1_5' title='bbox 147 676 184 698; x_wconf 88' lang='lat'>23.</span> <span class='ocrx_word' id='word_1_6' title='bbox 193 683 214 698; x_wconf 79' lang='lat'>2.</span> 
     </span>
    </p>
   </div>
   <div class='ocr_carea' id='block_1_3' title="bbox 78 1463 149 1485">
    <p class='ocr_par' dir='ltr' id='par_1_3' title="bbox 78 1463 149 1485">
     <span class='ocr_line' id='line_1_4' title="bbox 78 1463 149 1485; baseline -0.028 0"><span class='ocrx_word' id='word_1_7' title='bbox 78 1463 149 1485; x_wconf 67' lang='lat' dir='ltr'>Num.</span> 
     </span>
    </p>
   </div>
   <div class='ocr_carea' id='block_1_4' title="bbox 181 1469 219 1484">
    <p class='ocr_par' dir='ltr' id='par_1_4' title="bbox 181 1469 219 1484">
     <span class='ocr_line' id='line_1_5' title="bbox 181 1469 219 1484; baseline -0.026 0"><span class='ocrx_word' id='word_1_8' title='bbox 181 1469 219 1484; x_wconf 86' lang='lat'>22.</span> 
     </span>
    </p>
   </div>
   <div class='ocr_carea' id='block_1_5' title="bbox 84 1742 207 1771">
    <p class='ocr_par' dir='ltr' id='par_1_5' title="bbox 84 1742 207 1771">
     <span class='ocr_line' id='line_1_6' title="bbox 84 1742 207 1771; baseline 0.008 -9"><span class='ocrx_word' id='word_1_9' title='bbox 84 1742 169 1763; x_wconf 66' lang='lat' dir='ltr'>Matth.</span> <span class='ocrx_word' id='word_1_10' title='bbox 185 1749 207 1771; x_wconf 75' lang='lat'>7.</span> 
     </span>
    </p>
   </div>
   <div class='ocr_carea' id='block_1_6' title="bbox 82 1774 230 2358">
    <p class='ocr_par' dir='ltr' id='par_1_6' title="bbox 82 1774 230 2358">
     <span class='ocr_line' id='line_1_7' title="bbox 82 1774 120 1794; baseline 0 0"><span class='ocrx_word' id='word_1_11' title='bbox 82 1774 120 1794; x_wconf 69' lang='lat'>²5.</span> 
     </span>
     <span class='ocr_line' id='line_1_8' title="bbox 88 2013 215 2045; baseline 0.016 -10"><span class='ocrx_word' id='word_1_12' title='bbox 88 2021 106 2035; x_wconf 86' lang='lat'>1.</span> <span class='ocrx_word' id='word_1_13' title='bbox 120 2013 215 2045; x_wconf 58' lang='grc' dir='ltr'>σωκ-43</span> 
     </span>
     <span class='ocr_line' id='line_1_9' title="bbox 88 2110 208 2138; baseline 0.008 -8"><span class='ocrx_word' id='word_1_14' title='bbox 88 2110 153 2131; x_wconf 66' lang='lat' dir='ltr'>Rani.</span> <span class='ocrx_word' id='word_1_15' title='bbox 174 2111 208 2138; x_wconf 72' lang='grc'>14.</span> 
     </span>
     <span class='ocr_line' id='line_1_10' title="bbox 89 2146 124 2162; baseline 0 0"><span class='ocrx_word' id='word_1_16' title='bbox 89 2146 124 2162; x_wconf 83' lang='grc'>10.</span> 
     </span>
     <span class='ocr_line' id='line_1_11' title="bbox 91 2334 230 2358; baseline 0.014 -2"><span class='ocrx_word' id='word_1_17' title='bbox 91 2334 159 2357; x_wconf 70' lang='lat' dir='ltr'>Num.</span> <span class='ocrx_word' id='word_1_18' title='bbox 195 2335 230 2358; x_wconf 81' lang='lat'>16.</span> 
     </span>
    </p>
   </div>
   <div class='ocr_carea' id='block_1_7' title="bbox 231 151 971 186">
    <p class='ocr_par' dir='ltr' id='par_1_7' title="bbox 231 151 971 186">
     <span class='ocr_line' id='line_1_12' title="bbox 231 151 971 186; baseline 0 -13"><span class='ocrx_word' id='word_1_19' title='bbox 231 154 298 186; x_wconf 49' lang='lat'><strong><em>‘¹³20</em></strong></span> <span class='ocrx_word' id='word_1_20' title='bbox 569 153 596 173; x_wconf 78' lang='lat' dir='ltr'>S.</span> <span class='ocrx_word' id='word_1_21' title='bbox 625 152 763 174; x_wconf 57' lang='lat' dir='ltr'>minuis</span> <span class='ocrx_word' id='word_1_22' title='bbox 790 151 971 174; x_wconf 65' lang='lat' dir='ltr'><strong>CHRYSOST·</strong></span> 
     </span>
    </p>
   </div>
   <div class='ocr_carea' id='block_1_8' title="bbox 225 211 970 1300">
    <p class='ocr_par' dir='ltr' id='par_1_8' title="bbox 225 211 970 1300">
     <span class='ocr_line' id='line_1_13' title="bbox 228 211 966 250; baseline -0.004 -9"><span class='ocrx_word' id='word_1_23' title='bbox 228 215 295 241; x_wconf 84' lang='lat' dir='ltr'>Cum</span> <span class='ocrx_word' id='word_1_24' title='bbox 308 213 378 241; x_wconf 84' lang='lat' dir='ltr'>enim</span> <span class='ocrx_word' id='word_1_25' title='bbox 387 212 484 249; x_wconf 81' lang='lat' dir='ltr'>aliquis</span> <span class='ocrx_word' id='word_1_26' title='bbox 495 212 538 250; x_wconf 87' lang='lat' dir='ltr'>pie</span> <span class='ocrx_word' id='word_1_27' title='bbox 549 222 612 250; x_wconf 79' lang='lat' dir='ltr'>erga</span> <span class='ocrx_word' id='word_1_28' title='bbox 622 211 785 240; x_wconf 81' lang='lat' dir='ltr'>sacerdotem</span> <span class='ocrx_word' id='word_1_29' title='bbox 796 212 906 239; x_wconf 79' lang='lat' dir='ltr'>affectus</span> <span class='ocrx_word' id='word_1_30' title='bbox 917 217 966 248; x_wconf 81' lang='lat' dir='ltr'>cst,</span> 
     </span>
     <span class='ocr_line' id='line_1_14' title="bbox 227 257 968 297; baseline -0.004 -9"><span class='ocrx_word' id='word_1_31' title='bbox 227 261 312 288; x_wconf 85' lang='lat' dir='ltr'>multo</span> <span class='ocrx_word' id='word_1_32' title='bbox 331 259 417 297; x_wconf 77' lang='lat' dir='ltr'>magis</span> <span class='ocrx_word' id='word_1_33' title='bbox 439 268 501 296; x_wconf 78' lang='lat' dir='ltr'>erga</span> <span class='ocrx_word' id='word_1_34' title='bbox 523 259 610 286; x_wconf 88' lang='lat' dir='ltr'>Deum</span> <span class='ocrx_word' id='word_1_35' title='bbox 631 258 772 287; x_wconf 82' lang='lat' dir='ltr'>afficietur.</span> <span class='ocrx_word' id='word_1_36' title='bbox 788 257 903 286; x_wconf 78' lang='lat' dir='ltr'>Etiamsi</span> <span class='ocrx_word' id='word_1_37' title='bbox 918 257 968 285; x_wconf 86' lang='lat' dir='ltr'>im-</span> 
     </span>
     <span class='ocr_line' id='line_1_15' title="bbox 229 304 967 345; baseline 0 -13"><span class='ocrx_word' id='word_1_38' title='bbox 229 307 328 345; x_wconf 77' lang='lat' dir='ltr'>probus</span> <span class='ocrx_word' id='word_1_39' title='bbox 339 305 462 334; x_wconf 77' lang='lat' dir='ltr'>sacerdos</span> <span class='ocrx_word' id='word_1_40' title='bbox 479 305 575 339; x_wconf 84' lang='lat' dir='ltr'>suerit,</span> <span class='ocrx_word' id='word_1_41' title='bbox 594 307 665 334; x_wconf 89' lang='lat' dir='ltr'>Deus</span> <span class='ocrx_word' id='word_1_42' title='bbox 678 305 773 334; x_wconf 82' lang='lat' dir='ltr'>videns</span> <span class='ocrx_word' id='word_1_43' title='bbox 787 312 812 333; x_wconf 85' lang='lat' dir='ltr'>te</span> <span class='ocrx_word' id='word_1_44' title='bbox 824 305 851 333; x_wconf 89' lang='lat' dir='ltr'>in</span> <span class='ocrx_word' id='word_1_45' title='bbox 866 305 906 333; x_wconf 88' lang='lat' dir='ltr'>sui</span> <span class='ocrx_word' id='word_1_46' title='bbox 920 304 967 333; x_wconf 72' lang='lat' dir='ltr'>lio-</span> 
     </span>
     <span class='ocr_line' id='line_1_16' title="bbox 228 350 968 389; baseline -0.001 -10"><span class='ocrx_word' id='word_1_47' title='bbox 228 362 318 379; x_wconf 85' lang='lat' dir='ltr'>uorem</span> <span class='ocrx_word' id='word_1_48' title='bbox 336 351 412 379; x_wconf 78' lang='lat' dir='ltr'>illum</span> <span class='ocrx_word' id='word_1_49' title='bbox 432 350 573 389; x_wconf 82' lang='lat' dir='ltr'>indignum</span> <span class='ocrx_word' id='word_1_50' title='bbox 585 350 686 379; x_wconf 81' lang='lat' dir='ltr'>honore</span> <span class='ocrx_word' id='word_1_51' title='bbox 696 351 808 387; x_wconf 83' lang='lat' dir='ltr'>afficere,</span> <span class='ocrx_word' id='word_1_52' title='bbox 820 350 968 379; x_wconf 84' lang='lat' dir='ltr'>mercedem</span> 
     </span>
     <span class='ocr_line' id='line_1_17' title="bbox 228 397 966 436; baseline 0.001 -11"><span class='ocrx_word' id='word_1_53' title='bbox 228 398 276 425; x_wconf 91' lang='lat' dir='ltr'>tibi</span> <span class='ocrx_word' id='word_1_54' title='bbox 299 397 402 425; x_wconf 80' lang='lat' dir='ltr'>reddet.</span> <span class='ocrx_word' id='word_1_55' title='bbox 430 397 459 426; x_wconf 89' lang='lat' dir='ltr'>Si</span> <span class='ocrx_word' id='word_1_56' title='bbox 483 397 554 426; x_wconf 85' lang='lat' dir='ltr'>enim</span> <span class='ocrx_word' id='word_1_57' title='bbox 577 398 635 436; x_wconf 79' lang='lat' dir='ltr'>Qui</span> <span class='ocrx_word' id='word_1_58' title='bbox 657 400 759 436; x_wconf 73' lang='lat' dir='ltr'>recipit</span> <span class='ocrx_word' id='word_1_59' title='bbox 777 399 966 436; x_wconf 79' lang='lat' dir='ltr'>prophetam,</span> 
     </span>
     <span class='ocr_line' id='line_1_18' title="bbox 227 443 968 482; baseline 0.001 -11"><span class='ocrx_word' id='word_1_60' title='bbox 227 443 323 481; x_wconf 82' lang='lat' dir='ltr'>iuquit,</span> <span class='ocrx_word' id='word_1_61' title='bbox 337 445 367 471; x_wconf 82' lang='lat' dir='ltr'>in</span> <span class='ocrx_word' id='word_1_62' title='bbox 380 445 497 472; x_wconf 80' lang='lat' dir='ltr'>nomine</span> <span class='ocrx_word' id='word_1_63' title='bbox 507 445 664 482; x_wconf 78' lang='lat' dir='ltr'>prophetae,</span> <span class='ocrx_word' id='word_1_64' title='bbox 680 444 837 472; x_wconf 80' lang='lat' dir='ltr'><strong><em>mercedem</em></strong></span> <span class='ocrx_word' id='word_1_65' title='bbox 849 445 968 482; x_wconf 81' lang='lat' dir='ltr'>prophe—</span> 
     </span>
     <span class='ocr_line' id='line_1_19' title="bbox 226 489 966 528; baseline -0.001 -11"><span class='ocrx_word' id='word_1_66' title='bbox 226 496 262 517; x_wconf 71' lang='lat' dir='ltr'>tae</span> <span class='ocrx_word' id='word_1_67' title='bbox 273 491 396 527; x_wconf 77' lang='lat' dir='ltr'>accipiet</span> <span class='ocrx_word' id='word_1_68' title='bbox 417 501 426 516; x_wconf 91' lang='lat'><em>:</em></span> <span class='ocrx_word' id='word_1_69' title='bbox 451 489 532 517; x_wconf 86' lang='lat' dir='ltr'>etiam</span> <span class='ocrx_word' id='word_1_70' title='bbox 553 489 598 527; x_wconf 88' lang='lat' dir='ltr'>qui</span> <span class='ocrx_word' id='word_1_71' title='bbox 614 489 743 526; x_wconf 80' lang='lat' dir='ltr'>honorat,</span> <span class='ocrx_word' id='word_1_72' title='bbox 763 489 809 528; x_wconf 85' lang='lat' dir='ltr'>qui</span> <span class='ocrx_word' id='word_1_73' title='bbox 823 489 903 525; x_wconf 83' lang='lat' dir='ltr'><strong>cedit,</strong></span> <span class='ocrx_word' id='word_1_74' title='bbox 919 489 966 527; x_wconf 85' lang='lat' dir='ltr'>qui</span> 
     </span>
     <span class='ocr_line' id='line_1_20' title="bbox 225 536 966 575; baseline 0 -11"><span class='ocrx_word' id='word_1_75' title='bbox 225 536 400 575; x_wconf 72' lang='lat' dir='ltr'>obtemperat,</span> <span class='ocrx_word' id='word_1_76' title='bbox 411 536 512 565; x_wconf 83' lang='lat' dir='ltr'>scilicet</span> <span class='ocrx_word' id='word_1_77' title='bbox 525 536 668 566; x_wconf 82' lang='lat' dir='ltr'>sacerdoti.</span> <span class='ocrx_word' id='word_1_78' title='bbox 684 537 752 565; x_wconf 88' lang='lat' dir='ltr'>Nam</span> <span class='ocrx_word' id='word_1_79' title='bbox 766 537 787 564; x_wconf 89' lang='lat' dir='ltr'>si</span> <span class='ocrx_word' id='word_1_80' title='bbox 802 536 849 564; x_wconf 90' lang='lat' dir='ltr'>ubi</span> <span class='ocrx_word' id='word_1_81' title='bbox 863 536 897 565; x_wconf 90' lang='lat' dir='ltr'>de</span> <span class='ocrx_word' id='word_1_82' title='bbox 915 536 966 564; x_wconf 87' lang='lat' dir='ltr'>ho-</span> 
     </span>
     <span class='ocr_line' id='line_1_21' title="bbox 227 583 966 622; baseline 0 -12"><span class='ocrx_word' id='word_1_83' title='bbox 227 583 371 621; x_wconf 82' lang='lat' dir='ltr'>spitalitate</span> <span class='ocrx_word' id='word_1_84' title='bbox 381 583 477 621; x_wconf 83' lang='lat' dir='ltr'>agitur,</span> <span class='ocrx_word' id='word_1_85' title='bbox 489 583 596 621; x_wconf 86' lang='lat' dir='ltr'>quando</span> <span class='ocrx_word' id='word_1_86' title='bbox 608 593 659 611; x_wconf 91' lang='lat' dir='ltr'>non</span> <span class='ocrx_word' id='word_1_87' title='bbox 676 590 769 611; x_wconf 91' lang='lat' dir='ltr'>notum</span> <span class='ocrx_word' id='word_1_88' title='bbox 785 583 834 611; x_wconf 86' lang='lat' dir='ltr'>tibi</span> <span class='ocrx_word' id='word_1_89' title='bbox 848 583 966 622; x_wconf 79' lang='lat' dir='ltr'>excipis,</span> 
     </span>
     <span class='ocr_line' id='line_1_22' title="bbox 227 628 966 667; baseline 0.001 -12"><span class='ocrx_word' id='word_1_90' title='bbox 227 634 330 657; x_wconf 85' lang='lat' dir='ltr'>tautum</span> <span class='ocrx_word' id='word_1_91' title='bbox 350 628 481 657; x_wconf 80' lang='lat' dir='ltr'><strong>mercedis</strong></span> <span class='ocrx_word' id='word_1_92' title='bbox 501 628 615 667; x_wconf 82' lang='lat' dir='ltr'>accipis;</span> <span class='ocrx_word' id='word_1_93' title='bbox 638 628 659 656; x_wconf 92' lang='lat' dir='ltr'>si</span> <span class='ocrx_word' id='word_1_94' title='bbox 677 635 702 656; x_wconf 84' lang='lat' dir='ltr'>te</span> <span class='ocrx_word' id='word_1_95' title='bbox 716 628 843 667; x_wconf 78' lang='lat' dir='ltr'>subjicias</span> <span class='ocrx_word' id='word_1_96' title='bbox 856 628 897 665; x_wconf 82' lang='lat' dir='ltr'>ei,</span> <span class='ocrx_word' id='word_1_97' title='bbox 922 628 966 656; x_wconf 91' lang='lat' dir='ltr'>cui</span> 
     </span>
     <span class='ocr_line' id='line_1_23' title="bbox 228 673 966 713; baseline 0.001 -12"><span class='ocrx_word' id='word_1_98' title='bbox 228 673 342 713; x_wconf 86' lang='lat' dir='ltr'>imperat</span> <span class='ocrx_word' id='word_1_99' title='bbox 353 676 434 711; x_wconf 85' lang='lat' dir='ltr'>Deus,</span> <span class='ocrx_word' id='word_1_100' title='bbox 447 675 530 703; x_wconf 87' lang='lat' dir='ltr'>multo</span> <span class='ocrx_word' id='word_1_101' title='bbox 542 675 671 713; x_wconf 86' lang='lat' dir='ltr'>majorem</span> <span class='ocrx_word' id='word_1_102' title='bbox 683 674 806 713; x_wconf 81' lang='lat' dir='ltr'>accipies.</span> <span class='ocrx_word' id='word_1_103' title='bbox 821 674 911 712; x_wconf 80' lang='lat' dir='ltr'><em>Super</em></span> <span class='ocrx_word' id='word_1_104' title='bbox 921 685 966 702; x_wconf 81' lang='lat' dir='ltr'>ca-</span> 
     </span>
     <span class='ocr_line' id='line_1_24' title="bbox 229 720 967 758; baseline 0 -10"><span class='ocrx_word' id='word_1_105' title='bbox 229 720 362 748; x_wconf 77' lang='lat' dir='ltr'>thedram</span> <span class='ocrx_word' id='word_1_106' title='bbox 390 722 516 757; x_wconf 58' lang='lat' dir='ltr'>Moysis,</span> <span class='ocrx_word' id='word_1_107' title='bbox 538 720 636 758; x_wconf 80' lang='lat' dir='ltr'>inquit,</span> <span class='ocrx_word' id='word_1_108' title='bbox 659 721 795 749; x_wconf 80' lang='lat' dir='ltr'>sederunt</span> <span class='ocrx_word' id='word_1_109' title='bbox 815 722 916 748; x_wconf 80' lang='lat' dir='ltr'>scriboe</span> <span class='ocrx_word' id='word_1_110' title='bbox 939 727 967 748; x_wconf 85' lang='lat' dir='ltr'>et</span> 
     </span>
     <span class='ocr_line' id='line_1_25' title="bbox 228 767 967 805; baseline -0.007 -7"><span class='ocrx_word' id='word_1_111' title='bbox 228 769 374 799; x_wconf 65' lang='lat' dir='ltr'>Plzarisaei</span> <span class='ocrx_word' id='word_1_112' title='bbox 390 779 398 795; x_wconf 82' lang='lat'><strong>:</strong></span> <span class='ocrx_word' id='word_1_113' title='bbox 415 769 514 795; x_wconf 79' lang='lat' dir='ltr'>omnia</span> <span class='ocrx_word' id='word_1_114' title='bbox 531 777 597 805; x_wconf 82' lang='lat' dir='ltr'>ergo</span> <span class='ocrx_word' id='word_1_115' title='bbox 612 777 676 805; x_wconf 80' lang='lat' dir='ltr'>quoe</span> <span class='ocrx_word' id='word_1_116' title='bbox 689 767 816 794; x_wconf 62' lang='lat' dir='ltr'>dixerint</span> <span class='ocrx_word' id='word_1_117' title='bbox 834 767 914 794; x_wconf 78' lang='lat' dir='ltr'>vobis</span> <span class='ocrx_word' id='word_1_118' title='bbox 922 767 967 804; x_wconf 84' lang='lat' dir='ltr'>fa-</span> 
     </span>
     <span class='ocr_line' id='line_1_26' title="bbox 228 813 967 853; baseline -0.005 -10"><span class='ocrx_word' id='word_1_119' title='bbox 228 826 299 851; x_wconf 78' lang='lat' dir='ltr'>cere,</span> <span class='ocrx_word' id='word_1_120' title='bbox 309 816 400 853; x_wconf 81' lang='lat' dir='ltr'>facite</span> <span class='ocrx_word' id='word_1_121' title='bbox 409 825 420 847; x_wconf 91' lang='lat'>,·</span> <span class='ocrx_word' id='word_1_122' title='bbox 435 813 592 841; x_wconf 81' lang='lat' dir='ltr'>secundum</span> <span class='ocrx_word' id='word_1_123' title='bbox 608 819 705 840; x_wconf 80' lang='lat' dir='ltr'>autem</span> <span class='ocrx_word' id='word_1_124' title='bbox 717 822 804 850; x_wconf 77' lang='lat' dir='ltr'>opera</span> <span class='ocrx_word' id='word_1_125' title='bbox 819 822 914 839; x_wconf 79' lang='lat' dir='ltr'>eorum</span> <span class='ocrx_word' id='word_1_126' title='bbox 932 822 967 839; x_wconf 84' lang='lat' dir='ltr'>ne</span> 
     </span>
     <span class='ocr_line' id='line_1_27' title="bbox 226 857 968 901; baseline -0.007 -11"><span class='ocrx_word' id='word_1_127' title='bbox 226 862 357 901; x_wconf 78' lang='lat' dir='ltr'>faciatis.</span> <span class='ocrx_word' id='word_1_128' title='bbox 376 862 415 887; x_wconf 70' lang='lat' dir='ltr'>An</span> <span class='ocrx_word' id='word_1_129' title='bbox 431 859 538 896; x_wconf 84' lang='lat' dir='ltr'>ignoras</span> <span class='ocrx_word' id='word_1_130' title='bbox 551 857 618 896; x_wconf 88' lang='lat' dir='ltr'>quid</span> <span class='ocrx_word' id='word_1_131' title='bbox 632 858 665 885; x_wconf 86' lang='lat' dir='ltr'>sit</span> <span class='ocrx_word' id='word_1_132' title='bbox 680 857 802 885; x_wconf 73' lang='lat' dir='ltr'>sacerdos</span> <span class='ocrx_word' id='word_1_133' title='bbox 812 858 825 885; x_wconf 68' lang='grc' dir='ltr'>ἶ)</span> <span class='ocrx_word' id='word_1_134' title='bbox 850 858 968 895; x_wconf 75' lang='lat' dir='ltr'><strong>Angelus</strong></span> 
     </span>
     <span class='ocr_line' id='line_1_28' title="bbox 227 903 965 941; baseline -0.007 -5"><span class='ocrx_word' id='word_1_135' title='bbox 227 906 336 936; x_wconf 81' lang='lat' dir='ltr'>Domini</span> <span class='ocrx_word' id='word_1_136' title='bbox 347 912 392 933; x_wconf 87' lang='lat' dir='ltr'>est.</span> <span class='ocrx_word' id='word_1_137' title='bbox 403 905 472 933; x_wconf 87' lang='lat' dir='ltr'>Num</span> <span class='ocrx_word' id='word_1_138' title='bbox 487 904 533 932; x_wconf 87' lang='lat' dir='ltr'>ille</span> <span class='ocrx_word' id='word_1_139' title='bbox 544 914 602 941; x_wconf 77' lang='lat' dir='ltr'>quae</span> <span class='ocrx_word' id='word_1_140' title='bbox 615 914 662 931; x_wconf 89' lang='lat' dir='ltr'>sua</span> <span class='ocrx_word' id='word_1_141' title='bbox 673 910 734 931; x_wconf 87' lang='lat' dir='ltr'>sunt</span> <span class='ocrx_word' id='word_1_142' title='bbox 747 903 832 932; x_wconf 74' lang='lat' dir='ltr'>dicit?</span> <span class='ocrx_word' id='word_1_143' title='bbox 844 903 874 932; x_wconf 87' lang='lat' dir='ltr'>Si</span> <span class='ocrx_word' id='word_1_144' title='bbox 887 903 965 932; x_wconf 84' lang='lat' dir='ltr'>illum</span> 
     </span>
     <span class='ocr_line' id='line_1_29' title="bbox 227 949 967 991; baseline -0.004 -10"><span class='ocrx_word' id='word_1_145' title='bbox 227 952 354 991; x_wconf 73' lang='lat' dir='ltr'>despicis,</span> <span class='ocrx_word' id='word_1_146' title='bbox 371 961 423 979; x_wconf 90' lang='lat' dir='ltr'>non</span> <span class='ocrx_word' id='word_1_147' title='bbox 437 960 514 987; x_wconf 77' lang='lat' dir='ltr'>cum,</span> <span class='ocrx_word' id='word_1_148' title='bbox 530 949 577 978; x_wconf 85' lang='lat' dir='ltr'>sed</span> <span class='ocrx_word' id='word_1_149' title='bbox 594 951 681 978; x_wconf 89' lang='lat' dir='ltr'>Deum</span> <span class='ocrx_word' id='word_1_150' title='bbox 693 950 739 987; x_wconf 86' lang='lat' dir='ltr'>qui</span> <span class='ocrx_word' id='word_1_151' title='bbox 756 950 843 989; x_wconf 86' lang='lat' dir='ltr'>ipsum</span> <span class='ocrx_word' id='word_1_152' title='bbox 862 949 967 978; x_wconf 86' lang='lat' dir='ltr'>ordina—</span> 
     </span>
     <span class='ocr_line' id='line_1_30' title="bbox 228 995 967 1036; baseline -0.004 -9"><span class='ocrx_word' id='word_1_153' title='bbox 228 999 282 1034; x_wconf 70' lang='lat' dir='ltr'>vit,</span> <span class='ocrx_word' id='word_1_154' title='bbox 309 996 432 1036; x_wconf 78' lang='lat' dir='ltr'>despicis.</span> <span class='ocrx_word' id='word_1_155' title='bbox 453 995 488 1023; x_wconf 85' lang='lat' dir='ltr'>Et</span> <span class='ocrx_word' id='word_1_156' title='bbox 513 995 647 1023; x_wconf 89' lang='lat' dir='ltr'>undenam</span> <span class='ocrx_word' id='word_1_157' title='bbox 669 996 817 1034; x_wconf 80' lang='lat' dir='ltr'>probatur,</span> <span class='ocrx_word' id='word_1_158' title='bbox 847 996 967 1034; x_wconf 81' lang='lat' dir='ltr'>inquies,</span> 
     </span>
     <span class='ocr_line' id='line_1_31' title="bbox 228 1041 968 1083; baseline -0.004 -11"><span class='ocrx_word' id='word_1_159' title='bbox 228 1043 299 1083; x_wconf 86' lang='lat' dir='ltr'>quod</span> <span class='ocrx_word' id='word_1_160' title='bbox 314 1045 386 1071; x_wconf 89' lang='lat' dir='ltr'>Deus</span> <span class='ocrx_word' id='word_1_161' title='bbox 400 1043 489 1081; x_wconf 83' lang='lat' dir='ltr'>ipsum</span> <span class='ocrx_word' id='word_1_162' title='bbox 500 1041 685 1069; x_wconf 75' lang='lat' dir='ltr'>ordinaverit?</span> <span class='ocrx_word' id='word_1_163' title='bbox 700 1041 787 1080; x_wconf 85' lang='lat' dir='ltr'>Igitur</span> <span class='ocrx_word' id='word_1_164' title='bbox 799 1063 805 1076; x_wconf 89' lang='lat'><strong>‚</strong></span> <span class='ocrx_word' id='word_1_165' title='bbox 819 1041 840 1070; x_wconf 93' lang='lat' dir='ltr'>si</span> <span class='ocrx_word' id='word_1_166' title='bbox 856 1048 884 1069; x_wconf 91' lang='lat' dir='ltr'>tu</span> <span class='ocrx_word' id='word_1_167' title='bbox 900 1041 968 1069; x_wconf 88' lang='lat' dir='ltr'>hanc</span> 
     </span>
     <span class='ocr_line' id='line_1_32' title="bbox 228 1087 967 1127; baseline -0.004 -9"><span class='ocrx_word' id='word_1_168' title='bbox 228 1100 281 1119; x_wconf 91' lang='lat' dir='ltr'>non</span> <span class='ocrx_word' id='word_1_169' title='bbox 295 1089 393 1117; x_wconf 84' lang='lat' dir='ltr'>habeas</span> <span class='ocrx_word' id='word_1_170' title='bbox 413 1087 578 1127; x_wconf 87' lang='lat' dir='ltr'>opinionem,</span> <span class='ocrx_word' id='word_1_171' title='bbox 599 1098 658 1126; x_wconf 88' lang='lat' dir='ltr'>spes</span> <span class='ocrx_word' id='word_1_172' title='bbox 676 1094 722 1115; x_wconf 85' lang='lat' dir='ltr'>tua</span> <span class='ocrx_word' id='word_1_173' title='bbox 738 1087 825 1115; x_wconf 80' lang='lat' dir='ltr'>inanis</span> <span class='ocrx_word' id='word_1_174' title='bbox 838 1087 905 1115; x_wconf 84' lang='lat' dir='ltr'>sacta</span> <span class='ocrx_word' id='word_1_175' title='bbox 919 1094 967 1115; x_wconf 87' lang='lat' dir='ltr'>est.</span> 
     </span>
     <span class='ocr_line' id='line_1_33' title="bbox 229 1131 969 1171; baseline -0.004 -8"><span class='ocrx_word' id='word_1_176' title='bbox 229 1135 299 1163; x_wconf 85' lang='lat' dir='ltr'>Nam</span> <span class='ocrx_word' id='word_1_177' title='bbox 315 1133 336 1161; x_wconf 88' lang='lat' dir='ltr'>si</span> <span class='ocrx_word' id='word_1_178' title='bbox 357 1134 431 1161; x_wconf 87' lang='lat' dir='ltr'>Deus</span> <span class='ocrx_word' id='word_1_179' title='bbox 450 1143 496 1171; x_wconf 79' lang='lat' dir='ltr'>per</span> <span class='ocrx_word' id='word_1_180' title='bbox 518 1131 607 1171; x_wconf 86' lang='lat' dir='ltr'>ipsum</span> <span class='ocrx_word' id='word_1_181' title='bbox 626 1131 695 1159; x_wconf 89' lang='lat' dir='ltr'>nihil</span> <span class='ocrx_word' id='word_1_182' title='bbox 718 1138 842 1169; x_wconf 82' lang='lat' dir='ltr'>operatur</span> <span class='ocrx_word' id='word_1_183' title='bbox 857 1153 865 1167; x_wconf 70' lang='lat'><em>7</em></span> <span class='ocrx_word' id='word_1_184' title='bbox 884 1142 969 1169; x_wconf 87' lang='lat' dir='ltr'>neque</span> 
     </span>
     <span class='ocr_line' id='line_1_34' title="bbox 229 1176 968 1216; baseline -0.004 -9"><span class='ocrx_word' id='word_1_185' title='bbox 229 1180 366 1207; x_wconf 76' lang='lat' dir='ltr'>lavacrum</span> <span class='ocrx_word' id='word_1_186' title='bbox 401 1177 482 1205; x_wconf 81' lang='lat' dir='ltr'>habes</span> <span class='ocrx_word' id='word_1_187' title='bbox 492 1199 500 1213; x_wconf 86' lang='lat'><em>,</em></span> <span class='ocrx_word' id='word_1_188' title='bbox 528 1187 614 1214; x_wconf 87' lang='lat' dir='ltr'>neque</span> <span class='ocrx_word' id='word_1_189' title='bbox 640 1176 775 1215; x_wconf 78' lang='lat' dir='ltr'>mysteriis</span> <span class='ocrx_word' id='word_1_190' title='bbox 805 1177 949 1216; x_wconf 78' lang='lat' dir='ltr'>participas</span> <span class='ocrx_word' id='word_1_191' title='bbox 960 1200 968 1214; x_wconf 80' lang='lat'><em>⁷</em></span> 
     </span>
     <span class='ocr_line' id='line_1_35' title="bbox 230 1222 970 1263; baseline -0.001 -10"><span class='ocrx_word' id='word_1_192' title='bbox 230 1235 314 1263; x_wconf 89' lang='lat' dir='ltr'>neque</span> <span class='ocrx_word' id='word_1_193' title='bbox 333 1223 565 1252; x_wconf 81' lang='lat' dir='ltr'>benedictionibus</span> <span class='ocrx_word' id='word_1_194' title='bbox 579 1223 675 1251; x_wconf 83' lang='lat' dir='ltr'>frueris</span> <span class='ocrx_word' id='word_1_195' title='bbox 697 1234 703 1249; x_wconf 91' lang='lat'>:</span> <span class='ocrx_word' id='word_1_196' title='bbox 720 1233 782 1261; x_wconf 86' lang='lat' dir='ltr'>ergo</span> <span class='ocrx_word' id='word_1_197' title='bbox 802 1222 970 1252; x_wconf 76' lang='lat' dir='ltr'>Christianus</span> 
     </span>
     <span class='ocr_line' id='line_1_36' title="bbox 229 1282 341 1300; baseline -0.009 0"><span class='ocrx_word' id='word_1_198' title='bbox 229 1282 280 1300; x_wconf 90' lang='lat' dir='ltr'>uon</span> <span class='ocrx_word' id='word_1_199' title='bbox 304 1282 341 1299; x_wconf 88' lang='lat' dir='ltr'>es.</span> 
     </span>
    </p>
   </div>
   <div class='ocr_carea' id='block_1_9' title="bbox 269 1315 1009 1355">
    <p class='ocr_par' dir='ltr' id='par_1_9' title="bbox 269 1315 1009 1355">
     <span class='ocr_line' id='line_1_37' title="bbox 269 1315 1009 1355; baseline -0.001 -9"><span class='ocrx_word' id='word_1_200' title='bbox 269 1318 296 1346; x_wconf 85' lang='lat'>5.</span> <span class='ocrx_word' id='word_1_201' title='bbox 317 1316 391 1351; x_wconf 87' lang='lat' dir='ltr'>Quid</span> <span class='ocrx_word' id='word_1_202' title='bbox 403 1316 490 1355; x_wconf 66' lang='lat' dir='ltr'>ergo?</span> <span class='ocrx_word' id='word_1_203' title='bbox 510 1315 614 1353; x_wconf 83' lang='lat' dir='ltr'>inquies</span> <span class='ocrx_word' id='word_1_204' title='bbox 632 1328 637 1344; x_wconf 93' lang='lat'>:</span> <span class='ocrx_word' id='word_1_205' title='bbox 651 1326 684 1344; x_wconf 87' lang='lat' dir='ltr'>an</span> <span class='ocrx_word' id='word_1_206' title='bbox 701 1326 791 1345; x_wconf 83' lang='lat' dir='ltr'>omnes</span> <span class='ocrx_word' id='word_1_207' title='bbox 803 1317 877 1345; x_wconf 86' lang='lat' dir='ltr'>Deus</span> <span class='ocrx_word' id='word_1_208' title='bbox 891 1316 968 1345; x_wconf 84' lang='lat' dir='ltr'>ordi-</span> <span class='ocrx_word' id='word_1_209' title='bbox 990 1318 1009 1339; x_wconf 77' lang='grc' dir='ltr'><strong>Α</strong></span> 
     </span>
    </p>
   </div>
   <div class='ocr_carea' id='block_1_10' title="bbox 230 1361 980 2453">
    <p class='ocr_par' dir='ltr' id='par_1_10' title="bbox 230 1361 980 2453">
     <span class='ocr_line' id='line_1_38' title="bbox 230 1361 971 1399; baseline -0.003 -7"><span class='ocrx_word' id='word_1_210' title='bbox 230 1370 275 1392; x_wconf 89' lang='lat' dir='ltr'>nat</span> <span class='ocrx_word' id='word_1_211' title='bbox 288 1386 295 1399; x_wconf 90' lang='lat'><strong><em>‚</em></strong></span> <span class='ocrx_word' id='word_1_212' title='bbox 312 1363 392 1391; x_wconf 86' lang='lat' dir='ltr'>ctiam</span> <span class='ocrx_word' id='word_1_213' title='bbox 411 1361 535 1399; x_wconf 78' lang='lat' dir='ltr'>indignos</span> <span class='ocrx_word' id='word_1_214' title='bbox 545 1361 558 1388; x_wconf 61' lang='grc' dir='ltr'>ἶ)</span> <span class='ocrx_word' id='word_1_215' title='bbox 577 1362 636 1390; x_wconf 84' lang='lat' dir='ltr'>Non</span> <span class='ocrx_word' id='word_1_216' title='bbox 649 1371 741 1389; x_wconf 86' lang='lat' dir='ltr'>omnes</span> <span class='ocrx_word' id='word_1_217' title='bbox 755 1362 828 1389; x_wconf 87' lang='lat' dir='ltr'>Deus</span> <span class='ocrx_word' id='word_1_218' title='bbox 846 1361 971 1399; x_wconf 82' lang='lat' dir='ltr'>ordinat,</span> 
     </span>
     <span class='ocr_line' id='line_1_39' title="bbox 232 1406 970 1448; baseline -0.004 -10"><span class='ocrx_word' id='word_1_219' title='bbox 232 1409 277 1438; x_wconf 87' lang='lat' dir='ltr'>sed</span> <span class='ocrx_word' id='word_1_220' title='bbox 292 1420 338 1448; x_wconf 86' lang='lat' dir='ltr'>per</span> <span class='ocrx_word' id='word_1_221' title='bbox 351 1418 442 1437; x_wconf 90' lang='lat' dir='ltr'>omnes</span> <span class='ocrx_word' id='word_1_222' title='bbox 457 1413 599 1446; x_wconf 72' lang='lat' dir='ltr'>operatur,</span> <span class='ocrx_word' id='word_1_223' title='bbox 615 1407 720 1435; x_wconf 78' lang='lat' dir='ltr'>etiamsi</span> <span class='ocrx_word' id='word_1_224' title='bbox 735 1407 775 1435; x_wconf 91' lang='lat' dir='ltr'>illi</span> <span class='ocrx_word' id='word_1_225' title='bbox 793 1406 895 1445; x_wconf 80' lang='lat' dir='ltr'>indigni</span> <span class='ocrx_word' id='word_1_226' title='bbox 908 1407 970 1444; x_wconf 80' lang='lat' dir='ltr'>sint,</span> 
     </span>
     <span class='ocr_line' id='line_1_40' title="bbox 232 1452 972 1494; baseline -0.004 -10"><span class='ocrx_word' id='word_1_227' title='bbox 232 1462 263 1484; x_wconf 82' lang='lat' dir='ltr'>ut</span> <span class='ocrx_word' id='word_1_228' title='bbox 274 1455 390 1494; x_wconf 85' lang='lat' dir='ltr'>populus</span> <span class='ocrx_word' id='word_1_229' title='bbox 405 1454 495 1482; x_wconf 85' lang='lat' dir='ltr'>salvus</span> <span class='ocrx_word' id='word_1_230' title='bbox 510 1453 567 1480; x_wconf 80' lang='lat' dir='ltr'>stat.</span> <span class='ocrx_word' id='word_1_231' title='bbox 589 1452 618 1480; x_wconf 91' lang='lat' dir='ltr'>Si</span> <span class='ocrx_word' id='word_1_232' title='bbox 634 1453 704 1481; x_wconf 92' lang='lat' dir='ltr'>enim</span> <span class='ocrx_word' id='word_1_233' title='bbox 722 1463 768 1492; x_wconf 86' lang='lat' dir='ltr'>per</span> <span class='ocrx_word' id='word_1_234' title='bbox 786 1452 887 1481; x_wconf 80' lang='lat' dir='ltr'>asinam</span> <span class='ocrx_word' id='word_1_235' title='bbox 900 1476 907 1488; x_wconf 92' lang='lat'>‚</span> <span class='ocrx_word' id='word_1_236' title='bbox 924 1464 972 1492; x_wconf 83' lang='lat' dir='ltr'>per</span> 
     </span>
     <span class='ocr_line' id='line_1_41' title="bbox 234 1497 972 1536; baseline -0.004 -7"><span class='ocrx_word' id='word_1_237' title='bbox 234 1501 345 1529; x_wconf 78' lang='lat' dir='ltr'>Balaam</span> <span class='ocrx_word' id='word_1_238' title='bbox 364 1499 503 1528; x_wconf 83' lang='lat' dir='ltr'>scelestum</span> <span class='ocrx_word' id='word_1_239' title='bbox 524 1498 678 1531; x_wconf 81' lang='lat' dir='ltr'>hominem,</span> <span class='ocrx_word' id='word_1_240' title='bbox 700 1498 726 1526; x_wconf 94' lang='lat' dir='ltr'>in</span> <span class='ocrx_word' id='word_1_241' title='bbox 751 1497 838 1536; x_wconf 82' lang='lat' dir='ltr'>plebis</span> <span class='ocrx_word' id='word_1_242' title='bbox 859 1498 972 1536; x_wconf 81' lang='lat' dir='ltr'>gratiam</span> 
     </span>
     <span class='ocr_line' id='line_1_42' title="bbox 233 1542 973 1584; baseline -0.007 -9"><span class='ocrx_word' id='word_1_243' title='bbox 233 1547 361 1584; x_wconf 77' lang='lat' dir='ltr'>loquutus</span> <span class='ocrx_word' id='word_1_244' title='bbox 376 1552 430 1579; x_wconf 85' lang='lat' dir='ltr'>cst,</span> <span class='ocrx_word' id='word_1_245' title='bbox 446 1543 531 1572; x_wconf 88' lang='lat' dir='ltr'>multo</span> <span class='ocrx_word' id='word_1_246' title='bbox 547 1543 633 1581; x_wconf 78' lang='lat' dir='ltr'>magis</span> <span class='ocrx_word' id='word_1_247' title='bbox 647 1553 694 1582; x_wconf 84' lang='lat' dir='ltr'>per</span> <span class='ocrx_word' id='word_1_248' title='bbox 707 1542 878 1571; x_wconf 81' lang='lat' dir='ltr'>sacerdotem.</span> <span class='ocrx_word' id='word_1_249' title='bbox 899 1543 973 1579; x_wconf 86' lang='lat' dir='ltr'>Quid</span> 
     </span>
     <span class='ocr_line' id='line_1_43' title="bbox 234 1588 973 1628; baseline -0.005 -7"><span class='ocrx_word' id='word_1_250' title='bbox 234 1592 305 1621; x_wconf 86' lang='lat' dir='ltr'>enim</span> <span class='ocrx_word' id='word_1_251' title='bbox 318 1602 368 1620; x_wconf 87' lang='lat' dir='ltr'>non</span> <span class='ocrx_word' id='word_1_252' title='bbox 385 1590 448 1619; x_wconf 82' lang='lat' dir='ltr'>facit</span> <span class='ocrx_word' id='word_1_253' title='bbox 465 1591 537 1618; x_wconf 86' lang='lat' dir='ltr'>Deus</span> <span class='ocrx_word' id='word_1_254' title='bbox 550 1599 598 1628; x_wconf 86' lang='lat' dir='ltr'>pro</span> <span class='ocrx_word' id='word_1_255' title='bbox 612 1589 696 1617; x_wconf 86' lang='lat' dir='ltr'>salute</span> <span class='ocrx_word' id='word_1_256' title='bbox 714 1588 826 1616; x_wconf 76' lang='lat' dir='ltr'>nostra?</span> <span class='ocrx_word' id='word_1_257' title='bbox 842 1589 906 1626; x_wconf 91' lang='lat' dir='ltr'>quid</span> <span class='ocrx_word' id='word_1_258' title='bbox 922 1600 973 1617; x_wconf 91' lang='lat' dir='ltr'>non</span> 
     </span>
     <span class='ocr_line' id='line_1_44' title="bbox 235 1635 974 1678; baseline -0.005 -10"><span class='ocrx_word' id='word_1_259' title='bbox 235 1639 353 1678; x_wconf 86' lang='lat' dir='ltr'>loquitur</span> <span class='ocrx_word' id='word_1_260' title='bbox 363 1639 376 1666; x_wconf 68' lang='lat'>,⁹</span> <span class='ocrx_word' id='word_1_261' title='bbox 391 1648 438 1677; x_wconf 88' lang='lat' dir='ltr'>per</span> <span class='ocrx_word' id='word_1_262' title='bbox 451 1647 531 1675; x_wconf 85' lang='lat' dir='ltr'>quem</span> <span class='ocrx_word' id='word_1_263' title='bbox 542 1646 594 1664; x_wconf 90' lang='lat' dir='ltr'>non</span> <span class='ocrx_word' id='word_1_264' title='bbox 609 1642 734 1675; x_wconf 82' lang='lat' dir='ltr'>operatur</span> <span class='ocrx_word' id='word_1_265' title='bbox 746 1635 758 1663; x_wconf 72' lang='grc' dir='ltr'>ἶ)</span> <span class='ocrx_word' id='word_1_266' title='bbox 773 1635 801 1663; x_wconf 86' lang='lat' dir='ltr'>Si</span> <span class='ocrx_word' id='word_1_267' title='bbox 814 1646 861 1674; x_wconf 84' lang='lat' dir='ltr'>per</span> <span class='ocrx_word' id='word_1_268' title='bbox 875 1635 974 1665; x_wconf 86' lang='lat' dir='ltr'>Judam</span> 
     </span>
     <span class='ocr_line' id='line_1_45' title="bbox 235 1680 974 1723; baseline -0.004 -11"><span class='ocrx_word' id='word_1_269' title='bbox 235 1691 358 1723; x_wconf 83' lang='lat' dir='ltr'>operatus</span> <span class='ocrx_word' id='word_1_270' title='bbox 374 1690 426 1719; x_wconf 73' lang='lat' dir='ltr'>cst,</span> <span class='ocrx_word' id='word_1_271' title='bbox 441 1690 465 1710; x_wconf 88' lang='lat' dir='ltr'>et</span> <span class='ocrx_word' id='word_1_272' title='bbox 482 1692 528 1721; x_wconf 89' lang='lat' dir='ltr'>per</span> <span class='ocrx_word' id='word_1_273' title='bbox 542 1691 585 1710; x_wconf 84' lang='lat' dir='ltr'>eos</span> <span class='ocrx_word' id='word_1_274' title='bbox 599 1681 644 1719; x_wconf 82' lang='lat' dir='ltr'>qui</span> <span class='ocrx_word' id='word_1_275' title='bbox 655 1680 864 1719; x_wconf 82' lang='lat' dir='ltr'>prophetabant,</span> <span class='ocrx_word' id='word_1_276' title='bbox 877 1681 974 1719; x_wconf 85' lang='lat' dir='ltr'>quibus</span> 
     </span>
     <span class='ocr_line' id='line_1_46' title="bbox 236 1727 974 1765; baseline -0.007 -6"><span class='ocrx_word' id='word_1_277' title='bbox 236 1730 313 1765; x_wconf 81' lang='lat' dir='ltr'>dicit,</span> <span class='ocrx_word' id='word_1_278' title='bbox 324 1731 391 1758; x_wconf 79' lang='lat' dir='ltr'>Non</span> <span class='ocrx_word' id='word_1_279' title='bbox 407 1730 474 1756; x_wconf 72' lang='grc' dir='ltr'>ηονί</span> <span class='ocrx_word' id='word_1_280' title='bbox 492 1738 556 1764; x_wconf 80' lang='lat' dir='ltr'>vos,</span> <span class='ocrx_word' id='word_1_281' title='bbox 569 1727 707 1755; x_wconf 77' lang='lat' dir='ltr'>discedite</span> <span class='ocrx_word' id='word_1_282' title='bbox 721 1737 741 1754; x_wconf 80' lang='grc' dir='ltr'>(ι</span> <span class='ocrx_word' id='word_1_283' title='bbox 753 1728 856 1765; x_wconf 70' lang='lat' dir='ltr'>messui</span> <span class='ocrx_word' id='word_1_284' title='bbox 871 1737 974 1765; x_wconf 74' lang='lat' dir='ltr'>opera-</span> 
     </span>
     <span class='ocr_line' id='line_1_47' title="bbox 237 1772 974 1814; baseline -0.008 -9"><span class='ocrx_word' id='word_1_285' title='bbox 237 1779 310 1805; x_wconf 83' lang='lat' dir='ltr'>mini</span> <span class='ocrx_word' id='word_1_286' title='bbox 329 1777 530 1814; x_wconf 76' lang='lat' dir='ltr'>iniquittztent;</span> <span class='ocrx_word' id='word_1_287' title='bbox 552 1779 577 1801; x_wconf 81' lang='lat' dir='ltr'>et</span> <span class='ocrx_word' id='word_1_288' title='bbox 594 1772 640 1800; x_wconf 84' lang='lat' dir='ltr'>alii</span> <span class='ocrx_word' id='word_1_289' title='bbox 661 1772 796 1800; x_wconf 70' lang='lat' dir='ltr'>daemonas</span> <span class='ocrx_word' id='word_1_290' title='bbox 811 1772 974 1810; x_wconf 84' lang='lat' dir='ltr'>ejiciebant:</span> 
     </span>
     <span class='ocr_line' id='line_1_48' title="bbox 236 1817 976 1859; baseline -0.007 -8"><span class='ocrx_word' id='word_1_291' title='bbox 236 1823 321 1851; x_wconf 86' lang='lat' dir='ltr'>multo</span> <span class='ocrx_word' id='word_1_292' title='bbox 341 1822 427 1859; x_wconf 80' lang='lat' dir='ltr'>magis</span> <span class='ocrx_word' id='word_1_293' title='bbox 441 1831 488 1859; x_wconf 83' lang='lat' dir='ltr'>per</span> <span class='ocrx_word' id='word_1_294' title='bbox 512 1818 661 1847; x_wconf 78' lang='lat' dir='ltr'>sacerdotes</span> <span class='ocrx_word' id='word_1_295' title='bbox 683 1817 846 1856; x_wconf 77' lang='lat' dir='ltr'>operabitur.</span> <span class='ocrx_word' id='word_1_296' title='bbox 867 1819 935 1846; x_wconf 81' lang='lat' dir='ltr'>Nam</span> <span class='ocrx_word' id='word_1_297' title='bbox 955 1818 976 1847; x_wconf 87' lang='lat' dir='ltr'>si</span> 
     </span>
     <span class='ocr_line' id='line_1_49' title="bbox 235 1863 976 1906; baseline -0.007 -10"><span class='ocrx_word' id='word_1_298' title='bbox 235 1867 439 1906; x_wconf 65' lang='lat' dir='ltr'>przepositorum</span> <span class='ocrx_word' id='word_1_299' title='bbox 463 1865 548 1893; x_wconf 80' lang='lat' dir='ltr'>vitam</span> <span class='ocrx_word' id='word_1_300' title='bbox 571 1863 725 1892; x_wconf 77' lang='lat' dir='ltr'>examinare</span> <span class='ocrx_word' id='word_1_301' title='bbox 750 1863 897 1901; x_wconf 72' lang='lat' dir='ltr'>vellemus,</span> <span class='ocrx_word' id='word_1_302' title='bbox 926 1864 976 1903; x_wconf 85' lang='lat' dir='ltr'>ipsi</span> 
     </span>
     <span class='ocr_line' id='line_1_50' title="bbox 235 1908 977 1943; baseline -0.005 -2"><span class='ocrx_word' id='word_1_303' title='bbox 235 1912 375 1941; x_wconf 82' lang='lat' dir='ltr'>doctorum</span> <span class='ocrx_word' id='word_1_304' title='bbox 397 1910 563 1939; x_wconf 80' lang='lat' dir='ltr'>ordinatores</span> <span class='ocrx_word' id='word_1_305' title='bbox 582 1908 666 1936; x_wconf 79' lang='lat' dir='ltr'>futuri</span> <span class='ocrx_word' id='word_1_306' title='bbox 691 1919 818 1943; x_wconf 79' lang='lat' dir='ltr'>essemus,</span> <span class='ocrx_word' id='word_1_307' title='bbox 843 1916 869 1938; x_wconf 88' lang='lat' dir='ltr'>et</span> <span class='ocrx_word' id='word_1_308' title='bbox 888 1909 977 1937; x_wconf 86' lang='lat' dir='ltr'>omnia</span> 
     </span>
     <span class='ocr_line' id='line_1_51' title="bbox 237 1954 978 1993; baseline -0.004 -6"><span class='ocrx_word' id='word_1_309' title='bbox 237 1969 343 1987; x_wconf 88' lang='lat' dir='ltr'>sursum</span> <span class='ocrx_word' id='word_1_310' title='bbox 364 1958 489 1986; x_wconf 87' lang='lat' dir='ltr'>deorsum</span> <span class='ocrx_word' id='word_1_311' title='bbox 504 1962 635 1993; x_wconf 84' lang='lat' dir='ltr'>vergunt;</span> <span class='ocrx_word' id='word_1_312' title='bbox 657 1965 765 1982; x_wconf 86' lang='lat' dir='ltr'>sursum</span> <span class='ocrx_word' id='word_1_313' title='bbox 787 1954 882 1993; x_wconf 83' lang='lat' dir='ltr'>pedes,</span> <span class='ocrx_word' id='word_1_314' title='bbox 897 1955 978 1984; x_wconf 85' lang='lat' dir='ltr'>deor-</span> 
     </span>
     <span class='ocr_line' id='line_1_52' title="bbox 238 2000 977 2043; baseline -0.004 -10"><span class='ocrx_word' id='word_1_315' title='bbox 238 2015 298 2033; x_wconf 80' lang='lat' dir='ltr'>sum</span> <span class='ocrx_word' id='word_1_316' title='bbox 311 2011 402 2043; x_wconf 85' lang='lat' dir='ltr'>caput.</span> <span class='ocrx_word' id='word_1_317' title='bbox 418 2002 488 2031; x_wconf 85' lang='lat' dir='ltr'>Audi</span> <span class='ocrx_word' id='word_1_318' title='bbox 499 2001 613 2030; x_wconf 88' lang='lat' dir='ltr'>Paulum</span> <span class='ocrx_word' id='word_1_319' title='bbox 625 2000 758 2029; x_wconf 84' lang='lat' dir='ltr'>dicentem</span> <span class='ocrx_word' id='word_1_320' title='bbox 773 2012 779 2027; x_wconf 80' lang='lat' dir='ltr'><strong><em>z</em></strong></span> <span class='ocrx_word' id='word_1_321' title='bbox 793 2002 870 2029; x_wconf 73' lang='lat' dir='ltr'>Mihi</span> <span class='ocrx_word' id='word_1_322' title='bbox 882 2009 977 2030; x_wconf 83' lang='lat' dir='ltr'>autem</span> 
     </span>
     <span class='ocr_line' id='line_1_53' title="bbox 237 2047 978 2089; baseline -0.004 -11"><span class='ocrx_word' id='word_1_323' title='bbox 237 2061 289 2089; x_wconf 86' lang='lat' dir='ltr'>pro</span> <span class='ocrx_word' id='word_1_324' title='bbox 303 2052 423 2077; x_wconf 82' lang='lat' dir='ltr'>minimo</span> <span class='ocrx_word' id='word_1_325' title='bbox 438 2054 479 2076; x_wconf 73' lang='lat' dir='ltr'>est</span> <span class='ocrx_word' id='word_1_326' title='bbox 495 2054 526 2076; x_wconf 81' lang='lat' dir='ltr'>ut</span> <span class='ocrx_word' id='word_1_327' title='bbox 541 2057 560 2074; x_wconf 86' lang='lat' dir='ltr'><em>a</em></span> <span class='ocrx_word' id='word_1_328' title='bbox 575 2047 798 2085; x_wconf 77' lang='lat' dir='ltr'>vohisjudicer,</span> <span class='ocrx_word' id='word_1_329' title='bbox 813 2053 865 2075; x_wconf 78' lang='lat' dir='ltr'>aut</span> <span class='ocrx_word' id='word_1_330' title='bbox 874 2049 911 2075; x_wconf 81' lang='lat' dir='ltr'>ab</span> <span class='ocrx_word' id='word_1_331' title='bbox 925 2048 978 2076; x_wconf 81' lang='grc' dir='ltr'>Ιιιι-</span> 
     </span>
     <span class='ocr_line' id='line_1_54' title="bbox 241 2092 978 2131; baseline -0.004 -7"><span class='ocrx_word' id='word_1_332' title='bbox 241 2105 327 2124; x_wconf 86' lang='lat' dir='ltr'>mano</span> <span class='ocrx_word' id='word_1_333' title='bbox 336 2095 383 2123; x_wconf 78' lang='lat' dir='ltr'>die</span> <span class='ocrx_word' id='word_1_334' title='bbox 392 2106 404 2130; x_wconf 80' lang='lat'>‚-</span> <span class='ocrx_word' id='word_1_335' title='bbox 420 2100 445 2121; x_wconf 88' lang='lat' dir='ltr'>et</span> <span class='ocrx_word' id='word_1_336' title='bbox 459 2102 574 2128; x_wconf 84' lang='lat' dir='ltr'>rursum,</span> <span class='ocrx_word' id='word_1_337' title='bbox 592 2092 634 2119; x_wconf 83' lang='lat' dir='ltr'>Tu</span> <span class='ocrx_word' id='word_1_338' title='bbox 648 2092 719 2129; x_wconf 78' lang='lat' dir='ltr'>quid</span> <span class='ocrx_word' id='word_1_339' title='bbox 730 2092 846 2130; x_wconf 79' lang='lat' dir='ltr'>judicas</span> <span class='ocrx_word' id='word_1_340' title='bbox 847 2093 978 2131; x_wconf 78' lang='lat' dir='ltr'>fratrem</span> 
     </span>
     <span class='ocr_line' id='line_1_55' title="bbox 242 2137 979 2176; baseline -0.005 -6"><span class='ocrx_word' id='word_1_341' title='bbox 242 2149 323 2170; x_wconf 77' lang='lat' dir='ltr'>tuum</span> <span class='ocrx_word' id='word_1_342' title='bbox 339 2143 350 2168; x_wconf 70' lang='grc' dir='ltr'><em>Ρ</em></span> <span class='ocrx_word' id='word_1_343' title='bbox 370 2141 398 2169; x_wconf 90' lang='lat' dir='ltr'>Si</span> <span class='ocrx_word' id='word_1_344' title='bbox 420 2140 529 2167; x_wconf 79' lang='lat' dir='ltr'>fratrem</span> <span class='ocrx_word' id='word_1_345' title='bbox 552 2148 604 2166; x_wconf 89' lang='lat' dir='ltr'>non</span> <span class='ocrx_word' id='word_1_346' title='bbox 625 2144 728 2176; x_wconf 79' lang='lat' dir='ltr'>oportet</span> <span class='ocrx_word' id='word_1_347' title='bbox 739 2137 876 2175; x_wconf 81' lang='lat' dir='ltr'>judicare⁷</span> <span class='ocrx_word' id='word_1_348' title='bbox 893 2138 979 2166; x_wconf 89' lang='lat' dir='ltr'>multo</span> 
     </span>
     <span class='ocr_line' id='line_1_56' title="bbox 240 2183 980 2224; baseline -0.005 -7"><span class='ocrx_word' id='word_1_349' title='bbox 240 2188 329 2216; x_wconf 85' lang='lat' dir='ltr'>minus</span> <span class='ocrx_word' id='word_1_350' title='bbox 348 2186 520 2216; x_wconf 83' lang='lat' dir='ltr'>sacerdotem.</span> <span class='ocrx_word' id='word_1_351' title='bbox 540 2185 610 2212; x_wconf 70' lang='lat' dir='ltr'>Nam</span> <span class='ocrx_word' id='word_1_352' title='bbox 626 2183 648 2211; x_wconf 88' lang='lat' dir='ltr'>si</span> <span class='ocrx_word' id='word_1_353' title='bbox 666 2183 774 2221; x_wconf 81' lang='lat' dir='ltr'>quidem</span> <span class='ocrx_word' id='word_1_354' title='bbox 790 2184 840 2212; x_wconf 90' lang='lat' dir='ltr'>hoc</span> <span class='ocrx_word' id='word_1_355' title='bbox 854 2185 980 2224; x_wconf 64' lang='lat' dir='ltr'>praecepit</span> 
     </span>
     <span class='ocr_line' id='line_1_57' title="bbox 241 2229 979 2269; baseline -0.004 -7"><span class='ocrx_word' id='word_1_356' title='bbox 241 2235 329 2269; x_wconf 79' lang='lat' dir='ltr'>Deus,</span> <span class='ocrx_word' id='word_1_357' title='bbox 347 2239 416 2261; x_wconf 84' lang='lat' dir='ltr'>recte</span> <span class='ocrx_word' id='word_1_358' title='bbox 436 2231 501 2259; x_wconf 86' lang='lat' dir='ltr'>sacis</span> <span class='ocrx_word' id='word_1_359' title='bbox 511 2242 519 2267; x_wconf 79' lang='lat'>3</span> <span class='ocrx_word' id='word_1_360' title='bbox 534 2230 589 2258; x_wconf 88' lang='lat' dir='ltr'>imo</span> <span class='ocrx_word' id='word_1_361' title='bbox 602 2240 694 2269; x_wconf 87' lang='lat' dir='ltr'>peccas</span> <span class='ocrx_word' id='word_1_362' title='bbox 710 2239 762 2257; x_wconf 90' lang='lat' dir='ltr'>non</span> <span class='ocrx_word' id='word_1_363' title='bbox 783 2229 923 2266; x_wconf 85' lang='lat' dir='ltr'>faciendo;</span> <span class='ocrx_word' id='word_1_364' title='bbox 939 2231 979 2259; x_wconf 91' lang='lat' dir='ltr'>sin</span> 
     </span>
     <span class='ocr_line' id='line_1_58' title="bbox 242 2276 980 2316; baseline -0.007 -8"><span class='ocrx_word' id='word_1_365' title='bbox 242 2287 346 2316; x_wconf 83' lang='lat' dir='ltr'>contra,</span> <span class='ocrx_word' id='word_1_366' title='bbox 359 2289 392 2307; x_wconf 86' lang='lat' dir='ltr'>ne</span> <span class='ocrx_word' id='word_1_367' title='bbox 403 2277 500 2306; x_wconf 83' lang='lat' dir='ltr'>audeas</span> <span class='ocrx_word' id='word_1_368' title='bbox 509 2300 516 2313; x_wconf 83' lang='lat'>,</span> <span class='ocrx_word' id='word_1_369' title='bbox 529 2286 596 2304; x_wconf 82' lang='lat' dir='ltr'>neve</span> <span class='ocrx_word' id='word_1_370' title='bbox 612 2286 690 2314; x_wconf 80' lang='lat' dir='ltr'>supra</span> <span class='ocrx_word' id='word_1_371' title='bbox 708 2282 852 2303; x_wconf 83' lang='lat' dir='ltr'>scammata</span> <span class='ocrx_word' id='word_1_372' title='bbox 871 2276 980 2304; x_wconf 79' lang='lat' dir='ltr'>exsilire</span> 
     </span>
     <span class='ocr_line' id='line_1_59' title="bbox 243 2322 978 2360; baseline -0.007 -6"><span class='ocrx_word' id='word_1_373' title='bbox 243 2325 353 2354; x_wconf 88' lang='lat' dir='ltr'>coneris.</span> <span class='ocrx_word' id='word_1_374' title='bbox 370 2324 509 2352; x_wconf 76' lang='lat' dir='ltr'>Adversus</span> <span class='ocrx_word' id='word_1_375' title='bbox 529 2324 659 2350; x_wconf 85' lang='lat' dir='ltr'>Aaronem</span> <span class='ocrx_word' id='word_1_376' title='bbox 674 2328 732 2360; x_wconf 89' lang='lat' dir='ltr'>post</span> <span class='ocrx_word' id='word_1_377' title='bbox 747 2322 889 2350; x_wconf 86' lang='lat' dir='ltr'>conflatum</span> <span class='ocrx_word' id='word_1_378' title='bbox 905 2322 978 2350; x_wconf 80' lang='lat' dir='ltr'>vitu-</span> 
     </span>
     <span class='ocr_line' id='line_1_60' title="bbox 243 2367 977 2404; baseline -0.004 -6"><span class='ocrx_word' id='word_1_379' title='bbox 243 2371 300 2398; x_wconf 90' lang='lat' dir='ltr'>lum</span> <span class='ocrx_word' id='word_1_380' title='bbox 323 2370 523 2398; x_wconf 82' lang='lat' dir='ltr'>insurrexerunt</span> <span class='ocrx_word' id='word_1_381' title='bbox 552 2369 635 2404; x_wconf 85' lang='lat' dir='ltr'>Core,</span> <span class='ocrx_word' id='word_1_382' title='bbox 661 2367 768 2396; x_wconf 84' lang='lat' dir='ltr'>Dathan</span> <span class='ocrx_word' id='word_1_383' title='bbox 791 2373 817 2395; x_wconf 88' lang='lat' dir='ltr'>et</span> <span class='ocrx_word' id='word_1_384' title='bbox 847 2368 949 2397; x_wconf 80' lang='lat' dir='ltr'>Abiron</span> <span class='ocrx_word' id='word_1_385' title='bbox 971 2380 977 2395; x_wconf 89' lang='lat'>:</span> 
     </span>
     <span class='ocr_line' id='line_1_61' title="bbox 244 2414 979 2453; baseline 0 -10"><span class='ocrx_word' id='word_1_386' title='bbox 244 2416 310 2453; x_wconf 84' lang='lat' dir='ltr'>quid</span> <span class='ocrx_word' id='word_1_387' title='bbox 330 2416 416 2453; x_wconf 72' lang='lat' dir='ltr'>ergo?</span> <span class='ocrx_word' id='word_1_388' title='bbox 437 2425 524 2443; x_wconf 87' lang='lat' dir='ltr'>nonne</span> <span class='ocrx_word' id='word_1_389' title='bbox 538 2414 696 2453; x_wconf 77' lang='lat' dir='ltr'>perierunt?</span> <span class='ocrx_word' id='word_1_390' title='bbox 711 2414 902 2452; x_wconf 85' lang='lat' dir='ltr'>Unusquisque</span> <span class='ocrx_word' id='word_1_391' title='bbox 921 2425 979 2453; x_wconf 82' lang='lat' dir='ltr'>quae</span> 
     </span>
    </p>
   </div>
   <div class='ocr_carea' id='block_1_11' title="bbox 1000 151 1450 177">
    <p class='ocr_par' dir='ltr' id='par_1_11' title="bbox 1000 151 1450 177">
     <span class='ocr_line' id='line_1_62' title="bbox 1000 151 1450 177; baseline 0.009 -6"><span class='ocrx_word' id='word_1_392' title='bbox 1000 151 1142 174; x_wconf 81' lang='lat' dir='ltr'>ARCfflEP</span> <span class='ocrx_word' id='word_1_393' title='bbox 1149 165 1157 174; x_wconf 65' lang='lat' dir='ltr'>A</span> <span class='ocrx_word' id='word_1_394' title='bbox 1183 153 1309 176; x_wconf 71' lang='lat' dir='ltr'>CONSTA</span> <span class='ocrx_word' id='word_1_395' title='bbox 1316 154 1436 177; x_wconf 62' lang='lat' dir='ltr'>N&#39;nriov</span> <span class='ocrx_word' id='word_1_396' title='bbox 1444 169 1450 175; x_wconf 91' lang='lat'>.</span> 
     </span>
    </p>
   </div>
   <div class='ocr_carea' id='block_1_12' title="bbox 1020 209 1786 526">
    <p class='ocr_par' dir='ltr' id='par_1_12' title="bbox 1020 209 1786 526">
     <span class='ocr_line' id='line_1_63' title="bbox 1021 209 1785 253; baseline 0.003 -14"><span class='ocrx_word' id='word_1_397' title='bbox 1021 213 1065 240; x_wconf 86' lang='grc' dir='ltr'>λον</span> <span class='ocrx_word' id='word_1_398' title='bbox 1082 212 1146 250; x_wconf 87' lang='grc' dir='ltr'>πρὸς</span> <span class='ocrx_word' id='word_1_399' title='bbox 1162 212 1205 240; x_wconf 84' lang='grc' dir='ltr'>τὸν</span> <span class='ocrx_word' id='word_1_400' title='bbox 1219 213 1298 242; x_wconf 72' lang='grc' dir='ltr'>Θεόν.</span> <span class='ocrx_word' id='word_1_401' title='bbox 1316 214 1372 243; x_wconf 81' lang='grc' dir='ltr'>Κᾶν</span> <span class='ocrx_word' id='word_1_402' title='bbox 1394 217 1407 242; x_wconf 86' lang='grc' dir='ltr'>ὁ</span> <span class='ocrx_word' id='word_1_403' title='bbox 1421 213 1504 253; x_wconf 78' lang='grc' dir='ltr'>ἱερεὺς</span> <span class='ocrx_word' id='word_1_404' title='bbox 1524 212 1620 253; x_wconf 80' lang='grc' dir='ltr'>φαῦλος</span> <span class='ocrx_word' id='word_1_405' title='bbox 1634 209 1665 252; x_wconf 75' lang='grc' dir='ltr'>ᾗ,</span> <span class='ocrx_word' id='word_1_406' title='bbox 1686 215 1699 241; x_wconf 84' lang='grc' dir='ltr'>ὁ</span> <span class='ocrx_word' id='word_1_407' title='bbox 1717 213 1785 245; x_wconf 80' lang='grc' dir='ltr'>Θεὸς</span> 
     </span>
     <span class='ocr_line' id='line_1_64' title="bbox 1021 257 1786 298; baseline 0 -14"><span class='ocrx_word' id='word_1_408' title='bbox 1021 258 1087 296; x_wconf 83' lang='grc' dir='ltr'>ὁρῶν</span> <span class='ocrx_word' id='word_1_409' title='bbox 1101 257 1141 285; x_wconf 82' lang='grc' dir='ltr'>ὅτι</span> <span class='ocrx_word' id='word_1_410' title='bbox 1157 258 1199 286; x_wconf 83' lang='grc' dir='ltr'>διὰ</span> <span class='ocrx_word' id='word_1_411' title='bbox 1208 257 1255 293; x_wconf 79' lang='grc' dir='ltr'>τὴν</span> <span class='ocrx_word' id='word_1_412' title='bbox 1271 259 1335 297; x_wconf 83' lang='grc' dir='ltr'>πρὸς</span> <span class='ocrx_word' id='word_1_413' title='bbox 1348 260 1425 288; x_wconf 80' lang='grc' dir='ltr'>αὐτὸν</span> <span class='ocrx_word' id='word_1_414' title='bbox 1437 260 1518 298; x_wconf 85' lang='grc' dir='ltr'>τιμὴν</span> <span class='ocrx_word' id='word_1_415' title='bbox 1533 258 1578 287; x_wconf 78' lang='grc' dir='ltr'>καὶ</span> <span class='ocrx_word' id='word_1_416' title='bbox 1591 259 1634 287; x_wconf 77' lang='grc' dir='ltr'>τὸν</span> <span class='ocrx_word' id='word_1_417' title='bbox 1653 259 1698 287; x_wconf 85' lang='grc' dir='ltr'>οὐκ</span> <span class='ocrx_word' id='word_1_418' title='bbox 1715 258 1786 291; x_wconf 78' lang='grc' dir='ltr'>ἄξιον,</span> 
     </span>
     <span class='ocr_line' id='line_1_65' title="bbox 1021 303 1786 341; baseline 0.001 -11"><span class='ocrx_word' id='word_1_419' title='bbox 1021 304 1101 340; x_wconf 74' lang='grc' dir='ltr'>τιμῆς</span> <span class='ocrx_word' id='word_1_420' title='bbox 1115 303 1280 341; x_wconf 77' lang='grc' dir='ltr'>θεραπεύεις,</span> <span class='ocrx_word' id='word_1_421' title='bbox 1293 305 1338 332; x_wconf 77' lang='grc' dir='ltr'>καὶ</span> <span class='ocrx_word' id='word_1_422' title='bbox 1354 305 1428 337; x_wconf 76' lang='grc' dir='ltr'>αὐτὸς</span> <span class='ocrx_word' id='word_1_423' title='bbox 1443 304 1574 334; x_wconf 78' lang='grc' dir='ltr'>ἀποδώσει</span> <span class='ocrx_word' id='word_1_424' title='bbox 1589 317 1630 333; x_wconf 84' lang='grc' dir='ltr'>σοι</span> <span class='ocrx_word' id='word_1_425' title='bbox 1644 303 1691 339; x_wconf 77' lang='grc' dir='ltr'>τὴν</span> <span class='ocrx_word' id='word_1_426' title='bbox 1710 305 1786 341; x_wconf 78' lang='grc' dir='ltr'>ἀμοι-</span> 
     </span>
     <span class='ocr_line' id='line_1_66' title="bbox 1021 348 1786 389; baseline 0.001 -13"><span class='ocrx_word' id='word_1_427' title='bbox 1021 348 1079 383; x_wconf 71' lang='grc' dir='ltr'>ὅήν.</span> <span class='ocrx_word' id='word_1_428' title='bbox 1094 349 1126 377; x_wconf 81' lang='grc' dir='ltr'>Εἰ</span> <span class='ocrx_word' id='word_1_429' title='bbox 1140 349 1190 388; x_wconf 78' lang='grc' dir='ltr'>γὰρ</span> <span class='ocrx_word' id='word_1_430' title='bbox 1205 352 1218 377; x_wconf 86' lang='grc' dir='ltr'>ὁ</span> <span class='ocrx_word' id='word_1_431' title='bbox 1232 349 1369 388; x_wconf 66' lang='grc' dir='ltr'>δεχόμενος</span> <span class='ocrx_word' id='word_1_432' title='bbox 1384 351 1530 389; x_wconf 65' lang='grc' dir='ltr'>προφήτην,</span> <span class='ocrx_word' id='word_1_433' title='bbox 1546 351 1634 388; x_wconf 84' lang='grc' dir='ltr'>φησὶν,</span> <span class='ocrx_word' id='word_1_434' title='bbox 1652 350 1687 382; x_wconf 85' lang='grc' dir='ltr'>εἷς</span> <span class='ocrx_word' id='word_1_435' title='bbox 1704 350 1786 387; x_wconf 82' lang='grc' dir='ltr'>ὄνομα</span> 
     </span>
     <span class='ocr_line' id='line_1_67' title="bbox 1021 394 1785 434; baseline 0 -12"><span class='ocrx_word' id='word_1_436' title='bbox 1021 394 1173 433; x_wconf 69' lang='grc' dir='ltr'>προφήτου,</span> <span class='ocrx_word' id='word_1_437' title='bbox 1189 396 1280 433; x_wconf 76' lang='grc' dir='ltr'>μισθὸν</span> <span class='ocrx_word' id='word_1_438' title='bbox 1302 395 1436 434; x_wconf 62' lang='grc' dir='ltr'>προφήτου</span> <span class='ocrx_word' id='word_1_439' title='bbox 1460 397 1587 434; x_wconf 80' lang='grc' dir='ltr'>λήψεται·</span> <span class='ocrx_word' id='word_1_440' title='bbox 1600 396 1645 425; x_wconf 77' lang='grc' dir='ltr'>καὶ</span> <span class='ocrx_word' id='word_1_441' title='bbox 1668 398 1681 424; x_wconf 79' lang='lat'>6</span> <span class='ocrx_word' id='word_1_442' title='bbox 1701 397 1785 433; x_wconf 78' lang='grc' dir='ltr'>τιμῶν</span> 
     </span>
     <span class='ocr_line' id='line_1_68' title="bbox 1020 441 1783 482; baseline -0.001 -13"><span class='ocrx_word' id='word_1_443' title='bbox 1020 441 1065 469; x_wconf 79' lang='grc' dir='ltr'>καὶ</span> <span class='ocrx_word' id='word_1_444' title='bbox 1077 443 1090 469; x_wconf 90' lang='lat'>6</span> <span class='ocrx_word' id='word_1_445' title='bbox 1105 441 1182 470; x_wconf 84' lang='grc' dir='ltr'>εἴκων</span> <span class='ocrx_word' id='word_1_446' title='bbox 1194 442 1239 470; x_wconf 75' lang='grc' dir='ltr'>καὶ</span> <span class='ocrx_word' id='word_1_447' title='bbox 1254 441 1402 476; x_wconf 78' lang='grc' dir='ltr'>ὑπακούων,</span> <span class='ocrx_word' id='word_1_448' title='bbox 1417 441 1537 476; x_wconf 81' lang='grc' dir='ltr'>δηλονότι</span> <span class='ocrx_word' id='word_1_449' title='bbox 1551 444 1588 481; x_wconf 82' lang='grc' dir='ltr'>τῷ</span> <span class='ocrx_word' id='word_1_450' title='bbox 1602 445 1673 482; x_wconf 83' lang='grc' dir='ltr'>ἱερεῖ.</span> <span class='ocrx_word' id='word_1_451' title='bbox 1685 443 1719 470; x_wconf 83' lang='grc' dir='ltr'>Εἰ</span> <span class='ocrx_word' id='word_1_452' title='bbox 1733 441 1783 480; x_wconf 86' lang='grc' dir='ltr'>γὰρ</span> 
     </span>
     <span class='ocr_line' id='line_1_69' title="bbox 1020 483 1784 526; baseline 0 -10"><span class='ocrx_word' id='word_1_453' title='bbox 1020 488 1080 516; x_wconf 79' lang='grc' dir='ltr'>ἔνθα</span> <span class='ocrx_word' id='word_1_454' title='bbox 1094 487 1239 526; x_wconf 76' lang='grc' dir='ltr'>φιλοξενίας</span> <span class='ocrx_word' id='word_1_455' title='bbox 1252 488 1327 526; x_wconf 80' lang='grc' dir='ltr'>λόγος</span> <span class='ocrx_word' id='word_1_456' title='bbox 1337 510 1343 522; x_wconf 85' lang='grc'>,</span> <span class='ocrx_word' id='word_1_457' title='bbox 1357 487 1417 516; x_wconf 76' lang='grc' dir='ltr'>ἔνθα</span> <span class='ocrx_word' id='word_1_458' title='bbox 1432 488 1478 516; x_wconf 84' lang='grc' dir='ltr'>οὒκ</span> <span class='ocrx_word' id='word_1_459' title='bbox 1489 483 1558 519; x_wconf 69' lang='grc' dir='ltr'>οἶδας</span> <span class='ocrx_word' id='word_1_460' title='bbox 1574 488 1617 516; x_wconf 80' lang='grc' dir='ltr'>τὸν</span> <span class='ocrx_word' id='word_1_461' title='bbox 1631 487 1784 525; x_wconf 79' lang='grc' dir='ltr'>καταγόμε-</span> 
     </span>
    </p>
   </div>
   <div class='ocr_carea' id='block_1_13' title="bbox 986 528 1786 572">
    <p class='ocr_par' dir='ltr' id='par_1_13' title="bbox 986 528 1786 572">
     <span class='ocr_line' id='line_1_70' title="bbox 986 528 1786 572; baseline 0 -11"><span class='ocrx_word' id='word_1_462' title='bbox 986 535 1002 557; x_wconf 82' lang='lat' dir='ltr'>E</span> <span class='ocrx_word' id='word_1_463' title='bbox 1019 545 1071 569; x_wconf 81' lang='grc' dir='ltr'>νον,</span> <span class='ocrx_word' id='word_1_464' title='bbox 1086 536 1207 562; x_wconf 77' lang='grc' dir='ltr'>τοσοῦτον</span> <span class='ocrx_word' id='word_1_465' title='bbox 1225 533 1369 571; x_wconf 71' lang='grc' dir='ltr'>λαμίοίνεις</span> <span class='ocrx_word' id='word_1_466' title='bbox 1381 533 1473 570; x_wconf 73' lang='grc' dir='ltr'>μισθόν</span> <span class='ocrx_word' id='word_1_467' title='bbox 1485 545 1490 550; x_wconf 92' lang='grc'>·</span> <span class='ocrx_word' id='word_1_468' title='bbox 1504 528 1525 572; x_wconf 75' lang='grc' dir='ltr'>ᾧ</span> <span class='ocrx_word' id='word_1_469' title='bbox 1541 533 1586 561; x_wconf 82' lang='grc' dir='ltr'>καὶ</span> <span class='ocrx_word' id='word_1_470' title='bbox 1605 533 1703 561; x_wconf 80' lang='grc' dir='ltr'>κελεύει</span> <span class='ocrx_word' id='word_1_471' title='bbox 1718 535 1786 561; x_wconf 79' lang='grc' dir='ltr'>ὓπο-</span> 
     </span>
    </p>
   </div>
   <div class='ocr_carea' id='block_1_14' title="bbox 1018 578 1787 939">
    <p class='ocr_par' dir='ltr' id='par_1_14' title="bbox 1018 578 1787 939">
     <span class='ocr_line' id='line_1_71' title="bbox 1018 578 1786 617; baseline -0.003 -9"><span class='ocrx_word' id='word_1_472' title='bbox 1018 579 1176 615; x_wconf 75' lang='grc' dir='ltr'>τοίσσεσθαι,</span> <span class='ocrx_word' id='word_1_473' title='bbox 1192 579 1221 607; x_wconf 75' lang='grc' dir='ltr'>ἂν</span> <span class='ocrx_word' id='word_1_474' title='bbox 1246 581 1393 617; x_wconf 55' lang='grc' dir='ltr'>ὑποταγῆς,</span> <span class='ocrx_word' id='word_1_475' title='bbox 1415 579 1505 617; x_wconf 84' lang='grc' dir='ltr'>πολλῷ</span> <span class='ocrx_word' id='word_1_476' title='bbox 1529 579 1638 616; x_wconf 83' lang='grc' dir='ltr'>μᾶλλον.</span> <span class='ocrx_word' id='word_1_477' title='bbox 1654 578 1718 607; x_wconf 79' lang='grc' dir='ltr'>Ἐπὶ</span> <span class='ocrx_word' id='word_1_478' title='bbox 1738 581 1786 613; x_wconf 65' lang='grc' dir='ltr'>τῆς</span> 
     </span>
     <span class='ocr_line' id='line_1_72' title="bbox 1019 624 1785 664; baseline -0.003 -10"><span class='ocrx_word' id='word_1_479' title='bbox 1019 625 1168 660; x_wconf 79' lang='grc' dir='ltr'>Μωϋσέως,</span> <span class='ocrx_word' id='word_1_480' title='bbox 1186 624 1264 663; x_wconf 72' lang='grc' dir='ltr'>φησὶ,</span> <span class='ocrx_word' id='word_1_481' title='bbox 1279 624 1407 664; x_wconf 75' lang='grc' dir='ltr'>καθέδρας</span> <span class='ocrx_word' id='word_1_482' title='bbox 1427 624 1551 653; x_wconf 72' lang='grc' dir='ltr'>ἐκάθισαν</span> <span class='ocrx_word' id='word_1_483' title='bbox 1575 627 1598 652; x_wconf 87' lang='grc' dir='ltr'>οἱ</span> <span class='ocrx_word' id='word_1_484' title='bbox 1619 628 1785 662; x_wconf 83' lang='grc' dir='ltr'>γραμματεῖς</span> 
     </span>
     <span class='ocr_line' id='line_1_73' title="bbox 1019 665 1784 708; baseline -0.001 -10"><span class='ocrx_word' id='word_1_485' title='bbox 1019 670 1063 698; x_wconf 82' lang='grc' dir='ltr'>καὶ</span> <span class='ocrx_word' id='word_1_486' title='bbox 1078 672 1101 698; x_wconf 86' lang='grc' dir='ltr'>οἵ</span> <span class='ocrx_word' id='word_1_487' title='bbox 1123 671 1284 708; x_wconf 82' lang='grc' dir='ltr'>Φαρισαῖοι·</span> <span class='ocrx_word' id='word_1_488' title='bbox 1299 670 1387 699; x_wconf 79' lang='grc' dir='ltr'>πάντα</span> <span class='ocrx_word' id='word_1_489' title='bbox 1410 665 1463 705; x_wconf 65' lang='grc' dir='ltr'>οῦν,</span> <span class='ocrx_word' id='word_1_490' title='bbox 1480 669 1528 698; x_wconf 78' lang='grc' dir='ltr'>ὅσα</span> <span class='ocrx_word' id='word_1_491' title='bbox 1541 669 1571 698; x_wconf 80' lang='grc' dir='ltr'>ἂν</span> <span class='ocrx_word' id='word_1_492' title='bbox 1591 669 1702 707; x_wconf 79' lang='grc' dir='ltr'>λέγωσιν</span> <span class='ocrx_word' id='word_1_493' title='bbox 1723 671 1784 707; x_wconf 72' lang='grc' dir='ltr'>ὑμῖν</span> 
     </span>
     <span class='ocr_line' id='line_1_74' title="bbox 1019 714 1783 756; baseline -0.001 -12"><span class='ocrx_word' id='word_1_494' title='bbox 1019 720 1112 751; x_wconf 82' lang='grc' dir='ltr'>ποιεῖν,</span> <span class='ocrx_word' id='word_1_495' title='bbox 1127 720 1227 745; x_wconf 85' lang='grc' dir='ltr'>ποιεῖτε</span> <span class='ocrx_word' id='word_1_496' title='bbox 1237 728 1242 734; x_wconf 91' lang='grc'><em>·</em></span> <span class='ocrx_word' id='word_1_497' title='bbox 1257 716 1325 746; x_wconf 83' lang='grc' dir='ltr'>κατὰ</span> <span class='ocrx_word' id='word_1_498' title='bbox 1342 716 1369 745; x_wconf 81' lang='grc' dir='ltr'>δὲ</span> <span class='ocrx_word' id='word_1_499' title='bbox 1390 716 1423 745; x_wconf 83' lang='grc' dir='ltr'>τὰ</span> <span class='ocrx_word' id='word_1_500' title='bbox 1436 716 1500 756; x_wconf 81' lang='grc' dir='ltr'>ἔργα</span> <span class='ocrx_word' id='word_1_501' title='bbox 1515 717 1600 744; x_wconf 78' lang='grc' dir='ltr'>αὐτῶν</span> <span class='ocrx_word' id='word_1_502' title='bbox 1622 714 1658 753; x_wconf 80' lang='grc' dir='ltr'>μὴ</span> <span class='ocrx_word' id='word_1_503' title='bbox 1673 719 1783 744; x_wconf 85' lang='grc' dir='ltr'>ποιεῖτε.</span> 
     </span>
     <span class='ocr_line' id='line_1_75' title="bbox 1021 757 1785 801; baseline -0.003 -11"><span class='ocrx_word' id='word_1_504' title='bbox 1021 764 1078 791; x_wconf 76' lang='grc' dir='ltr'>Οὐκ</span> <span class='ocrx_word' id='word_1_505' title='bbox 1093 757 1163 794; x_wconf 64' lang='grc' dir='ltr'>οἶδας</span> <span class='ocrx_word' id='word_1_506' title='bbox 1174 762 1200 790; x_wconf 87' lang='grc' dir='ltr'>τί</span> <span class='ocrx_word' id='word_1_507' title='bbox 1214 763 1284 791; x_wconf 77' lang='grc' dir='ltr'>ἐστιν</span> <span class='ocrx_word' id='word_1_508' title='bbox 1309 765 1322 791; x_wconf 89' lang='lat'>6</span> <span class='ocrx_word' id='word_1_509' title='bbox 1344 762 1439 801; x_wconf 57' lang='grc' dir='ltr'>ἱερεύς</span> <span class='ocrx_word' id='word_1_510' title='bbox 1455 762 1577 800; x_wconf 76' lang='grc' dir='ltr'>Ἀγγελος</span> <span class='ocrx_word' id='word_1_511' title='bbox 1598 760 1695 800; x_wconf 79' lang='grc' dir='ltr'>Κυρίου</span> <span class='ocrx_word' id='word_1_512' title='bbox 1718 760 1785 790; x_wconf 78' lang='grc' dir='ltr'>ἔστί.</span> 
     </span>
     <span class='ocr_line' id='line_1_76' title="bbox 1020 807 1787 847; baseline -0.001 -11"><span class='ocrx_word' id='word_1_513' title='bbox 1020 808 1066 843; x_wconf 84' lang='grc' dir='ltr'>Μὴ</span> <span class='ocrx_word' id='word_1_514' title='bbox 1081 807 1132 846; x_wconf 83' lang='grc' dir='ltr'>γὰρ</span> <span class='ocrx_word' id='word_1_515' title='bbox 1146 808 1178 836; x_wconf 83' lang='grc' dir='ltr'>τὰ</span> <span class='ocrx_word' id='word_1_516' title='bbox 1190 809 1282 836; x_wconf 85' lang='grc' dir='ltr'>ἑαυτοῦ</span> <span class='ocrx_word' id='word_1_517' title='bbox 1296 808 1382 847; x_wconf 65' lang='grc' dir='ltr'>λέγεις</span> <span class='ocrx_word' id='word_1_518' title='bbox 1397 810 1430 838; x_wconf 79' lang='grc' dir='ltr'>Εἰ</span> <span class='ocrx_word' id='word_1_519' title='bbox 1444 813 1615 847; x_wconf 67' lang='grc' dir='ltr'>καταφρονεῖς</span> <span class='ocrx_word' id='word_1_520' title='bbox 1627 808 1721 842; x_wconf 81' lang='grc' dir='ltr'>αὖτοῦ,</span> <span class='ocrx_word' id='word_1_521' title='bbox 1740 808 1787 835; x_wconf 84' lang='grc' dir='ltr'>οὔκ</span> 
     </span>
     <span class='ocr_line' id='line_1_77' title="bbox 1021 852 1786 893; baseline -0.004 -11"><span class='ocrx_word' id='word_1_522' title='bbox 1021 855 1098 882; x_wconf 71' lang='grc' dir='ltr'>αὐτοῦ</span> <span class='ocrx_word' id='word_1_523' title='bbox 1115 858 1284 892; x_wconf 68' lang='grc' dir='ltr'>καταφρονεῖς</span> <span class='ocrx_word' id='word_1_524' title='bbox 1295 877 1302 889; x_wconf 85' lang='grc'>,</span> <span class='ocrx_word' id='word_1_525' title='bbox 1319 854 1388 882; x_wconf 83' lang='grc' dir='ltr'>ἀλλὰ</span> <span class='ocrx_word' id='word_1_526' title='bbox 1405 857 1450 882; x_wconf 84' lang='grc' dir='ltr'>τοῦ</span> <span class='ocrx_word' id='word_1_527' title='bbox 1463 853 1695 893; x_wconf 76' lang='grc' dir='ltr'>χειροτονήσαντος</span> <span class='ocrx_word' id='word_1_528' title='bbox 1710 852 1786 881; x_wconf 79' lang='grc' dir='ltr'>αὗτὸν</span> 
     </span>
     <span class='ocr_line' id='line_1_78' title="bbox 1021 899 1786 939; baseline 0 -12"><span class='ocrx_word' id='word_1_529' title='bbox 1021 902 1099 928; x_wconf 85' lang='grc' dir='ltr'>Θεοῦ.</span> <span class='ocrx_word' id='word_1_530' title='bbox 1111 900 1164 928; x_wconf 83' lang='grc' dir='ltr'>Καὶ</span> <span class='ocrx_word' id='word_1_531' title='bbox 1177 900 1254 929; x_wconf 81' lang='grc' dir='ltr'>πόθεν</span> <span class='ocrx_word' id='word_1_532' title='bbox 1270 901 1347 935; x_wconf 67' lang='grc' dir='ltr'>δῆλον</span> <span class='ocrx_word' id='word_1_533' title='bbox 1360 900 1400 929; x_wconf 78' lang='grc' dir='ltr'>ὅτι</span> <span class='ocrx_word' id='word_1_534' title='bbox 1413 903 1425 929; x_wconf 98' lang='lat'>6</span> <span class='ocrx_word' id='word_1_535' title='bbox 1436 900 1503 932; x_wconf 76' lang='grc' dir='ltr'>Θεὸς</span> <span class='ocrx_word' id='word_1_536' title='bbox 1518 899 1714 939; x_wconf 68' lang='grc' dir='ltr'>ἐχειροτόνησεν</span> <span class='ocrx_word' id='word_1_537' title='bbox 1735 900 1786 928; x_wconf 81' lang='grc' dir='ltr'>αὖ-</span> 
     </span>
    </p>
   </div>
   <div class='ocr_carea' id='block_1_15' title="bbox 988 945 1785 985">
    <p class='ocr_par' dir='ltr' id='par_1_15' title="bbox 988 945 1785 985">
     <span class='ocr_line' id='line_1_79' title="bbox 1020 945 1653 964; baseline -0.002 -1"><span class='ocrx_word' id='word_1_538' title='bbox 1020 946 1043 963; x_wconf 55' lang='lat' dir='ltr'>—l</span> <span class='ocrx_word' id='word_1_539' title='bbox 1084 957 1090 964; x_wconf 79' lang='grc'><strong><em>,</em></strong></span> <span class='ocrx_word' id='word_1_540' title='bbox 1103 958 1108 963; x_wconf 75' lang='lat'><strong>.</strong></span> <span class='ocrx_word' id='word_1_541' title='bbox 1142 946 1148 955; x_wconf 90' lang='lat'><strong><em>¹</em></strong></span> <span class='ocrx_word' id='word_1_542' title='bbox 1172 957 1178 963; x_wconf 84' lang='lat'>.</span> <span class='ocrx_word' id='word_1_543' title='bbox 1215 947 1222 955; x_wconf 66' lang='lat'>³</span> <span class='ocrx_word' id='word_1_544' title='bbox 1258 949 1274 955; x_wconf 58' lang='grc' dir='ltr'><strong><em>Ν</em></strong></span> <span class='ocrx_word' id='word_1_545' title='bbox 1327 948 1334 957; x_wconf 78' lang='lat'>‘</span> <span class='ocrx_word' id='word_1_546' title='bbox 1364 946 1375 963; x_wconf 60' lang='lat' dir='ltr'>‚l</span> <span class='ocrx_word' id='word_1_547' title='bbox 1430 945 1436 955; x_wconf 65' lang='lat' dir='ltr'><em>s</em></span> <span class='ocrx_word' id='word_1_548' title='bbox 1457 958 1461 962; x_wconf 94' lang='lat'>.</span> <span class='ocrx_word' id='word_1_549' title='bbox 1502 945 1517 961; x_wconf 50' lang='grc' dir='ltr'>’ἲ</span> <span class='ocrx_word' id='word_1_550' title='bbox 1602 945 1609 956; x_wconf 60' lang='lat'><em>¹</em></span> <span class='ocrx_word' id='word_1_551' title='bbox 1645 947 1653 956; x_wconf 83' lang='lat'><em>‘</em></span> 
     </span>
     <span class='ocr_line' id='line_1_80' title="bbox 988 945 1785 985; baseline -0.005 -9"><span class='ocrx_word' id='word_1_552' title='bbox 988 954 1004 976; x_wconf 90' lang='lat' dir='ltr'>F</span> <span class='ocrx_word' id='word_1_553' title='bbox 1025 958 1073 981; x_wconf 67' lang='grc' dir='ltr'>ιον,</span> <span class='ocrx_word' id='word_1_554' title='bbox 1085 957 1163 985; x_wconf 52' lang='grc' dir='ltr'>,ρ’-,σιν</span> <span class='ocrx_word' id='word_1_555' title='bbox 1172 947 1298 982; x_wconf 83' lang='grc' dir='ltr'>,Ουκουν,</span> <span class='ocrx_word' id='word_1_556' title='bbox 1313 959 1335 974; x_wconf 77' lang='grc' dir='ltr'>ει</span> <span class='ocrx_word' id='word_1_557' title='bbox 1344 959 1380 984; x_wconf 75' lang='grc' dir='ltr'>μή</span> <span class='ocrx_word' id='word_1_558' title='bbox 1389 958 1487 980; x_wconf 67' lang='grc' dir='ltr'>ταυτην</span> <span class='ocrx_word' id='word_1_559' title='bbox 1499 957 1568 984; x_wconf 59' lang='lat' dir='ltr'>&amp;Lete</span> <span class='ocrx_word' id='word_1_560' title='bbox 1581 957 1629 980; x_wconf 88' lang='grc' dir='ltr'>την</span> <span class='ocrx_word' id='word_1_561' title='bbox 1644 945 1785 983; x_wconf 85' lang='grc' dir='ltr'>υπόληψιν,</span> 
     </span>
    </p>
   </div>
   <div class='ocr_carea' id='block_1_16' title="bbox 1020 989 1790 1158">
    <p class='ocr_par' dir='ltr' id='par_1_16' title="bbox 1020 989 1790 1158">
     <span class='ocr_line' id='line_1_81' title="bbox 1020 989 1789 1030; baseline -0.001 -12"><span class='ocrx_word' id='word_1_562' title='bbox 1020 994 1036 1026; x_wconf 78' lang='grc' dir='ltr'>ἡ</span> <span class='ocrx_word' id='word_1_563' title='bbox 1060 991 1134 1024; x_wconf 78' lang='grc' dir='ltr'>ἐλπίς</span> <span class='ocrx_word' id='word_1_564' title='bbox 1149 1003 1193 1020; x_wconf 84' lang='grc' dir='ltr'>σου</span> <span class='ocrx_word' id='word_1_565' title='bbox 1207 991 1360 1020; x_wconf 78' lang='grc' dir='ltr'>κεκένωται.</span> <span class='ocrx_word' id='word_1_566' title='bbox 1372 992 1406 1020; x_wconf 85' lang='grc' dir='ltr'>Εἰ</span> <span class='ocrx_word' id='word_1_567' title='bbox 1421 991 1472 1030; x_wconf 84' lang='grc' dir='ltr'>γὰρ</span> <span class='ocrx_word' id='word_1_568' title='bbox 1487 991 1570 1028; x_wconf 75' lang='grc' dir='ltr'>μηδὲν</span> <span class='ocrx_word' id='word_1_569' title='bbox 1583 992 1682 1028; x_wconf 77' lang='grc' dir='ltr'>ἐνεργεῖ</span> <span class='ocrx_word' id='word_1_570' title='bbox 1693 992 1707 1018; x_wconf 84' lang='grc' dir='ltr'><strong>ὁ</strong></span> <span class='ocrx_word' id='word_1_571' title='bbox 1721 989 1789 1022; x_wconf 85' lang='grc' dir='ltr'>Θεὸς</span> 
     </span>
     <span class='ocr_line' id='line_1_82' title="bbox 1021 1034 1788 1076; baseline -0.004 -11"><span class='ocrx_word' id='word_1_572' title='bbox 1021 1037 1054 1065; x_wconf 82' lang='grc' dir='ltr'>δι’</span> <span class='ocrx_word' id='word_1_573' title='bbox 1065 1038 1144 1065; x_wconf 77' lang='grc' dir='ltr'>αὐτοῦ</span> <span class='ocrx_word' id='word_1_574' title='bbox 1153 1058 1160 1071; x_wconf 87' lang='grc'>,</span> <span class='ocrx_word' id='word_1_575' title='bbox 1175 1037 1234 1066; x_wconf 76' lang='grc' dir='ltr'>οὔτε</span> <span class='ocrx_word' id='word_1_576' title='bbox 1248 1037 1356 1076; x_wconf 78' lang='grc' dir='ltr'>λουτρὸν</span> <span class='ocrx_word' id='word_1_577' title='bbox 1371 1036 1439 1075; x_wconf 73' lang='grc' dir='ltr'>ἔχεις</span> <span class='ocrx_word' id='word_1_578' title='bbox 1449 1059 1456 1072; x_wconf 88' lang='lat'>‚</span> <span class='ocrx_word' id='word_1_579' title='bbox 1466 1036 1525 1065; x_wconf 79' lang='grc' dir='ltr'>οὔτε</span> <span class='ocrx_word' id='word_1_580' title='bbox 1543 1035 1693 1073; x_wconf 85' lang='grc' dir='ltr'>μυστηρίων</span> <span class='ocrx_word' id='word_1_581' title='bbox 1711 1034 1788 1073; x_wconf 80' lang='grc' dir='ltr'>μετέ-</span> 
     </span>
     <span class='ocr_line' id='line_1_83' title="bbox 1021 1080 1790 1122; baseline -0.003 -11"><span class='ocrx_word' id='word_1_582' title='bbox 1021 1085 1093 1122; x_wconf 64' lang='grc' dir='ltr'>χεις,</span> <span class='ocrx_word' id='word_1_583' title='bbox 1114 1083 1172 1111; x_wconf 78' lang='grc' dir='ltr'>οὔτε</span> <span class='ocrx_word' id='word_1_584' title='bbox 1189 1084 1311 1121; x_wconf 77' lang='grc' dir='ltr'>εὐλογιῶν</span> <span class='ocrx_word' id='word_1_585' title='bbox 1329 1082 1485 1115; x_wconf 78' lang='grc' dir='ltr'>ἀπολαύεις·</span> <span class='ocrx_word' id='word_1_586' title='bbox 1502 1083 1547 1110; x_wconf 85' lang='grc' dir='ltr'>οὐκ</span> <span class='ocrx_word' id='word_1_587' title='bbox 1568 1081 1618 1120; x_wconf 84' lang='grc' dir='ltr'>ἄρα</span> <span class='ocrx_word' id='word_1_588' title='bbox 1633 1080 1790 1121; x_wconf 80' lang='grc' dir='ltr'>Χριστιανὸς</span> 
     </span>
     <span class='ocr_line' id='line_1_84' title="bbox 1023 1141 1053 1158; baseline 0.067 -2"><span class='ocrx_word' id='word_1_589' title='bbox 1023 1141 1053 1158; x_wconf 81' lang='grc' dir='ltr'>ει.</span> 
     </span>
    </p>
   </div>
   <div class='ocr_carea' id='block_1_17' title="bbox 1025 1309 1796 1768">
    <p class='ocr_par' dir='ltr' id='par_1_17' title="bbox 1025 1309 1796 1768">
     <span class='ocr_line' id='line_1_85' title="bbox 1062 1309 1792 1352; baseline -0.003 -10"><span class='ocrx_word' id='word_1_590' title='bbox 1062 1313 1097 1342; x_wconf 89' lang='grc' dir='ltr'>Τί</span> <span class='ocrx_word' id='word_1_591' title='bbox 1111 1309 1169 1349; x_wconf 61' lang='grc' dir='ltr'>οὖν,</span> <span class='ocrx_word' id='word_1_592' title='bbox 1186 1314 1249 1352; x_wconf 78' lang='grc' dir='ltr'>φησί</span> <span class='ocrx_word' id='word_1_593' title='bbox 1260 1325 1266 1331; x_wconf 86' lang='lat'><strong>·</strong></span> <span class='ocrx_word' id='word_1_594' title='bbox 1282 1314 1382 1347; x_wconf 81' lang='grc' dir='ltr'>πάντας</span> <span class='ocrx_word' id='word_1_595' title='bbox 1393 1317 1406 1343; x_wconf 87' lang='grc' dir='ltr'>ὁ</span> <span class='ocrx_word' id='word_1_596' title='bbox 1418 1314 1485 1347; x_wconf 83' lang='grc' dir='ltr'>Θεὸς</span> <span class='ocrx_word' id='word_1_597' title='bbox 1500 1317 1658 1352; x_wconf 79' lang='grc' dir='ltr'>χειροτονεῖ,</span> <span class='ocrx_word' id='word_1_598' title='bbox 1669 1311 1714 1341; x_wconf 79' lang='grc' dir='ltr'>καὶ</span> <span class='ocrx_word' id='word_1_599' title='bbox 1732 1311 1792 1345; x_wconf 76' lang='grc' dir='ltr'>τοὺς</span> 
     </span>
     <span class='ocr_line' id='line_1_86' title="bbox 1025 1358 1793 1398; baseline 0 -11"><span class='ocrx_word' id='word_1_600' title='bbox 1025 1359 1160 1395; x_wconf 81' lang='grc' dir='ltr'>ἀναξίους;</span> <span class='ocrx_word' id='word_1_601' title='bbox 1176 1360 1282 1393; x_wconf 77' lang='grc' dir='ltr'>Πάντας</span> <span class='ocrx_word' id='word_1_602' title='bbox 1295 1360 1341 1398; x_wconf 72' lang='grc' dir='ltr'>μὲν</span> <span class='ocrx_word' id='word_1_603' title='bbox 1353 1362 1366 1388; x_wconf 86' lang='grc' dir='ltr'>ὁ</span> <span class='ocrx_word' id='word_1_604' title='bbox 1377 1361 1445 1392; x_wconf 85' lang='grc' dir='ltr'>Θεὸς</span> <span class='ocrx_word' id='word_1_605' title='bbox 1454 1362 1482 1388; x_wconf 82' lang='grc' dir='ltr'>οὐ</span> <span class='ocrx_word' id='word_1_606' title='bbox 1495 1363 1653 1398; x_wconf 75' lang='grc' dir='ltr'>χειροτονεῖ,</span> <span class='ocrx_word' id='word_1_607' title='bbox 1664 1358 1707 1387; x_wconf 79' lang='grc' dir='ltr'>διὰ</span> <span class='ocrx_word' id='word_1_608' title='bbox 1719 1358 1793 1387; x_wconf 82' lang='grc' dir='ltr'>πάν-</span> 
     </span>
     <span class='ocr_line' id='line_1_87' title="bbox 1026 1402 1793 1444; baseline 0.001 -10"><span class='ocrx_word' id='word_1_609' title='bbox 1026 1418 1076 1434; x_wconf 87' lang='grc' dir='ltr'>των</span> <span class='ocrx_word' id='word_1_610' title='bbox 1091 1405 1118 1434; x_wconf 78' lang='grc' dir='ltr'>δὲ</span> <span class='ocrx_word' id='word_1_611' title='bbox 1136 1405 1212 1437; x_wconf 79' lang='grc' dir='ltr'>αὐτὸς</span> <span class='ocrx_word' id='word_1_612' title='bbox 1235 1407 1349 1444; x_wconf 77' lang='grc' dir='ltr'>ἐνεργεῖ,</span> <span class='ocrx_word' id='word_1_613' title='bbox 1361 1407 1382 1434; x_wconf 80' lang='grc' dir='ltr'>εἷ</span> <span class='ocrx_word' id='word_1_614' title='bbox 1397 1406 1442 1434; x_wconf 75' lang='grc' dir='ltr'>καὶ</span> <span class='ocrx_word' id='word_1_615' title='bbox 1458 1406 1532 1435; x_wconf 80' lang='grc' dir='ltr'>αὐτοὶ</span> <span class='ocrx_word' id='word_1_616' title='bbox 1551 1402 1601 1435; x_wconf 72' lang='grc' dir='ltr'>ε’ῖεν</span> <span class='ocrx_word' id='word_1_617' title='bbox 1619 1406 1734 1442; x_wconf 77' lang='grc' dir='ltr'>ἀνάξιοι,</span> <span class='ocrx_word' id='word_1_618' title='bbox 1749 1407 1793 1435; x_wconf 68' lang='grc' dir='ltr'>διὰ</span> 
     </span>
     <span class='ocr_line' id='line_1_88' title="bbox 1025 1451 1794 1490; baseline 0.003 -12"><span class='ocrx_word' id='word_1_619' title='bbox 1025 1451 1055 1478; x_wconf 83' lang='grc' dir='ltr'>τὸ</span> <span class='ocrx_word' id='word_1_620' title='bbox 1070 1453 1186 1485; x_wconf 71' lang='grc' dir='ltr'>σωθῆναι</span> <span class='ocrx_word' id='word_1_621' title='bbox 1209 1451 1252 1479; x_wconf 86' lang='grc' dir='ltr'>τὸν</span> <span class='ocrx_word' id='word_1_622' title='bbox 1271 1451 1344 1479; x_wconf 85' lang='grc' dir='ltr'>λαόν.</span> <span class='ocrx_word' id='word_1_623' title='bbox 1360 1452 1393 1480; x_wconf 72' lang='lat' dir='ltr'>Ei</span> <span class='ocrx_word' id='word_1_624' title='bbox 1413 1451 1463 1490; x_wconf 79' lang='grc' dir='ltr'>γὰρ</span> <span class='ocrx_word' id='word_1_625' title='bbox 1477 1452 1510 1480; x_wconf 81' lang='grc' dir='ltr'>δι’</span> <span class='ocrx_word' id='word_1_626' title='bbox 1535 1452 1592 1480; x_wconf 84' lang='grc' dir='ltr'>ὄνου</span> <span class='ocrx_word' id='word_1_627' title='bbox 1602 1474 1609 1487; x_wconf 90' lang='grc'>,</span> <span class='ocrx_word' id='word_1_628' title='bbox 1621 1452 1666 1480; x_wconf 84' lang='grc' dir='ltr'>καὶ</span> <span class='ocrx_word' id='word_1_629' title='bbox 1681 1451 1724 1480; x_wconf 80' lang='grc' dir='ltr'>διὰ</span> <span class='ocrx_word' id='word_1_630' title='bbox 1738 1453 1794 1480; x_wconf 83' lang='grc' dir='ltr'>Βα-</span> 
     </span>
     <span class='ocr_line' id='line_1_89' title="bbox 1026 1496 1793 1535; baseline 0.001 -10"><span class='ocrx_word' id='word_1_631' title='bbox 1026 1496 1117 1534; x_wconf 73' lang='grc' dir='ltr'>λαὰμ,</span> <span class='ocrx_word' id='word_1_632' title='bbox 1134 1496 1176 1524; x_wconf 80' lang='grc' dir='ltr'>διὰ</span> <span class='ocrx_word' id='word_1_633' title='bbox 1192 1501 1287 1535; x_wconf 77' lang='grc' dir='ltr'>μιαροῦ</span> <span class='ocrx_word' id='word_1_634' title='bbox 1302 1496 1440 1535; x_wconf 76' lang='grc' dir='ltr'>ἀνῡρώπου</span> <span class='ocrx_word' id='word_1_635' title='bbox 1452 1519 1458 1533; x_wconf 86' lang='grc'>,</span> <span class='ocrx_word' id='word_1_636' title='bbox 1472 1499 1518 1526; x_wconf 88' lang='grc' dir='ltr'>τοῦ</span> <span class='ocrx_word' id='word_1_637' title='bbox 1541 1499 1605 1526; x_wconf 79' lang='grc' dir='ltr'>λαοῦ</span> <span class='ocrx_word' id='word_1_638' title='bbox 1627 1498 1714 1526; x_wconf 79' lang='grc' dir='ltr'>ἕνεκεν</span> <span class='ocrx_word' id='word_1_639' title='bbox 1729 1497 1793 1526; x_wconf 64' lang='grc' dir='ltr'>ἐλά·</span> 
     </span>
     <span class='ocr_line' id='line_1_90' title="bbox 1027 1543 1795 1584; baseline 0.003 -13"><span class='ocrx_word' id='word_1_640' title='bbox 1027 1545 1106 1579; x_wconf 81' lang='grc' dir='ltr'>λησε,</span> <span class='ocrx_word' id='word_1_641' title='bbox 1116 1544 1206 1582; x_wconf 85' lang='grc' dir='ltr'>πολλῷ</span> <span class='ocrx_word' id='word_1_642' title='bbox 1220 1544 1318 1580; x_wconf 84' lang='grc' dir='ltr'>μᾶλλον</span> <span class='ocrx_word' id='word_1_643' title='bbox 1342 1543 1384 1571; x_wconf 77' lang='grc' dir='ltr'>διὰ</span> <span class='ocrx_word' id='word_1_644' title='bbox 1398 1546 1442 1572; x_wconf 86' lang='grc' dir='ltr'>τοῦ</span> <span class='ocrx_word' id='word_1_645' title='bbox 1458 1543 1555 1582; x_wconf 80' lang='grc' dir='ltr'>ἱερέως.</span> <span class='ocrx_word' id='word_1_646' title='bbox 1568 1544 1604 1573; x_wconf 90' lang='grc' dir='ltr'>Τί</span> <span class='ocrx_word' id='word_1_647' title='bbox 1617 1544 1669 1584; x_wconf 84' lang='grc' dir='ltr'>γὰρ</span> <span class='ocrx_word' id='word_1_648' title='bbox 1682 1546 1710 1572; x_wconf 83' lang='grc' dir='ltr'>οὗ</span> <span class='ocrx_word' id='word_1_649' title='bbox 1725 1549 1795 1574; x_wconf 88' lang='grc' dir='ltr'>ποιεῖ</span> 
     </span>
     <span class='ocr_line' id='line_1_91' title="bbox 1028 1589 1795 1629; baseline 0.001 -11"><span class='ocrx_word' id='word_1_650' title='bbox 1028 1592 1041 1618; x_wconf 84' lang='lat'>6</span> <span class='ocrx_word' id='word_1_651' title='bbox 1055 1589 1123 1621; x_wconf 78' lang='grc' dir='ltr'>Θεὸς</span> <span class='ocrx_word' id='word_1_652' title='bbox 1137 1591 1184 1623; x_wconf 67' lang='grc' dir='ltr'>τῆς</span> <span class='ocrx_word' id='word_1_653' title='bbox 1199 1589 1330 1627; x_wconf 78' lang='grc' dir='ltr'>σωτηρίας</span> <span class='ocrx_word' id='word_1_654' title='bbox 1352 1589 1440 1617; x_wconf 79' lang='grc' dir='ltr'>ἕνεκεν</span> <span class='ocrx_word' id='word_1_655' title='bbox 1462 1591 1508 1624; x_wconf 66' lang='grc' dir='ltr'>τῆς</span> <span class='ocrx_word' id='word_1_656' title='bbox 1524 1590 1673 1629; x_wconf 79' lang='grc' dir='ltr'>ἡμετέρας;</span> <span class='ocrx_word' id='word_1_657' title='bbox 1687 1589 1724 1619; x_wconf 85' lang='grc' dir='ltr'>Τί</span> <span class='ocrx_word' id='word_1_658' title='bbox 1743 1590 1795 1629; x_wconf 86' lang='grc' dir='ltr'>γὰρ</span> 
     </span>
     <span class='ocr_line' id='line_1_92' title="bbox 1029 1634 1795 1674; baseline 0.001 -11"><span class='ocrx_word' id='word_1_659' title='bbox 1029 1636 1057 1664; x_wconf 80' lang='grc' dir='ltr'>οὐ</span> <span class='ocrx_word' id='word_1_660' title='bbox 1071 1635 1225 1674; x_wconf 64' lang='grc' dir='ltr'>φθέγγεταις</span> <span class='ocrx_word' id='word_1_661' title='bbox 1240 1634 1281 1663; x_wconf 68' lang='grc' dir='ltr'>’διὰ</span> <span class='ocrx_word' id='word_1_662' title='bbox 1299 1635 1366 1667; x_wconf 87' lang='grc' dir='ltr'>τίνος</span> <span class='ocrx_word' id='word_1_663' title='bbox 1381 1634 1407 1663; x_wconf 72' lang='grc' dir='ltr'>δὲ</span> <span class='ocrx_word' id='word_1_664' title='bbox 1431 1637 1476 1663; x_wconf 76' lang='grc' dir='ltr'>οὐκ</span> <span class='ocrx_word' id='word_1_665' title='bbox 1491 1637 1604 1674; x_wconf 80' lang='grc' dir='ltr'>ἐνεργεῖ;</span> <span class='ocrx_word' id='word_1_666' title='bbox 1627 1637 1662 1664; x_wconf 79' lang='grc' dir='ltr'>Εἰ</span> <span class='ocrx_word' id='word_1_667' title='bbox 1683 1635 1727 1665; x_wconf 80' lang='grc' dir='ltr'>διὰ</span> <span class='ocrx_word' id='word_1_668' title='bbox 1749 1639 1795 1665; x_wconf 82' lang='grc' dir='ltr'>τοῦ</span> 
     </span>
     <span class='ocr_line' id='line_1_93' title="bbox 1028 1678 1795 1721; baseline 0 -11"><span class='ocrx_word' id='word_1_669' title='bbox 1028 1681 1114 1710; x_wconf 82' lang='grc' dir='ltr'>Ἰούδα</span> <span class='ocrx_word' id='word_1_670' title='bbox 1135 1680 1278 1720; x_wconf 77' lang='grc' dir='ltr'>ἐνήργησε,</span> <span class='ocrx_word' id='word_1_671' title='bbox 1294 1681 1339 1709; x_wconf 78' lang='grc' dir='ltr'>καὶ</span> <span class='ocrx_word' id='word_1_672' title='bbox 1365 1680 1407 1709; x_wconf 77' lang='grc' dir='ltr'>διὰ</span> <span class='ocrx_word' id='word_1_673' title='bbox 1436 1683 1487 1709; x_wconf 87' lang='grc' dir='ltr'>τῶν</span> <span class='ocrx_word' id='word_1_674' title='bbox 1510 1681 1737 1721; x_wconf 68' lang='grc' dir='ltr'>προφητευόντων,</span> <span class='ocrx_word' id='word_1_675' title='bbox 1759 1678 1795 1715; x_wconf 68' lang='grc' dir='ltr'>οἷς</span> 
     </span>
     <span class='ocr_line' id='line_1_94' title="bbox 1028 1723 1796 1768; baseline 0.004 -14"><span class='ocrx_word' id='word_1_676' title='bbox 1028 1738 1116 1765; x_wconf 80' lang='grc' dir='ltr'>φησιν,</span> <span class='ocrx_word' id='word_1_677' title='bbox 1128 1728 1174 1755; x_wconf 79' lang='grc' dir='ltr'>οὐκ</span> <span class='ocrx_word' id='word_1_678' title='bbox 1189 1723 1246 1755; x_wconf 68' lang='grc' dir='ltr'>οἶδα</span> <span class='ocrx_word' id='word_1_679' title='bbox 1266 1729 1347 1764; x_wconf 73' lang='grc' dir='ltr'>ὑμᾶς,</span> <span class='ocrx_word' id='word_1_680' title='bbox 1361 1728 1524 1765; x_wconf 74' lang='grc' dir='ltr'>ἀποχωρεῖτε</span> <span class='ocrx_word' id='word_1_681' title='bbox 1540 1728 1585 1756; x_wconf 81' lang='grc' dir='ltr'>ἀπ’</span> <span class='ocrx_word' id='word_1_682' title='bbox 1599 1729 1664 1764; x_wconf 82' lang='grc' dir='ltr'>ἐμοῦ</span> <span class='ocrx_word' id='word_1_683' title='bbox 1680 1731 1703 1757; x_wconf 84' lang='grc' dir='ltr'>οἱ</span> <span class='ocrx_word' id='word_1_684' title='bbox 1718 1730 1796 1768; x_wconf 77' lang='grc' dir='ltr'>ἔργα·</span> 
     </span>
    </p>
   </div>
   <div class='ocr_carea' id='block_1_18' title="bbox 994 1772 1795 1811">
    <p class='ocr_par' dir='ltr' id='par_1_18' title="bbox 994 1772 1795 1811">
     <span class='ocr_line' id='line_1_95' title="bbox 994 1772 1795 1811; baseline 0.004 -11"><span class='ocrx_word' id='word_1_685' title='bbox 994 1778 1011 1800; x_wconf 81' lang='grc' dir='ltr'><strong><em>Β</em></strong></span> <span class='ocrx_word' id='word_1_686' title='bbox 1029 1773 1131 1811; x_wconf 82' lang='grc' dir='ltr'>ζόμενοι</span> <span class='ocrx_word' id='word_1_687' title='bbox 1153 1772 1200 1807; x_wconf 78' lang='grc' dir='ltr'>τὴν</span> <span class='ocrx_word' id='word_1_688' title='bbox 1216 1772 1337 1808; x_wconf 81' lang='grc' dir='ltr'>ἀνομίαν,</span> <span class='ocrx_word' id='word_1_689' title='bbox 1352 1772 1397 1801; x_wconf 76' lang='grc' dir='ltr'>καὶ</span> <span class='ocrx_word' id='word_1_690' title='bbox 1413 1774 1488 1801; x_wconf 84' lang='grc' dir='ltr'>ἄλλοι</span> <span class='ocrx_word' id='word_1_691' title='bbox 1511 1772 1636 1811; x_wconf 81' lang='grc' dir='ltr'>δαίμονας</span> <span class='ocrx_word' id='word_1_692' title='bbox 1657 1773 1795 1806; x_wconf 74' lang='grc' dir='ltr'>ἐξέὸαλου·</span> 
     </span>
    </p>
   </div>
   <div class='ocr_carea' id='block_1_19' title="bbox 1029 1818 1799 2222">
    <p class='ocr_par' dir='ltr' id='par_1_19' title="bbox 1029 1818 1799 2222">
     <span class='ocr_line' id='line_1_96' title="bbox 1029 1818 1796 1858; baseline 0.003 -11"><span class='ocrx_word' id='word_1_693' title='bbox 1029 1820 1120 1857; x_wconf 78' lang='grc' dir='ltr'>πολλῷ</span> <span class='ocrx_word' id='word_1_694' title='bbox 1143 1819 1241 1855; x_wconf 80' lang='grc' dir='ltr'>μᾶλλον</span> <span class='ocrx_word' id='word_1_695' title='bbox 1267 1818 1310 1846; x_wconf 75' lang='grc' dir='ltr'>διὰ</span> <span class='ocrx_word' id='word_1_696' title='bbox 1327 1821 1379 1847; x_wconf 82' lang='grc' dir='ltr'>τῶν</span> <span class='ocrx_word' id='word_1_697' title='bbox 1403 1818 1493 1857; x_wconf 81' lang='grc' dir='ltr'>ἱερέων</span> <span class='ocrx_word' id='word_1_698' title='bbox 1516 1819 1660 1858; x_wconf 79' lang='grc' dir='ltr'>ἐνεργήσει.</span> <span class='ocrx_word' id='word_1_699' title='bbox 1676 1820 1753 1848; x_wconf 77' lang='grc' dir='ltr'>Ἐπεὶ</span> <span class='ocrx_word' id='word_1_700' title='bbox 1773 1822 1796 1849; x_wconf 85' lang='grc' dir='ltr'>εἷ</span> 
     </span>
     <span class='ocr_line' id='line_1_97' title="bbox 1032 1864 1796 1903; baseline 0.003 -10"><span class='ocrx_word' id='word_1_701' title='bbox 1032 1864 1171 1902; x_wconf 79' lang='grc' dir='ltr'>μέλλοιμεν</span> <span class='ocrx_word' id='word_1_702' title='bbox 1186 1864 1244 1896; x_wconf 67' lang='grc' dir='ltr'>τοὺς</span> <span class='ocrx_word' id='word_1_703' title='bbox 1267 1864 1337 1902; x_wconf 81' lang='grc' dir='ltr'>βίους</span> <span class='ocrx_word' id='word_1_704' title='bbox 1360 1865 1464 1902; x_wconf 74' lang='grc' dir='ltr'>ἐρευνᾷν</span> <span class='ocrx_word' id='word_1_705' title='bbox 1481 1865 1532 1892; x_wconf 82' lang='grc' dir='ltr'>τῶν</span> <span class='ocrx_word' id='word_1_706' title='bbox 1555 1864 1700 1903; x_wconf 74' lang='grc' dir='ltr'>ἀρχόντων,</span> <span class='ocrx_word' id='word_1_707' title='bbox 1724 1867 1796 1895; x_wconf 76' lang='grc' dir='ltr'>αὐτοὶ</span> 
     </span>
     <span class='ocr_line' id='line_1_98' title="bbox 1031 1906 1797 1949; baseline 0.003 -10"><span class='ocrx_word' id='word_1_708' title='bbox 1031 1911 1160 1948; x_wconf 81' lang='grc' dir='ltr'>μέλλομεν</span> <span class='ocrx_word' id='word_1_709' title='bbox 1172 1906 1238 1938; x_wconf 69' lang='grc' dir='ltr'>εῖναι</span> <span class='ocrx_word' id='word_1_710' title='bbox 1252 1910 1433 1949; x_wconf 71' lang='grc' dir='ltr'>χειροτονηταὶ</span> <span class='ocrx_word' id='word_1_711' title='bbox 1451 1913 1502 1939; x_wconf 82' lang='grc' dir='ltr'>τῶν</span> <span class='ocrx_word' id='word_1_712' title='bbox 1518 1911 1693 1948; x_wconf 65' lang='grc' dir='ltr'>διδασκάλων,</span> <span class='ocrx_word' id='word_1_713' title='bbox 1708 1911 1752 1940; x_wconf 80' lang='grc' dir='ltr'>καὶ</span> <span class='ocrx_word' id='word_1_714' title='bbox 1763 1912 1797 1941; x_wconf 73' lang='grc' dir='ltr'>τὰ</span> 
     </span>
     <span class='ocr_line' id='line_1_99' title="bbox 1031 1956 1798 1996; baseline 0.003 -12"><span class='ocrx_word' id='word_1_715' title='bbox 1031 1957 1084 1985; x_wconf 77' lang='grc' dir='ltr'>ἄνω</span> <span class='ocrx_word' id='word_1_716' title='bbox 1097 1956 1169 1984; x_wconf 80' lang='grc' dir='ltr'>κάτω</span> <span class='ocrx_word' id='word_1_717' title='bbox 1182 1956 1296 1994; x_wconf 83' lang='grc' dir='ltr'>γίνεται,</span> <span class='ocrx_word' id='word_1_718' title='bbox 1307 1957 1361 1985; x_wconf 85' lang='grc' dir='ltr'>ἅνω</span> <span class='ocrx_word' id='word_1_719' title='bbox 1373 1958 1397 1984; x_wconf 84' lang='grc' dir='ltr'>οῖ</span> <span class='ocrx_word' id='word_1_720' title='bbox 1411 1956 1488 1988; x_wconf 70' lang='grc' dir='ltr'>πόδες</span> <span class='ocrx_word' id='word_1_721' title='bbox 1497 1979 1503 1991; x_wconf 83' lang='grc'>,</span> <span class='ocrx_word' id='word_1_722' title='bbox 1514 1957 1559 1985; x_wconf 84' lang='grc' dir='ltr'>καὶ</span> <span class='ocrx_word' id='word_1_723' title='bbox 1573 1957 1646 1985; x_wconf 83' lang='grc' dir='ltr'>κάτω</span> <span class='ocrx_word' id='word_1_724' title='bbox 1657 1959 1674 1991; x_wconf 84' lang='grc' dir='ltr'>ἦ</span> <span class='ocrx_word' id='word_1_725' title='bbox 1686 1957 1798 1996; x_wconf 69' lang='grc' dir='ltr'>κεφαλή.</span> 
     </span>
     <span class='ocr_line' id='line_1_100' title="bbox 1030 2001 1798 2041; baseline 0.001 -11"><span class='ocrx_word' id='word_1_726' title='bbox 1030 2002 1123 2030; x_wconf 82' lang='grc' dir='ltr'>Ἄκουε</span> <span class='ocrx_word' id='word_1_727' title='bbox 1147 2002 1254 2030; x_wconf 81' lang='grc' dir='ltr'>Παύλου</span> <span class='ocrx_word' id='word_1_728' title='bbox 1274 2001 1395 2039; x_wconf 77' lang='grc' dir='ltr'>λέγοντος</span> <span class='ocrx_word' id='word_1_729' title='bbox 1406 2013 1412 2019; x_wconf 88' lang='grc'><em>·</em></span> <span class='ocrx_word' id='word_1_730' title='bbox 1440 2001 1518 2039; x_wconf 81' lang='grc' dir='ltr'>Ἐμοὶ</span> <span class='ocrx_word' id='word_1_731' title='bbox 1543 2001 1569 2029; x_wconf 80' lang='grc' dir='ltr'>δὲ</span> <span class='ocrx_word' id='word_1_732' title='bbox 1593 2003 1629 2034; x_wconf 85' lang='grc' dir='ltr'>εἷς</span> <span class='ocrx_word' id='word_1_733' title='bbox 1659 2001 1798 2041; x_wconf 79' lang='grc' dir='ltr'>ἐλάχιστόν</span> 
     </span>
     <span class='ocr_line' id='line_1_101' title="bbox 1031 2046 1799 2087; baseline 0 -11"><span class='ocrx_word' id='word_1_734' title='bbox 1031 2049 1113 2083; x_wconf 80' lang='grc' dir='ltr'>ἐστιν,</span> <span class='ocrx_word' id='word_1_735' title='bbox 1126 2047 1169 2076; x_wconf 82' lang='grc' dir='ltr'>ἵνα</span> <span class='ocrx_word' id='word_1_736' title='bbox 1191 2049 1233 2087; x_wconf 69' lang='grc' dir='ltr'>ὑφ’</span> <span class='ocrx_word' id='word_1_737' title='bbox 1256 2049 1329 2085; x_wconf 80' lang='grc' dir='ltr'>ὑμῶν</span> <span class='ocrx_word' id='word_1_738' title='bbox 1355 2046 1536 2086; x_wconf 77' lang='grc' dir='ltr'>ἀνακριθῶ,ἢ</span> <span class='ocrx_word' id='word_1_739' title='bbox 1560 2047 1611 2076; x_wconf 79' lang='grc' dir='ltr'>ὑπὸ</span> <span class='ocrx_word' id='word_1_740' title='bbox 1635 2047 1799 2086; x_wconf 77' lang='grc' dir='ltr'>ἀνθρωπίνης</span> 
     </span>
     <span class='ocr_line' id='line_1_102' title="bbox 1032 2092 1799 2133; baseline -0.001 -11"><span class='ocrx_word' id='word_1_741' title='bbox 1032 2094 1150 2132; x_wconf 72' lang='grc' dir='ltr'>ἡμέρας·</span> <span class='ocrx_word' id='word_1_742' title='bbox 1165 2093 1210 2122; x_wconf 71' lang='grc' dir='ltr'>καὶ</span> <span class='ocrx_word' id='word_1_743' title='bbox 1225 2094 1314 2128; x_wconf 86' lang='grc' dir='ltr'>πάλιν,</span> <span class='ocrx_word' id='word_1_744' title='bbox 1332 2092 1370 2122; x_wconf 76' lang='grc' dir='ltr'>Σὺ</span> <span class='ocrx_word' id='word_1_745' title='bbox 1392 2093 1417 2121; x_wconf 86' lang='grc' dir='ltr'>τί</span> <span class='ocrx_word' id='word_1_746' title='bbox 1440 2093 1534 2133; x_wconf 87' lang='grc' dir='ltr'>κρίνεις</span> <span class='ocrx_word' id='word_1_747' title='bbox 1550 2093 1593 2121; x_wconf 78' lang='grc' dir='ltr'>τὸν</span> <span class='ocrx_word' id='word_1_748' title='bbox 1615 2093 1725 2132; x_wconf 74' lang='grc' dir='ltr'>ἀδελφόν</span> <span class='ocrx_word' id='word_1_749' title='bbox 1740 2105 1799 2129; x_wconf 79' lang='grc' dir='ltr'>σου;</span> 
     </span>
     <span class='ocr_line' id='line_1_103' title="bbox 1033 2138 1799 2178; baseline -0.001 -10"><span class='ocrx_word' id='word_1_750' title='bbox 1033 2141 1067 2168; x_wconf 76' lang='lat' dir='ltr'>Ei.</span> <span class='ocrx_word' id='word_1_751' title='bbox 1078 2139 1121 2168; x_wconf 82' lang='grc' dir='ltr'>τὸν</span> <span class='ocrx_word' id='word_1_752' title='bbox 1137 2139 1247 2178; x_wconf 68' lang='grc' dir='ltr'>ἀδελφὸν</span> <span class='ocrx_word' id='word_1_753' title='bbox 1261 2140 1289 2167; x_wconf 80' lang='grc' dir='ltr'>οὔ</span> <span class='ocrx_word' id='word_1_754' title='bbox 1300 2140 1338 2167; x_wconf 78' lang='grc' dir='ltr'>δεῖ</span> <span class='ocrx_word' id='word_1_755' title='bbox 1352 2138 1458 2178; x_wconf 88' lang='grc' dir='ltr'>κρίνειν,</span> <span class='ocrx_word' id='word_1_756' title='bbox 1470 2139 1560 2177; x_wconf 80' lang='grc' dir='ltr'>πολλῷ</span> <span class='ocrx_word' id='word_1_757' title='bbox 1577 2139 1675 2175; x_wconf 82' lang='grc' dir='ltr'>μᾶλλον</span> <span class='ocrx_word' id='word_1_758' title='bbox 1695 2138 1739 2167; x_wconf 81' lang='grc' dir='ltr'>τὸν</span> <span class='ocrx_word' id='word_1_759' title='bbox 1761 2140 1799 2167; x_wconf 81' lang='grc' dir='ltr'>δι-</span> 
     </span>
     <span class='ocr_line' id='line_1_104' title="bbox 1033 2183 1799 2222; baseline 0 -9"><span class='ocrx_word' id='word_1_760' title='bbox 1033 2184 1175 2214; x_wconf 76' lang='grc' dir='ltr'>δάσκαλον.</span> <span class='ocrx_word' id='word_1_761' title='bbox 1194 2186 1227 2213; x_wconf 81' lang='grc' dir='ltr'>Εἰ</span> <span class='ocrx_word' id='word_1_762' title='bbox 1244 2184 1290 2222; x_wconf 81' lang='grc' dir='ltr'>μὲν</span> <span class='ocrx_word' id='word_1_763' title='bbox 1304 2183 1356 2222; x_wconf 75' lang='grc' dir='ltr'>γὰρ</span> <span class='ocrx_word' id='word_1_764' title='bbox 1369 2187 1446 2212; x_wconf 84' lang='grc' dir='ltr'>τοῦτο</span> <span class='ocrx_word' id='word_1_765' title='bbox 1461 2184 1582 2217; x_wconf 78' lang='grc' dir='ltr'>ἐπέταξεν</span> <span class='ocrx_word' id='word_1_766' title='bbox 1595 2184 1685 2216; x_wconf 80' lang='grc' dir='ltr'>ὁΘεὸς</span> <span class='ocrx_word' id='word_1_767' title='bbox 1694 2207 1700 2219; x_wconf 86' lang='grc'>,</span> <span class='ocrx_word' id='word_1_768' title='bbox 1711 2186 1799 2218; x_wconf 76' lang='grc' dir='ltr'>καλῶς</span> 
     </span>
    </p>
   </div>
   <div class='ocr_carea' id='block_1_20' title="bbox 997 2229 1799 2270">
    <p class='ocr_par' dir='ltr' id='par_1_20' title="bbox 997 2229 1799 2270">
     <span class='ocr_line' id='line_1_105' title="bbox 997 2229 1799 2270; baseline -0.001 -11"><span class='ocrx_word' id='word_1_769' title='bbox 997 2237 1015 2259; x_wconf 92' lang='lat' dir='ltr'>C</span> <span class='ocrx_word' id='word_1_770' title='bbox 1036 2235 1131 2265; x_wconf 84' lang='grc' dir='ltr'>ποιεῖς,</span> <span class='ocrx_word' id='word_1_771' title='bbox 1147 2231 1191 2259; x_wconf 77' lang='grc' dir='ltr'>καὶ</span> <span class='ocrx_word' id='word_1_772' title='bbox 1206 2230 1365 2270; x_wconf 83' lang='grc' dir='ltr'>ἁμαρτάνεις</span> <span class='ocrx_word' id='word_1_773' title='bbox 1387 2230 1423 2267; x_wconf 80' lang='grc' dir='ltr'>μὴ</span> <span class='ocrx_word' id='word_1_774' title='bbox 1438 2232 1520 2259; x_wconf 80' lang='grc' dir='ltr'>ποιῶν</span> <span class='ocrx_word' id='word_1_775' title='bbox 1530 2241 1536 2247; x_wconf 90' lang='grc'><em>·</em></span> <span class='ocrx_word' id='word_1_776' title='bbox 1551 2231 1574 2258; x_wconf 82' lang='grc' dir='ltr'>εἰ</span> <span class='ocrx_word' id='word_1_777' title='bbox 1593 2229 1620 2259; x_wconf 78' lang='grc' dir='ltr'>δὲ</span> <span class='ocrx_word' id='word_1_778' title='bbox 1640 2230 1799 2266; x_wconf 81' lang='grc' dir='ltr'>τούναντίον,</span> 
     </span>
    </p>
   </div>
   <div class='ocr_carea' id='block_1_21' title="bbox 1031 2275 1799 2453">
    <p class='ocr_par' dir='ltr' id='par_1_21' title="bbox 1031 2275 1799 2453">
     <span class='ocr_line' id='line_1_106' title="bbox 1036 2275 1799 2315; baseline 0 -11"><span class='ocrx_word' id='word_1_779' title='bbox 1036 2275 1072 2314; x_wconf 83' lang='grc' dir='ltr'>μὴ</span> <span class='ocrx_word' id='word_1_780' title='bbox 1086 2276 1186 2314; x_wconf 88' lang='grc' dir='ltr'>τόλμα,</span> <span class='ocrx_word' id='word_1_781' title='bbox 1203 2277 1268 2314; x_wconf 76' lang='grc' dir='ltr'>μηδὲ</span> <span class='ocrx_word' id='word_1_782' title='bbox 1281 2275 1346 2315; x_wconf 79' lang='grc' dir='ltr'>ὑπὲρ</span> <span class='ocrx_word' id='word_1_783' title='bbox 1359 2276 1392 2304; x_wconf 83' lang='grc' dir='ltr'>τὰ</span> <span class='ocrx_word' id='word_1_784' title='bbox 1411 2276 1584 2313; x_wconf 50' lang='grc' dir='ltr'>Ἆέσκαμμένα</span> <span class='ocrx_word' id='word_1_785' title='bbox 1601 2275 1736 2315; x_wconf 80' lang='grc' dir='ltr'>ἐπιχείρει.</span> <span class='ocrx_word' id='word_1_786' title='bbox 1751 2277 1799 2315; x_wconf 85' lang='grc' dir='ltr'>Τῷ</span> 
     </span>
     <span class='ocr_line' id='line_1_107' title="bbox 1034 2321 1799 2361; baseline 0 -11"><span class='ocrx_word' id='word_1_787' title='bbox 1034 2322 1133 2361; x_wconf 76' lang='grc' dir='ltr'>Ἀαρὼν</span> <span class='ocrx_word' id='word_1_788' title='bbox 1157 2322 1224 2360; x_wconf 81' lang='grc' dir='ltr'>μετὰ</span> <span class='ocrx_word' id='word_1_789' title='bbox 1244 2321 1291 2357; x_wconf 85' lang='grc' dir='ltr'>τὴν</span> <span class='ocrx_word' id='word_1_790' title='bbox 1307 2322 1482 2361; x_wconf 77' lang='grc' dir='ltr'>μοσχοποιίαν</span> <span class='ocrx_word' id='word_1_791' title='bbox 1503 2321 1683 2357; x_wconf 82' lang='grc' dir='ltr'>ἐπανέστησαν</span> <span class='ocrx_word' id='word_1_792' title='bbox 1697 2324 1722 2350; x_wconf 84' lang='grc' dir='ltr'>οἱ</span> <span class='ocrx_word' id='word_1_793' title='bbox 1738 2322 1799 2361; x_wconf 79' lang='grc' dir='ltr'>περὶ</span> 
     </span>
     <span class='ocr_line' id='line_1_108' title="bbox 1037 2363 1798 2407; baseline -0.003 -9"><span class='ocrx_word' id='word_1_794' title='bbox 1037 2369 1104 2407; x_wconf 74' lang='grc' dir='ltr'>Κορὲ</span> <span class='ocrx_word' id='word_1_795' title='bbox 1113 2369 1157 2397; x_wconf 84' lang='grc' dir='ltr'>καὶ</span> <span class='ocrx_word' id='word_1_796' title='bbox 1169 2368 1257 2397; x_wconf 78' lang='grc' dir='ltr'>Δαθὰν</span> <span class='ocrx_word' id='word_1_797' title='bbox 1272 2369 1316 2397; x_wconf 82' lang='grc' dir='ltr'>καὶ</span> <span class='ocrx_word' id='word_1_798' title='bbox 1329 2368 1466 2407; x_wconf 66' lang='grc' dir='ltr'>Ἀὸειρών·</span> <span class='ocrx_word' id='word_1_799' title='bbox 1479 2368 1504 2396; x_wconf 88' lang='grc' dir='ltr'>τί</span> <span class='ocrx_word' id='word_1_800' title='bbox 1518 2363 1578 2403; x_wconf 69' lang='grc' dir='ltr'>οῧν;</span> <span class='ocrx_word' id='word_1_801' title='bbox 1590 2369 1637 2396; x_wconf 84' lang='grc' dir='ltr'>οὐκ</span> <span class='ocrx_word' id='word_1_802' title='bbox 1649 2368 1798 2404; x_wconf 80' lang='grc' dir='ltr'>ἀπώλοντο;</span> 
     </span>
     <span class='ocr_line' id='line_1_109' title="bbox 1031 2413 1799 2453; baseline 0.001 -11"><span class='ocrx_word' id='word_1_803' title='bbox 1031 2414 1166 2446; x_wconf 67' lang='grc' dir='ltr'>’Ἕκαστος</span> <span class='ocrx_word' id='word_1_804' title='bbox 1179 2414 1213 2443; x_wconf 83' lang='grc' dir='ltr'>τὰ</span> <span class='ocrx_word' id='word_1_805' title='bbox 1236 2415 1327 2443; x_wconf 75' lang='grc' dir='ltr'>ἑαυτοῦ</span> <span class='ocrx_word' id='word_1_806' title='bbox 1342 2414 1504 2453; x_wconf 73' lang='grc' dir='ltr'>μεριμνάτω.</span> <span class='ocrx_word' id='word_1_807' title='bbox 1521 2415 1553 2443; x_wconf 84' lang='grc' dir='ltr'>Εἰ</span> <span class='ocrx_word' id='word_1_808' title='bbox 1571 2413 1618 2452; x_wconf 83' lang='grc' dir='ltr'>μὲν</span> <span class='ocrx_word' id='word_1_809' title='bbox 1640 2413 1691 2452; x_wconf 76' lang='grc' dir='ltr'>γὰρ</span> <span class='ocrx_word' id='word_1_810' title='bbox 1713 2413 1799 2452; x_wconf 80' lang='grc' dir='ltr'>δόγμα</span> 
     </span>
    </p>
   </div>
   <div class='ocr_carea' id='block_1_22' title="bbox 277 2517 1352 2553">
    <p class='ocr_par' dir='ltr' id='par_1_22' title="bbox 277 2517 1352 2553">
     <span class='ocr_line' id='line_1_110' title="bbox 277 2517 1352 2553; baseline 0.001 -11"><span class='ocrx_word' id='word_1_811' title='bbox 277 2525 286 2537; x_wconf 77' lang='lat'>³</span> <span class='ocrx_word' id='word_1_812' title='bbox 306 2522 403 2549; x_wconf 61' lang='grc' dir='ltr'>Σιάμμκ</span> <span class='ocrx_word' id='word_1_813' title='bbox 416 2517 507 2542; x_wconf 73' lang='lat' dir='ltr'>xallum</span> <span class='ocrx_word' id='word_1_814' title='bbox 522 2524 574 2542; x_wconf 87' lang='lat' dir='ltr'>crat</span> <span class='ocrx_word' id='word_1_815' title='bbox 585 2527 625 2543; x_wconf 86' lang='lat' dir='ltr'>seu</span> <span class='ocrx_word' id='word_1_816' title='bbox 638 2518 717 2545; x_wconf 75' lang='lat' dir='ltr'>fossa,</span> <span class='ocrx_word' id='word_1_817' title='bbox 736 2527 783 2551; x_wconf 83' lang='lat' dir='ltr'>qua</span> <span class='ocrx_word' id='word_1_818' title='bbox 796 2518 865 2544; x_wconf 80' lang='lat' dir='ltr'>locus</span> <span class='ocrx_word' id='word_1_819' title='bbox 879 2518 1020 2545; x_wconf 71' lang='lat' dir='ltr'>certaminis</span> <span class='ocrx_word' id='word_1_820' title='bbox 1034 2518 1184 2544; x_wconf 71' lang='lat' dir='ltr'>athletarum</span> <span class='ocrx_word' id='word_1_821' title='bbox 1198 2518 1352 2553; x_wconf 77' lang='lat' dir='ltr'>cingebatur.</span> 
     </span>
    </p>
   </div>
   <div class='ocr_carea' id='block_1_23' title="bbox 1867 0 1893 1116">
    <p class='ocr_par' dir='ltr' id='par_1_23' title="bbox 1867 0 1893 1116">
     <span class='ocr_line' id='line_1_111' title="bbox 1867 0 1893 1116; baseline 0 0"><span class='ocrx_word' id='word_1_822' title='bbox 1867 0 1893 1116; x_wconf 95' lang='lat' dir='ltr'> </span> 
     </span>
    </p>
   </div>
  </div>
 </body>
</html>
