1893 2860
83 1936 222 1959 A‹1.16.25.

239 206 287 241 66
580 218 607 240 5

238 290 292 308 esse
304 286 418 318 apertas,
431 285 454 307 et
464 289 490 306 se
506 278 614 306 solutos.
624 278 692 305 Nam
706 277 751 314 qni
762 287 852 304 muros
863 277 976 314 perfrin-

238 332 320 363 gunt,
338 331 458 361 tectaque
473 330 497 351 et
509 321 675 360 suggrundia
689 321 857 357 transiliunt,
870 328 895 349 et
910 321 978 350 nihil

238 381 290 398 non
312 370 410 398 audent
426 369 505 396 etiam
521 378 581 396 etun
606 367 736 400 vinculis,
758 377 809 395 non
825 368 978 396 tolerassent

239 423 263 443 et
278 415 393 443 vinculis
414 414 508 442 solutis
522 420 547 441 et
563 413 646 452 portis
662 413 759 452 apertis
773 413 843 441 intus
860 423 976 449 manere,

237 460 385 487 dormiente
408 459 466 498 ipso
480 458 589 487 custode
610 457 732 486 carceris.
752 458 804 486 Sed
819 468 868 496 pro
887 458 979 486 ferreis

238 505 354 533 vinculis
367 511 421 532 erat
440 505 478 532 eis
497 504 583 532 somni
596 504 743 532 vinculum.
757 503 817 537 Quo
831 503 930 531 factum
941 509 979 531 est

237 557 265 578 ut
280 557 304 578 et
319 550 345 579 id
360 551 450 587 fieret,
470 560 517 578 nec
532 561 565 578 ex
583 549 713 577 miraculo
728 549 782 577 ulla
798 559 867 577 noxa
882 548 980 577 rediret

236 595 270 623 ad
283 595 418 624 custodem
436 595 564 629 carceris,
579 595 625 633 qui
637 601 692 622 erat
707 595 797 623 salvus
809 595 925 622 futurus.
943 594 978 622 Et

236 641 336 679 alioqui
359 641 439 669 etiam
464 640 581 668 maxime
605 647 683 668 noctu
707 640 824 677 ligantur
846 640 892 677 qui
917 646 978 667 sunt

236 686 335 722 vineti,
349 696 400 714 non
418 685 545 714 interdiu.
560 686 670 713 Licebat
684 695 746 723 ergo
761 692 824 713 tune
837 685 979 723 diligenter

237 731 328 760 videre
339 742 431 760 rursus
442 731 546 760 vim-tos
557 738 581 759 et
593 730 763 759 dormientes.
777 730 806 759 Si
821 730 878 758 luec
889 737 977 758 autem

236 776 352 805 interdiu
365 777 433 804 sacta
456 783 558 811 essent,
575 786 688 814 maguus
702 782 776 803 ortus
790 782 857 803 esset
873 775 977 803 tumul—

237 828 288 850 tus.
303 822 359 850 Cur
379 831 441 859 ergo
457 827 615 849 terraemotu
638 831 780 848 concussus
802 820 854 848 suit
868 820 978 848 carcer?

237 868 274 896 Ut
293 873 412 905 surgeret
435 873 524 894 custos
542 866 654 894 carceris
669 865 704 894 ad
721 866 758 894 rei
773 865 954 904 spectaculum
971 878 976 893 :

237 913 259 942 is
271 914 341 941 enim
354 913 426 941 solus
440 912 538 950 dignus
557 918 612 939 erat
628 911 720 939 salute.

637 217 693 239 JOA
702 216 775 239 §MS
803 216 982 238 CHRYSOST.

276 965 304 992 4.
329 964 372 991 Tu
387 969 475 991 autem
493 962 560 990 mihi
577 961 640 990 vide
653 961 753 990 Christi
769 972 900 990 summam
917 972 977 1000 gra-

237 1010 311 1038 tiam.
336 1010 404 1037 Nam
428 1008 496 1036 inter
513 1007 590 1036 Pauli
613 1007 735 1042 vincula,
751 1007 853 1036 Christi
872 1018 977 1046 quoque

237 1055 329 1093 gratiae
354 1053 506 1082 meminisse
525 1053 670 1092 pulchrum
693 1059 718 1081 et
740 1053 881 1081 honestum
899 1053 977 1082 :imo

237 1110 300 1128 vero
320 1110 348 1128 ea
365 1110 468 1137 quoque
488 1105 563 1126 erant
576 1099 626 1126 Dei
639 1098 742 1137 gratim.
764 1099 833 1126 Sunt
847 1098 917 1126 enim
930 1099 977 1136 qui

235 1145 434 1185 reprehendunt
456 1144 528 1182 quod
543 1144 633 1172 salvus
654 1144 734 1172 fuerit
746 1151 833 1175 custos
848 1144 976 1181 carceris,

237 1199 261 1220 et
273 1202 322 1230 pro
337 1191 434 1229 quibus
444 1189 573 1218 admirari
587 1190 726 1228 oportebat
737 1191 786 1218 Dei
799 1190 976 1224 clementiam,

236 1247 269 1264 ex
292 1236 325 1264 iis
349 1236 414 1275 ipsis
438 1236 593 1274 vituperant
618 1247 623 1262 :
650 1245 696 1263 nec
719 1235 828 1263 mirum.
844 1235 977 1264 Imbecilli

236 1283 306 1311 enim
318 1290 342 1311 et
358 1282 448 1321 :egroti
464 1289 524 1310 sunt
536 1281 701 1320 hujusmodi,
712 1282 758 1320 qui
773 1282 852 1310 etiam
864 1282 978 1310 alimen-

237 1336 295 1357 tum
322 1329 494 1367 vituperant,
519 1327 590 1365 quud
616 1334 748 1366 oporteret
771 1327 898 1356 admirari
919 1350 928 1365 ,
951 1334 976 1355 et

236 1375 290 1403 mel
310 1374 402 1402 dicunt
428 1384 482 1401 esse
496 1383 629 1401 amarum.
657 1372 691 1400 Et
706 1373 752 1410 qui
770 1373 927 1409 caecutiunt,
942 1384 977 1401 ex

235 1431 266 1448 eo
280 1420 487 1448 obtenebrantur
497 1429 531 1446 ex
541 1429 594 1456 quo
603 1418 729 1446 deberent
741 1418 900 1453 illuminari,
915 1428 977 1446 cum

236 1464 292 1492 haec
302 1463 424 1492 accidant
434 1473 486 1490 non
499 1472 533 1490 ex
543 1472 631 1490 rerum
645 1468 747 1496 natura,
758 1461 801 1490 sed
814 1472 847 1490 ex
858 1461 979 1489 imbecil-

236 1509 310 1537 litate
326 1519 419 1537 eorum
434 1508 480 1546 qui
496 1508 535 1536 eis
553 1507 591 1535 uti
612 1517 662 1536 non
679 1513 805 1546 possunt,
823 1514 852 1535 ut
864 1513 976 1546 oportet.

236 1554 309 1590 Quid
318 1564 379 1593 ergo
390 1554 532 1582 dicebant?
544 1554 613 1581 Cum
625 1559 756 1591 oporteret
766 1553 894 1581 admirari
905 1552 978 1590 quod

235 1613 296 1631 eum
312 1601 424 1641 cepisset
438 1600 484 1639 qui
501 1600 534 1628 ad
552 1607 701 1628 extremum
716 1599 858 1638 prolapsus
869 1606 925 1628 erat
938 1600 978 1629 vi-

236 1648 348 1683 tium‚et
371 1647 473 1675 fecisset
486 1646 632 1681 meliorem,
649 1645 741 1674 dieunt
753 1645 911 1680 :Quomodo
926 1656 977 1674 non

234 1695 378 1723 arbitratus
399 1701 436 1722 est
447 1704 503 1721 eam
515 1704 570 1721 rem
579 1703 634 1721 esse
643 1693 839 1731 praestigiarum
847 1699 871 1720 et
888 1692 978 1721 incan-

235 1740 357 1775 tationis,
373 1748 397 1767 οι
413 1749 464 1766 non
486 1749 529 1766 eos
542 1738 628 1776 magis
644 1738 753 1766 retinuit
764 1760 771 1773 ‚
785 1744 810 1765 et
828 1737 976 1766 clamavit?

236 1785 278 1813 Ad
290 1786 340 1814 hoc
356 1785 447 1812 multis
463 1795 527 1812 usus
541 1791 578 1812 est
594 1783 753 1822 conjecturis
768 1795 774 1810 τ
788 1784 906 1822 primum
919 1784 978 1821 qui-

235 1830 309 1867 dem,
330 1830 402 1868 quod
423 1829 527 1857 audivit
547 1839 591 1857 eos
611 1830 698 1857 Deum
721 1829 860 1857 laudantes
882 1836 907 1857 et
924 1829 977 1868 hy-

236 1887 311 1905 mnos
325 1882 475 1904 cantantes:
487 1875 618 1914 ejusmodi
637 1882 725 1902 autem
740 1875 856 1913 hymnos
868 1886 919 1903 non
935 1886 976 1904 ce-

235 1921 370 1955 cinissent,
380 1920 401 1948 si
411 1919 521 1947 fuissent
534 1918 741 1958 pra‘stigiatores
754 1930 758 1945 :
774 1919 976 1955 Audivitenim,

235 1966 347 2004 inquit,
371 1976 414 1993 eos
435 1966 522 1993 Deum
545 1964 696 1992 laudantes.
721 1963 846 1992 Secundo
867 1971 974 2002 autem,

235 2011 306 2051 quod
329 2011 379 2050 ipsi
401 2021 453 2039 non
467 2010 645 2048 aufugerunt,
670 2009 716 2037 sed
736 2009 815 2037 etiam
830 2010 977 2048 prohibue-

235 2065 295 2086 runt
313 2068 345 2085 ne
366 2068 393 2085 se
412 2056 591 2084 interficeret:
613 2055 634 2083 si
650 2062 739 2083 autem
757 2062 866 2094 propter
880 2066 908 2084 se
924 2056 977 2084 hoc

234 2104 370 2137 fecissent,
390 2112 440 2130 non
455 2101 526 2129 intus
541 2101 714 2136 mansissent,
736 2101 782 2128 scd
797 2111 823 2129 se
838 2101 913 2140 prius
928 2111 978 2129 ex-

236 2150 368 2178 emissent.
388 2150 486 2186 Magna
501 2154 589 2176 autem
614 2154 652 2175 est
666 2148 745 2175 etiam
763 2158 857 2175 eorum
881 2147 978 2176 huma-

237 2197 305 2224 nitas
321 2208 326 2222 :
344 2194 537 2234 prohibuerunt
553 2204 585 2221 ne
609 2204 635 2221 se
657 2193 826 2227 interficeret,
842 2193 888 2231 qui
906 2193 977 2232 ipsos

237 2242 379 2279 ligaverat.
414 2240 453 2267 Ac
492 2239 512 2266 si
543 2238 674 2266 dixissent
703 2238 743 2266 illi
761 2250 766 2265 :
794 2238 919 2266 Firmiter
952 2246 977 2267 et

239 2287 335 2316 aeriter
365 2296 412 2313 nos
451 2284 583 2321 vinxisti,
616 2291 645 2312 ut
677 2285 733 2323 ipse
766 2295 834 2313 esses
873 2285 976 2314 solutus

239 2332 273 2361 ab
291 2330 468 2359 acerbissimis
489 2330 616 2358 vinculis.
642 2330 748 2359 Catenis
773 2330 843 2358 enim
864 2341 975 2359 suorum

239 2384 409 2418 peccatorum
435 2386 504 2404 1111115
532 2376 646 2414 quisque
677 2377 877 2416 constringitur.
907 2378 977 2406 Nam

275 2491 284 2501 c
304 2483 351 2505 llic
374 2481 434 2504 mire
450 2480 530 2503 variat
550 2479 636 2504 Codex
654 2489 719 2504 unus
737 2481 902 2505 Coislintanns
915 2488 939 2505 ct
951 2490 993 2513 per

242 2524 341 2553 lungun]
353 2520 589 2550 versuumspatium,
601 2527 650 2542 nou
662 2526 782 2550 quantum
794 2519 825 2543 ad
834 2520 991 2545 sententiam,

243 2562 283 2585 sed
298 2566 418 2593 quantum
438 2559 469 2583 ad
483 2559 578 2582 scriem.
598 2557 749 2591 Vidi-turque
763 2559 821 2582 (lata
842 2566 915 2589 opera
938 2560 991 2590 qui<

1015 216 1169 240 AttClttEt‘.

1199 218 1260 241 CON
1267 218 1323 241 STA
1331 219 1383 241 NT!
1390 219 1451 241 Nor
1458 233 1465 240 .

1034 289 1084 305 νων
1108 278 1151 306 καὶ
1173 280 1224 307 τῶν
1239 281 1322 318 θυρῶν
1338 279 1522 318 ἀνεῳγμένων,
1544 278 1614 306 ἔνδον
1632 278 1732 315 μένειν,
1753 279 1797 306 καὶ

1033 326 1078 351 τοῦ
1097 323 1290 362 δεσμοφύλακας
1313 323 1481 356 καθεύδοντος
1494 325 1581 352 αὐτοῦ.
1599 323 1667 351 Ἀλλ’
1680 323 1738 351 ἀντὶ
1753 324 1798 351 δε-

1034 369 1107 404 σμῶν
1116 368 1230 407 σιδηρῶν
1242 364 1272 403 ἦν
1286 369 1372 400 αὐτοῖς
1382 371 1395 397 ὁ
1406 369 1498 406 δεσμὸς
1510 371 1555 396 τοῦ
1569 368 1660 397 ὕπνου.
1675 368 1726 396 Διὰ
1738 372 1797 397 τοῦ·

1032 424 1062 441 το
1077 412 1156 445 οὕτως
1172 413 1328 451 ᾠκονομήθη
1340 435 1346 446 ,
1361 413 1428 442 ὥστε
1442 414 1487 442 καὶ
1502 414 1531 442 τὸ
1544 419 1654 453 πρᾶγμα
1669 413 1798 451 γενέσθω,

1033 457 1078 486 καὶ
1093 459 1223 496 μηδεμίαν
1237 458 1289 487 ἀπὸ
1300 461 1344 486 τοῦ
1363 458 1494 496 Θαύματος
1507 459 1602 497 ζημίαν
1615 459 1748 496 συμῧῆναι
1762 461 1799 497 τῷ

1034 503 1157 541 μέλλοντι
1169 503 1297 537 σώζεσθαι
1314 504 1501 542 δεσμοφύλακι.
1515 505 1568 533 Καὶ
1583 505 1677 544 ἑτέρως
1699 504 1725 533 δὲ
1743 505 1798 542 μά-

1033 551 1111 578 λιστα
1126 551 1149 577 οἱ
1165 549 1296 587 δεδεμένοι
1311 551 1336 577 ἐν
1350 549 1424 577 νυκτὶ
1438 550 1608 586 δεσμοῧνται,
1630 551 1677 578 οὐκ
1691 551 1717 578 ἐν
1728 550 1798 588 ἡμέ-

1035 607 1075 634 ρᾳ.
1086 595 1162 624 Μετὰ
1177 597 1276 630 πολλῆς
1285 591 1327 623 οῧν
1341 596 1453 630 σπουδῆς
1467 590 1499 629 ἦν
1515 595 1576 623 ἰδεῖν
1586 595 1734 633 δεδεμένους
1745 596 1798 625 πά-

1032 642 1073 669 λιν
1083 664 1090 676 ,
1103 641 1148 669 καὶ
1163 641 1345 674 καθεύδοντας.
1363 642 1397 669 Εἰ
1408 641 1434 669 δὲ
1445 643 1470 669 ἐν
1485 640 1573 680 ἡμέρᾳ
1591 641 1692 679 ἐγένετο
1704 644 1798 674 ταῦτα,

1033 686 1113 719 πολὺς
1126 686 1155 714 ἂν
1173 687 1274 725 ἐγένετο
1287 687 1403 725 θόρυέος.
1428 686 1506 719 Τίνος
1520 682 1562 714 οῧν
1576 686 1661 715 ἕνεκεν
1674 686 1718 715 καὶ
1731 687 1798 715 ἐσεί-

1034 735 1082 766 σθη
1100 732 1129 760 τὸ
1144 732 1259 770 οἴκημα;
1271 731 1355 760 ’Ώστε
1372 733 1544 765 διαναστῆναι
1556 732 1599 761 τὸν
1615 731 1801 771 δεσμοφύλακα

1034 777 1077 805 ἐπὶ
1098 777 1145 812 τὴν
1158 780 1203 805 τοῦ
1215 777 1370 816 πράγματος
1387 777 1446 806 θέαν
1457 789 1462 794 ·
1478 773 1550 810 οὗτος
1563 777 1612 816 γὰρ
1624 773 1655 813 ἦν
1669 778 1737 811 ἄξιος
1755 779 1801 812 τῆς

1033 823 1164 861 σωτηρίας
1177 823 1261 861 μόνος.

1073 959 1111 989 Σὺ
1128 960 1155 989 δέ
1167 972 1210 998 μοι
1224 960 1270 988 θέα
1282 962 1327 994 τ’ῆς
1344 963 1389 989 τοῦ
1404 961 1518 1000 Χριστοῦ
1536 961 1644 1000 χάριτος
1657 960 1704 995 τὴν
1717 962 1801 1000 ὑπερ·

1033 1006 1122 1041 δολῆν.
1139 1005 1244 1038 Μεταξὺ
1259 1006 1310 1044 γὰρ
1332 1008 1383 1034 τῶν
1405 1006 1510 1034 Παύλου
1526 1007 1628 1043 δεσμῶν
1644 1006 1746 1041 καὶτῆς
1758 1011 1802 1035 τοῦ

1033 1053 1147 1090 Χριστοῦ
1159 1052 1266 1089 χάριτος
1278 1052 1426 1088 μεμνῆσθαι
1437 1051 1526 1085 καλὸν,
1538 1052 1636 1088 μᾶλλον
1649 1051 1674 1079 δὲ
1685 1052 1730 1079 καὶ
1740 1054 1802 1080 ταῦ-

1032 1109 1064 1126 τα
1078 1099 1124 1131 τ’ἧς
1139 1100 1183 1125 τοῦ
1199 1097 1268 1125 Θεοῦ
1283 1096 1391 1134 χάριτός
1403 1098 1482 1125 ἐστιν.
1499 1096 1560 1125 Εἰσί
1578 1108 1646 1129 τινες
1658 1098 1801 1135 ἐγκαλοῦν-

1031 1155 1073 1176 τες
1085 1143 1124 1171 ὅτι
1139 1142 1250 1176 διεσώθη
1262 1145 1275 1170 ὁ
1287 1141 1467 1180 δεσμοφύλαξ,
1479 1142 1522 1171 καὶ
1534 1142 1599 1182 ὑπὲρ
1614 1139 1650 1171 ὧν
1661 1143 1803 1180 θαυμάζειν

1031 1192 1076 1218 τοῦ
1087 1190 1156 1218 Θεοῦ
1170 1188 1218 1223 τὴν
1236 1188 1431 1227 φιλανθρωπίαν
1445 1190 1535 1228 ἐχρῆν,
1549 1189 1621 1217 col-tri)
1638 1189 1736 1218 τούτων
1751 1189 1801 1228 ψέ-

1031 1246 1118 1273 γοντες
1127 1246 1132 1251 ·
1144 1234 1189 1262 καὶ
1200 1233 1271 1262 οὐδὲν
1285 1233 1445 1271 θαυμαστόν.
1456 1236 1492 1263 Οἱ
1503 1233 1553 1273 γὰρ
1565 1235 1679 1266 ἀσθενεῖς
1691 1234 1803 1263 τοιοῦτοί

1032 1281 1107 1314 εἰσιν,
1130 1278 1154 1308 οἳ
1177 1279 1222 1308 καὶ
1245 1279 1292 1313 τὴν
1310 1279 1454 1318 τρέφουσαν
1474 1278 1571 1318 τροφὴν
1596 1279 1756 1315 κακίζουσιν,
1771 1279 1803 1314 ἣν

1031 1325 1171 1363 θαυμάζειν
1189 1327 1282 1363 ε’χρῆν,
1297 1325 1342 1352 καὶ
1356 1325 1385 1353 τὸ
1403 1324 1463 1361 μέλι
1475 1325 1567 1364 πικρὸν
1582 1320 1648 1353 εἷναί
1660 1336 1733 1364 φασι.
1751 1325 1803 1353 Καὶ

1005 1374 1008 1378 ’
1031 1373 1054 1400 οἱ
1079 1370 1289 1410 τυφλώττοντες,
1318 1372 1362 1409 ἀφ’
1381 1373 1409 1398 οὑ
1435 1370 1546 1409 ὤφειλον
1562 1370 1734 1409 φωτίζεσθαι,
1752 1370 1804 1398 ἀπὸ

1031 1417 1121 1445 τούτου
1146 1416 1309 1448 σκοτίζονται
1320 1439 1327 1451 ,
1344 1417 1372 1444 οὐ
1393 1415 1466 1455 παρὰ
1491 1415 1538 1451 τὴν
1561 1417 1613 1444 τῶν
1638 1416 1803 1454 πραγμάτιον

1031 1463 1107 1501 φύσιν
1127 1462 1224 1490 τούτων
1241 1461 1448 1499 συμὸαινόντων,
1473 1461 1540 1490 ἀλλὰ
1554 1461 1627 1500 παρὰ
1649 1461 1697 1496 τὴν
1722 1461 1803 1490 ἀσθέ-

1031 1519 1101 1536 νειαν
1115 1509 1166 1535 τῶν
1190 1508 1225 1538 εἷς
1250 1506 1306 1534 δέον
1323 1508 1409 1539 αὐτοῖς
1430 1508 1576 1545 κεχρῆσθαι
1590 1506 1626 1544 μὴ
1645 1506 1804 1544 δυναμένων.

1033 1553 1068 1582 Τί
1081 1548 1124 1581 οἶν
1138 1553 1244 1591 ἔλεγον;
1258 1551 1323 1581 Δέον
1338 1552 1485 1590 θαυμάσαι,
1501 1552 1542 1581 ὅτι
1562 1554 1597 1584 εἷς
1621 1552 1735 1592 ἐσχάτην
1752 1564 1804 1581 κα-

1033 1599 1091 1627 κίαν
1108 1598 1257 1636 ἐμπεσόντα
1269 1621 1276 1633 ,
1290 1600 1379 1626 τοῦτον
1397 1593 1465 1632 εἷλε,
1480 1597 1524 1625 καὶ
1540 1598 1634 1636 βελτίω
1647 1597 1803 1637 εἰργάσατο,

1032 1645 1152 1683 λέγουσι’
1178 1645 1234 1675 πῶς
1254 1643 1305 1683 γὰρ
1328 1645 1374 1672 οὐκ
1398 1643 1502 1681 ἐνόμισε
1516 1643 1545 1671 τὸ
1559 1649 1670 1682 πρᾶγμα
1685 1643 1805 1680 γοητείας

1032 1686 1098 1718 εἶναι
1118 1690 1163 1718 καὶ
1186 1689 1361 1727 μαγγανείας,
1383 1689 1428 1717 καὶ
1454 1689 1552 1725 μᾶλλον
1570 1689 1661 1721 αὐτοὺς
1674 1688 1805 1728 κατέσχε,

1032 1736 1077 1764 καὶ
1090 1735 1251 1770 ἀνωλόλυξε,
1264 1734 1356 1763 Πολλὰ
1368 1734 1432 1774 πρὸς
1444 1736 1521 1763 τοῦτο
1533 1735 1718 1764 συνεὲάλλετο·
1728 1737 1801 1775 πρῶ·

1031 1794 1075 1810 τον
1088 1781 1144 1820 μὲν,
1160 1781 1200 1810 ὅτι
1221 1781 1330 1815 ἤκουσεν
1347 1780 1495 1818 ὑμνούντων
1510 1780 1554 1808 τὸν
1567 1780 1636 1809 Θεόν
1649 1792 1654 1798 ·
1671 1782 1716 1809 οὐκ
1730 1780 1761 1808 ἂν
1773 1780 1800 1808 δὲ

1030 1828 1121 1866 γόητες
1135 1827 1263 1859 τοιούτους
1276 1826 1370 1864 ὕμνους
1382 1821 1444 1864 ᾖδον
1453 1838 1458 1843 ·
1471 1825 1566 1860 ἤκουσε
1582 1825 1632 1864 γὰρ
1644 1827 1740 1861 αὐτῶν,
1752 1838 1801 1865 φη-

1031 1874 1080 1908 σὶν,
1090 1872 1239 1910 ὑμνούντων
1251 1872 1294 1900 τὸν
1307 1871 1382 1900 Θεόν.
1395 1871 1531 1909 Δεύτερον,
1543 1871 1582 1899 ὅτι
1595 1871 1664 1900 αὐτοὶ
1679 1873 1725 1900 οὐκ
1737 1872 1800 1900 ἀπέ-

1030 1931 1120 1957 φυγον,
1134 1917 1201 1946 ἀλλὰ
1217 1917 1260 1945 καὶ
1276 1917 1353 1945 αὐτὸν
1370 1917 1505 1944 ἐκώλυσαν
1520 1915 1616 1954 σφάξαι
1630 1916 1721 1945 ἑαυτόν
1734 1928 1740 1934 ·
1754 1919 1800 1946 οὐκ.

1031 1965 1062 1992 ἂν
1083 1964 1109 1992 δὲ
1121 1987 1128 1999 ,
1145 1964 1168 1991 εἷ
1183 1964 1282 1991 ἑαυτῶν
1297 1961 1382 1989 ἕνεκεν
1397 1961 1508 1996 ἐποίουν,
1523 1961 1593 1989 ἔνδον
1612 1962 1714 1999 ἔμενον,
1732 1962 1800 1991 ἀλλὰ

1030 2010 1171 2049 προτέρους
1186 2009 1216 2037 ἂν
1233 2007 1340 2039 ἑαυτοὺς
1354 2007 1458 2040 ἐξεῖλον.
1475 2007 1566 2042 Πολλὴ
1582 2007 1607 2035 δὲ
1623 2009 1707 2036 αὐτῶν
1723 2008 1767 2036 καὶ
1782 2010 1798 2042 ἡ

1031 2055 1214 2095 φιλανθρωπία
1223 2066 1228 2071 ·
1251 2053 1385 2081 ἐκώλυσαν
1414 2053 1489 2080 αὐτὸν
1518 2052 1614 2091 σφάξαι
1637 2053 1737 2088 ἑαυτὸν,
1755 2054 1800 2082 τὸν

1031 2102 1148 2136 δήσαντα
1165 2100 1256 2132 αὖτοὺς
1265 2123 1271 2135 ,
1285 2098 1422 2137 μονονουχὶι
1436 2098 1500 2137 πρὸς
1515 2099 1590 2127 αὐτὸν
1604 2098 1722 2137 λέγοντες
1732 2110 1738 2116 ·
1752 2111 1800 2136 με-

1030 2148 1063 2177 τὰ
1076 2149 1176 2181 πολλῆς
1189 2149 1235 2181 τῆς
1251 2145 1393 2184 ἀσφαλείας
1406 2144 1544 2182 ἠσφαλίσω
1557 2145 1592 2175 εἷς
1606 2143 1652 2178 τὴν
1669 2143 1798 2182 ἐσωτέραν

1032 2192 1119 2232 βαλὼν
1133 2191 1262 2232 φυλακὴν,
1279 2191 1324 2219 καὶ
1336 2192 1436 2227 πικρῶς
1451 2192 1520 2226 ἡμᾶς
1535 2188 1643 2223 ἔδησας,
1657 2188 1699 2216 ἵνα
1719 2190 1810 2228 λυθῇς·

1032 2240 1108 2272 αὐτὸς
1119 2241 1170 2267 τῶν
1186 2237 1351 2276 πικροτάτων
1364 2236 1476 2272 δεσμῶν.
1489 2235 1594 2272 Σειραῖς
1608 2234 1658 2272 γὰρ
1670 2236 1721 2262 τῶν
1733 2237 1798 2263 ἑαυ-

1031 2288 1075 2314 τοῦ
1097 2286 1233 2323 ἁμαρτιῶν
1259 2283 1367 2313 ἕκαστος
1389 2280 1533 2319 σφίγγεται.
1548 2279 1653 2308 Ἐκεῖνα
1677 2280 1724 2318 μὲν
1746 2281 1798 2320 γὰρ

1031 2332 1152 2370 ἐπάρατα
1166 2330 1199 2358 τὰ
1214 2327 1313 2366 δεσμὰ,
1337 2329 1420 2355 ταῦτα
1442 2326 1468 2354 δὲ
1485 2326 1618 2365 μακάρια,
1632 2326 1677 2354 καὶ
1697 2328 1798 2362 πολλ’ἧς

1031 2379 1109 2416 εὐχῆς
1132 2375 1199 2408 ἄξια.
1213 2373 1278 2402 “Ὀτι
1301 2373 1352 2411 γὰρ
1375 2371 1429 2400 λύει
1442 2371 1475 2399 τὰ
1498 2371 1581 2409 δεσμὰ
1602 2372 1688 2400 ἐκεῖνα
1699 2374 1795 2408 ταῦτα,

1043 2480 1102 2504 dnm
1117 2479 1231 2503 librarius
1242 2477 1375 2502 verborum
1389 2477 1502 2501 ordinem
1514 2476 1544 2501 ad
1559 2476 1663 2501 lubitum
1677 2478 1795 2502 mutatis-

1042 2529 1080 2548 se,
1102 2527 1123 2543 et
1145 2518 1245 2551 quidem
1261 2517 1292 2541 de
1312 2516 1453 2547 industri-⁶13
1474 2516 1516 2540 sed
1529 2518 1602 2541 series
1623 2518 1647 2541 in
1668 2515 1747 2541 Edius
1771 2522 1795 2540 et

1042 2559 1139 2591 reliquis
1153 2559 1208 2582 Mss.
1224 2563 1245 2581 et
1261 2556 1383 2580 clau-iuret
1397 2555 1500 2580 u21'd'10r
1509 2562 1554 2579 est.
