1893 2860
115 629 188 649 mn.

117 660 153 681 ¹3-

221 634 256 650 12.

269 143 336 189 572
609 153 637 173 s.
667 151 806 174 somnis
831 151 1013 174 cnnvsosr.

268 215 328 243 vius
346 213 414 251 ignis
434 220 494 241 ante
514 212 601 250 ipsum
620 211 752 247 trabitur,
773 211 872 240 vermis
893 211 1007 249 quinon

266 258 456 296 exstinguitur.
469 257 582 285 tenebra·
596 256 751 290 exteriores,
768 256 866 285 stridor
877 256 1007 285 dentium.

267 303 379 331 Etiamsi
395 302 492 329 millies
505 302 560 330 lunc
572 312 641 339 zrgre
652 301 744 329 t'eratis
756 324 762 335 ‚
775 312 824 340 ego
836 312 888 330 non
902 302 1008 330 cessabo

266 349 362 377 dicere.
379 348 447 375 Nam
462 347 483 375 si
504 347 642 385 lapidibus
666 347 779 386 appetiti
801 348 936 387 prophetin
957 358 1008 376 non

266 394 391 429 silebant,
411 393 496 421 multo
512 393 597 431 magis
621 393 697 422 nohis
713 394 826 422 serendae
841 400 902 422 sunt
917 394 1008 421 inimi-

267 441 352 475 eitioe3
376 447 401 468 et
418 451 469 469 non
489 447 526 468 est
550 440 690 469 vobiscum
711 441 875 479 loquendum
894 441 930 469 ad
950 451 1011 480 gra-

265 486 330 514 tiam
340 510 348 521 ,
371 497 402 514 ne
418 486 439 514 si
463 497 512 515 vos
527 486 710 524 deceperimus
720 509 727 523 ,
749 487 799 526 ipsi
814 487 1010 516 discindamur.

266 531 326 559 Illic
337 538 375 559 est
392 531 557 570 supplicium
574 531 739 568 immortale,
754 533 831 571 cujus
846 533 951 560 nullum
969 533 1010 560 af-

268 577 329 605 ferri
343 577 439 616 poterit
451 578 590 612 solatium;
606 578 696 606 nullus
710 585 747 606 est
763 578 800 606 ibi
815 578 861 616 qui
873 578 1006 607 defendat.

273 624 342 661 Quis
355 625 545 657 miserebitur,
565 623 665 661 inquit,
678 625 872 653 incantatoris
884 626 972 652 morsi
989 635 1008 652 a

269 672 420 707 serpente?
434 670 502 697 Cum
517 679 565 697 nos
586 670 669 697 nostri
683 669 801 708 ipsorum
817 680 868 698 non
884 670 1010 698 miserea-

270 724 346 750 mur,
368 714 428 752 quis
438 737 446 749 ‚
473 714 516 743 dic
536 724 624 751 quaeso
636 737 643 751 ,
658 715 849 743 miserebitur?
865 715 894 745 Si
908 715 1010 745 videris

269 760 422 798 quempiam
443 770 470 787 se
492 770 554 788 ense
569 760 813 799 timisadigentem,
832 761 890 789 eine
911 761 1011 800 poteris

267 818 395 844 umquam
409 817 515 845 parcere
524 808 537 835 Ξ)
549 808 723 845 Nequaquam
736 819 742 834 :
755 808 839 836 multo
852 809 937 847 magis
948 819 1008 837 eum

268 853 339 881 adsit
360 859 430 881 recte
452 863 550 890 gerere,
576 860 600 881 et
622 864 673 881 non
695 861 765 882 recte
786 865 927 892 geramus,
950 856 1010 892 quis

269 898 344 926 nobis
361 899 472 936 parcet?
497 899 590 926 Nemo.
614 899 702 926 Nostri
719 899 891 927 misereamur
915 911 920 927 :
945 910 1008 928 cum

269 945 355 972 Deum
371 954 526 982 precemur,
545 944 672 972 Miserere
686 945 737 972 mei
758 945 871 973 Domine
882 968 890 980 ,
916 946 1007 974 nobis—

267 990 333 1029 ipsis
353 989 474 1018 dicamus
489 1012 495 1024 ‚
516 990 550 1018 Et
571 990 655 1019 nostri
678 991 799 1029 ipsorum
823 992 1007 1020 misereamur.

268 1035 316 1063 Est
327 1035 352 1063 in
365 1043 452 1064 nostra
465 1042 602 1074 potestate,
613 1043 641 1064 ut
654 1037 725 1064 Deus
737 1037 820 1065 nostri
833 1037 990 1066 misereatur
1001 1050 1006 1065 ε

267 1080 323 1120 ipse
343 1081 393 1109 hoc
409 1082 486 1109 nobis
500 1081 622 1110 donavit.
635 1082 664 1110 Si
688 1092 798 1120 agamus
810 1094 870 1121 quae
889 1091 952 1112 sunt
966 1084 1007 1112 di-

268 1136 319 1165 gna
334 1126 527 1164 misericordia,
540 1138 598 1165 quae
612 1127 694 1166 digna
704 1135 763 1156 sunt
774 1130 830 1167 ejus
844 1129 1008 1167 benignitate

267 1179 293 1200 et
311 1172 449 1200 clementia
460 1195 467 1209 ,
486 1174 560 1201 Deus
576 1174 659 1202 nostri
675 1174 842 1203 miserebitur
858 1187 863 1202 ε
882 1175 903 1203 si
918 1182 1007 1204 autem

268 1218 350 1247 nostri
366 1229 420 1248 non
436 1219 623 1257 misereamur,
639 1220 699 1258 quis
712 1221 787 1249 nobis
797 1222 910 1260 parcet?
925 1223 1006 1251 Mise-

268 1275 324 1292 rere
335 1265 452 1303 proximi
464 1288 471 1301 ‚
482 1272 507 1294 et
519 1267 590 1294 Deus
604 1266 659 1305 ipse
673 1267 713 1294 tui
725 1268 902 1297 miserebitur.
917 1270 1006 1304 Quam

267 1310 345 1338 multi
361 1311 481 1348 quotidie
499 1311 629 1340 accedunt
652 1312 768 1341 dieentes
785 1314 930 1344 :Miserere
942 1317 1005 1352 mei,

268 1363 294 1384 et
308 1367 340 1385 ne
354 1358 516 1386 converteris
526 1358 634 1395 quidem
647 1359 732 1397 i‘quot
744 1359 827 1397 nudi,
842 1368 906 1398 quot
919 1362 1006 1390 manci

269 1408 294 1430 et
309 1402 440 1440 mutilati,
456 1410 481 1431 et
495 1414 546 1431 non
562 1403 724 1432 inflectimur
735 1427 742 1439 ‚
764 1405 810 1434 sed
831 1406 1006 1436 amandemus

269 1457 361 1475 eorum
375 1448 582 1487 supplicationes
594 1449 607 1476 ἶ)
622 1449 763 1484 Quomodo
774 1461 836 1488 ergo
853 1451 893 1480 vis
906 1452 1008 1481 miseri-

269 1493 388 1521 cordiam
406 1494 546 1532 consequi,
566 1505 627 1522 cum
642 1494 699 1534 ipse
713 1495 781 1524 nihil
799 1496 879 1525 facias
893 1497 1006 1536 dignum

270 1539 474 1567 misericordia?
490 1540 579 1568 Simus
593 1541 734 1569 clementes
745 1548 769 1569 et
782 1542 907 1581 benigni,
923 1544 1006 1573 simus

270 1584 470 1623 misericordes,
490 1593 519 1614 ut
531 1586 568 1614 sic
587 1587 643 1614 Deo
656 1586 824 1625 placeamus,
841 1595 865 1616 et
881 1600 1005 1627 assequa-

271 1641 332 1659 mur
343 1630 412 1659 bona
428 1631 558 1669 promissa
570 1631 603 1659 iis
617 1632 663 1669 qui
676 1632 764 1670 ipsum
776 1633 906 1672 diligunt,
921 1636 1005 1673 gratia

271 1685 297 1706 et
317 1677 479 1716 benignitate
494 1678 602 1707 Domini
623 1680 706 1708 nostri
725 1681 787 1710 Jesu
807 1682 929 1720 Christi,
946 1694 1006 1712 cum

272 1736 326 1763 quo
338 1726 410 1754 Patri
426 1732 451 1754 et
466 1726 578 1765 Spiritui
593 1733 682 1755 sancta
695 1727 779 1765 gloria
791 1751 797 1763 ‚
812 1736 926 1767 potestas
937 1753 944 1765 ‚
957 1731 1005 1759 ho-

273 1781 340 1809 nor,
358 1781 429 1800 nune
448 1778 473 1800 et
495 1782 617 1810 semper,
635 1779 660 1801 et
681 1773 708 1801 in
722 1774 817 1802 saecula
837 1775 1004 1805 saeeulorum.

273 1819 367 1846 Amen.

306 1926 317 1937 ε
334 1919 460 1950 [Deerant.
478 1919 566 1951 verba,
586 1925 646 1948 ἀλλὰ
658 1928 860 1957 παραπεμπόμεῦα
871 1945 876 1956 ,
899 1925 958 1952 fort.
981 1935 1024 1958 per

275 1958 362 1983 vitium
374 1959 524 1985 Morellianoe
536 1960 666 1994 editionis,
678 1963 718 1987 cui
727 1971 797 1988 suam
805 1971 1024 1996 superstruxerunt.

1044 151 1061 173 A
1068 152 1194 174 uenit-31¹.
1224 152 1285 175 CON
1292 153 1492 176 sTANTtNoe.

1059 211 1102 240 ἵνα
1129 211 1165 249 μὴ
1188 212 1370 247 ἀπατήσαντες
1390 216 1476 251 ὑμᾶς,
1499 213 1571 242 αὐτοὶ
1593 213 1819 252 διχοτομηθῶμεν.

1060 256 1134 285 Ἐκεῖ
1146 255 1251 289 κόλασίς
1264 259 1332 286 ἐστιν
1350 259 1490 294 ἀθάνατος,
1502 258 1714 299 ἀπαραμύθητος
1731 260 1744 286 ὁ
1758 268 1822 295 προ-

1061 301 1219 339 στησάμενος
1231 303 1320 334 οὐδείς.
1332 303 1380 336 Τίς
1392 304 1506 340 ἐλεήσει7
1519 304 1608 343 φησὶν,
1623 303 1743 332 ἐπαοιδὸν
1754 301 1823 341 ὀφιό-

1062 348 1173 382 δηκτον;
1195 346 1281 376 ‘'O-tow
1304 349 1379 385 ἡμεῖς
1403 349 1508 382 ἑαυτοὺς
1530 350 1566 387 μὴ
1594 349 1758 386 ἐλεήσωμεν,
1782 347 1822 378 τίς

1062 392 1176 429 ἐλεήσει,
1191 393 1249 421 εἶπέ
1265 406 1325 431 μοι,
1344 393 1408 422 Ἐὰν
1430 394 1486 433 ἴδῃς
1509 395 1567 424 τινὰ
1590 395 1658 434 ξίφος
1681 393 1824 423 ἐλαύνοντα

1063 439 1096 466 δι’
1110 440 1216 474 ἑαυτοῦ,
1225 438 1316 468 τούτου
1329 439 1427 476 δυνήσῃ
1440 439 1570 478 φείδεσθαί
1585 453 1661 476 ποτε;
1674 440 1805 476 Οὐδαμῶς
1817 449 1823 454 ·

1063 485 1152 522 πολλῷ
1176 485 1285 522 μᾶλλον,
1300 484 1361 513 ὅταν
1383 485 1465 524 παρὸν
1489 481 1505 523 ᾗ
1526 489 1706 524 κατορθῶσαι,
1721 485 1764 514 καὶ
1787 483 1824 521 μὴ

1063 529 1281 568 κατορθώσωμεν,
1296 530 1334 563 τίς
1357 532 1433 568 ἡμῶν
1457 531 1587 569 φείσεται;
1602 531 1704 563 Οὐδείς.
1725 529 1824 563 Ἐλεή-

1065 587 1152 613 σωμεν
1177 576 1367 608 ἑαυτούς-ὅταν
1390 576 1528 615 εὐχώμεθα
1552 578 1589 615 τῷ
1610 578 1671 616 Θεῷ
1691 576 1826 614 λέγοντες,

1065 621 1190 656 Ἐλέησόν
1217 634 1263 659 με,
1290 622 1385 660 Κύριε,
1410 622 1527 660 λέγωμεν
1552 621 1615 661 πρὸς
1639 621 1757 657 ἑαυτοὺς,
1780 620 1827 649 καὶ

1064 667 1169 701 ἑαυτοὺς
1181 669 1439 707 ἐλεήσ(ι>μεν.ἹΙμεῖς
1451 671 1529 707 ἐσμεν
1544 669 1628 707 κύριοι
1642 671 1686 697 τοῦ
1701 668 1745 696 τὸν
1758 667 1824 697 Θεὸν

1063 717 1133 751 ἡμᾶς
1158 715 1280 749 ἐλεῆσαι*
1297 715 1373 747 αὐτὸς
1394 715 1458 753 ἡμῖν
1483 719 1558 744 τοῦτο
1583 714 1734 753 ἐχαρίσατο.
1760 713 1826 741 Ἐὰν

1064 758 1122 791 ἄξια
1147 759 1232 792 ἐλέους
1247 760 1416 799 πράττωμεν,
1434 760 1477 789 ἐὰν
1494 760 1553 793 ἄξια
1568 758 1763 799 φιλανθρωπίας
1779 759 1827 792 τῆς

1062 804 1126 843 παρ’
1141 806 1231 841 αὐτοῦ,
1247 806 1348 840 ἐλεήσει
1361 809 1431 844 ἡμᾶς
1446 808 1459 834 ὁ
1473 806 1553 838 Θεός·
1567 805 1612 834 ἐὰν
1628 805 1655 833 δὲ
1670 803 1774 837 ἑαυτοὺς
1789 802 1825 840 μὴ

1034 854 1044 875 ἶ
1064 851 1193 888 ἐλεῶμεν,
1208 851 1247 884 τίς
1262 854 1337 889 ἡμῶν
1352 852 1483 890 φείσεται,
1496 851 1622 887 Ἐλέησον
1638 851 1681 879 τὸν
1697 849 1825 885 πλησίον,

1063 895 1107 924 καὶ
1120 896 1249 935 ἐλεηθήσῃ
1264 898 1326 935 παρ’
1340 899 1416 926 αὐτοῦ
1432 901 1476 925 τοῦ
1490 898 1570 926 Θεοῦ.
1585 896 1669 925 Πόσοι
1685 896 1742 924 καθ’
1757 894 1825 923 ἑκά-

1063 953 1126 976 στην
1141 941 1241 980 ἡμέραν
1255 942 1444 981 προσέρχονται
1457 942 1589 980 λέγοντες,
1602 941 1707 976 ἐλέησόν
1722 952 1769 978 με,
1781 939 1826 967 καὶ

1061 986 1118 1016 οὐδὲ
1140 987 1298 1027 ἐπιστρέφῃ;
1312 987 1388 1015 πόσοι
1406 987 1514 1025 γυμνοὶ,
1531 987 1608 1015 πόσοι
1622 986 1765 1025 ἀνάπηροι,
1781 984 1826 1029 καὶ

1061 1034 1108 1061 οὒκ
1131 1033 1360 1071 ἐπικαμπτόμεθα,
1377 1038 1388 1049 “
1400 1033 1467 1062 ἀλλὰ
1490 1031 1722 1072 παραπεμπόμεθα
1742 1031 1825 1059 αὐτῶν

1062 1079 1107 1111 τὰς
1122 1079 1270 1117 ἱκετηρίας;
1287 1081 1348 1113 Πῶς
1365 1075 1407 1108 οὖν
1423 1079 1502 1113 ἀξιοῖς
1525 1080 1677 1114 ἐλεηθῆναι,
1692 1076 1767 1109 αὐτὸς
1782 1077 1826 1105 οὐ-

1063 1125 1103 1153 δὲν
1119 1124 1187 1157 ἄξιον
1202 1125 1273 1154 ἐλέου
1286 1127 1384 1161 ποιῶψ,
1400 1124 1540 1163 ΓενώμεΟα
1555 1124 1730 1164 οἰκτίρμονες,
1745 1121 1826 1160 γενώ-

1062 1173 1129 1208 μεθα
1151 1171 1303 1209 ἐλεήμονες·
1318 1170 1350 1199 ἵν’
1368 1170 1449 1203 οὕτως
1464 1170 1682 1209 εὐαρεστήσωμεν
1697 1169 1734 1206 τῷ
1747 1169 1825 1206 Θεῷ,

1060 1217 1104 1245 καὶ
1131 1216 1298 1255 ἐπιτύχωμεν
1324 1219 1376 1245 τῶν
1405 1216 1606 1255 ἐπηγγελμένων
1639 1215 1743 1253 ἀγαθῶν
1771 1217 1825 1245 τοῖς

1062 1263 1198 1301 ἀγαπῶσιν
1213 1263 1300 1298 αὐτὸν,
1310 1263 1402 1302 χάριτι
1414 1262 1457 1291 καὶ
1473 1262 1654 1302 φιλανθρωπίᾳ
1667 1266 1712 1291 τοῦ
1726 1261 1825 1301 Κυρίου

1024 1315 1043 1337 D
1060 1310 1135 1346 ἡμῶν
1157 1310 1245 1343 Ἰησοῦ
1268 1310 1392 1347 Χριστοῦ,
1410 1310 1465 1347 μεθ’
1488 1311 1516 1337 οὗ
1535 1310 1572 1347 τῷ
1596 1308 1683 1347 Πατρὶ
1704 1308 1760 1346 ἅμα
1785 1309 1824 1346 τῷ

1061 1354 1127 1392 ἁγίῳ
1147 1354 1284 1391 Πνεύματι
1298 1353 1371 1387 δόξα,
1383 1354 1491 1392 κράτος,
1505 1353 1580 1391 τιμὴ,
1592 1357 1634 1382 νῦν
1646 1354 1691 1382 καὶ
1710 1353 1762 1390 ἀεὶ,
1779 1353 1826 1382 καὶ

1062 1401 1096 1432 εἰς
1110 1399 1169 1432 τοὺς
1184 1401 1279 1432 αἰῶνας
1295 1402 1346 1428 τῶν
1363 1401 1473 1429 αἰώνων.
1491 1399 1581 1437 Ἀμήν.

1075 1928 1239 1954 Benediciini.
1251 1930 1315 1955 Nam
1328 1930 1403 1955 ceteri
1415 1939 1502 1955 omnes
1511 1938 1538 1955 ea
1551 1932 1697 1963 nox-etune]
