1893 2860
77 396 198 417 .!l.‹11'l1.:'1

75 628 142 648 Psal.
165 633 172 647 ι
181 633 207 654 ¹⁴.)

75 992 211 1021 Iujniiarum

75 1025 161 1043 oblivio

75 1053 216 1073 ennium-nda-

75 1090 118 1104 ΙυῐΔ

76 1767 217 1790 Ε..1ἰ.ιο.8.

231 180 296 196 '²’ae

230 192 296 223 33¹¹
575 192 603 212 S.

632 191 668 212 Jt)
678 191 771 212 tNMs
800 191 980 213 CHRYSOST.

229 252 292 280 belli
308 259 331 279 ct
344 262 439 291 pugna·
452 250 528 278 deus.
547 251 654 288 Depone
667 250 749 288 igitur
760 250 861 279 bellum
873 258 898 279 et
914 261 965 289 pu-

228 308 306 334 gnam
319 319 325 328 ,
354 307 414 323 cum
436 305 496 333 erga
514 295 600 323 Deum
612 317 619 328 ,
637 301 694 323 tum
710 306 770 333 erga
789 296 942 334 proximum
958 308 963 323 τ

227 341 353 380 pacificus
380 347 434 367 esto
459 350 520 377 erga
542 350 633 367 omnes
659 351 664 366 :
691 341 776 379 cogita
805 341 965 378 quibusnam

229 387 300 413 Deus
313 385 424 413 salutem
438 384 498 412 dct:
513 386 612 415 Beati,
628 385 725 422 inquit,
740 386 875 424 pacifici,
890 396 965 425 quo-

230 433 307 458 niam
320 431 446 469 ipsifilii
460 431 517 458 Dei
533 432 723 459 vocabuntur.
741 432 794 466 Qui
810 432 874 460 tales
886 438 963 468 sunt,

227 483 354 515 perpetuo
369 476 468 504 Filium
486 477 532 504 Dei
549 476 696 504 imitantur.
712 477 846 506 Eumdem
859 485 887 506 tu
902 488 964 516 quo-

225 532 276 559 que
302 522 406 550 imitare
422 534 428 549 :
444 532 535 561 pacem
557 533 634 551 serva
653 535 658 550 :
675 530 773 561 quanto
791 524 862 552 enim
879 523 963 562 magis

227 567 393 605 oppugnabit
403 574 427 595 te
442 568 532 598 frater.
543 575 615 596 tanto
625 569 709 607 major
720 569 768 597 crit
785 580 892 598 merces.
907 572 964 597 An-

228 612 254 640 di
272 613 428 651 proplietam
446 613 577 641 dicentem
590 636 596 643 ,
610 614 681 642 Cum
694 616 745 649 iis,
769 617 820 654 qui
840 616 963 643 oderunt

225 668 340 695 pacem,
354 668 432 686 eram
446 659 595 697 pacificus.
611 659 667 687 Hoc
682 659 768 687 virtus
783 667 831 695 est,
850 660 899 688 hoc
915 660 964 688 hu-

227 713 303 731 mana
319 703 518 732 ratiocinatione
533 705 619 743 majus
632 727 639 740 ,
657 704 707 733 lioc
722 715 768 733 nos
782 716 864 744 prope
879 707 963 733 Deum

227 749 310 787 ponit.
319 749 709 787 Nihilaequcl‘)cm1=.laetiflc;u,
719 757 796 788 atque
805 751 965 789 injuriarum

225 796 408 823 immemorem
423 805 496 823 csse:
513 795 563 823 hoc
579 802 602 823 te
623 806 637 823 a
657 797 771 834 peccatis
785 796 898 831 liberat,
916 797 966 825 hoe

225 840 295 869 delet
317 841 428 868 crimina
444 841 533 879 :qnod
555 841 576 869 si
593 852 741 880 pugnemus
763 853 794 870 ac
818 843 966 879 luctemur,

226 886 305 923 longe
323 897 337 913 a
352 887 409 914 Deo
423 886 538 914 abimus.
556 887 598 914 Ex
622 897 712 925 pugna
735 888 806 915 enirn
821 888 967 917 inimicitia:

227 932 366 967 oriuntur;
381 932 535 960 inimicitias
551 932 672 970 sequitur
690 933 851 971 injuriarum
867 945 966 962 memo-

227 977 276 1004 ria.
296 976 399 1004 Exeide
411 977 539 1010 radicem,
553 984 578 1005 et
591 987 641 1005 non
655 985 775 1017 erumpet
792 979 894 1007 fructus
911 991 916 1006 :
930 980 966 1007 ita

227 1021 359 1049 discemus
376 1032 416 1055 ca,
433 1033 491 1059 quae
505 1021 539 1049 ad
555 1029 709 1060 przrsentem
724 1023 808 1051 vitam
824 1024 965 1062 pertinent,

227 1068 369 1106 despicere.
383 1068 441 1095 Non
459 1067 528 1095 enim
544 1074 597 1103 est,
614 1078 666 1096 non
687 1075 726 1096 est
745 1069 771 1096 in
789 1069 868 1097 rebus
882 1070 966 1108 spiri—

227 1114 346 1142 tualibus
373 1124 477 1153 pugna;
501 1114 545 1142 sed
565 1114 699 1153 quidquid
721 1115 851 1154 ejusmodi
876 1116 967 1145 videas

225 1160 344 1195 exoriri,
362 1160 404 1187 vel
420 1169 524 1198 pugnas
549 1160 589 1188 vel
618 1160 765 1198 invidiam,
784 1161 841 1190 sive
855 1161 967 1200 quidvis

225 1205 297 1234 aliud
311 1229 317 1241 ‚
335 1216 424 1233 rerum
446 1205 481 1233 ad
496 1205 564 1233 lianc
584 1205 666 1234 vitam
683 1207 873 1245 pertinentium
888 1218 965 1237 causa
977 1225 1012 1244 309

225 1251 393 1279 exoriuntur.
409 1252 476 1279 Nam
497 1251 540 1279 vel
555 1251 589 1279 ab
601 1251 680 1279 alieni
695 1252 857 1291 cupiditate,
875 1253 917 1281 vel
932 1254 966 1282 ab
985 1259 1003 1279 Α

226 1297 341 1332 invidia,
359 1297 399 1325 vel
415 1297 448 1325 ab
458 1297 545 1325 inanis
555 1297 647 1335 gloriae
660 1298 748 1326 studio
764 1299 872 1327 initium
883 1301 966 1329 sumit

225 1343 311 1371 omnis
327 1353 426 1381 pugna.
442 1343 532 1377 Quare
542 1343 563 1371 si
578 1354 670 1381 pacem
683 1344 896 1381 servaverimus,
914 1352 965 1374 ter-

226 1398 288 1415 rena
302 1388 381 1415 etiam
395 1394 561 1415 contemnere
577 1387 717 1416 discemus.
731 1388 838 1427 Eripuit
849 1390 909 1427 quis
921 1401 966 1429 pe·-

226 1433 338 1461 cunias‘?
349 1432 402 1462 Sed
413 1433 480 1460 nihil
491 1433 568 1467 laesit,
577 1433 690 1470 inquies,
699 1433 846 1462 dummodo
857 1446 966 1474 superas

226 1479 286 1508 illas
300 1479 410 1507 divitias
422 1489 454 1506 ne
466 1479 571 1517 eripiat.
587 1479 731 1518 Impedivit
743 1480 856 1517 gloriam
871 1482 965 1509 tuam?

227 1526 259 1552 At
273 1535 324 1552 non
335 1534 402 1558 eam,
413 1534 471 1562 quae
486 1524 558 1563 apud
568 1525 654 1552 Deum
666 1531 713 1558 est,
729 1525 774 1553 sed
786 1525 853 1553 lianc
864 1526 965 1555 nullius

226 1570 321 1609 pretii:
333 1580 384 1598 non
394 1570 465 1597 enim
478 1569 534 1597 liaec
544 1570 628 1608 gloria
638 1577 686 1605 est,
700 1570 745 1598 sed
757 1581 849 1599 nomen
863 1572 964 1610 gloriae‚

227 1628 257 1645 ac
269 1617 358 1656 potius
378 1617 534 1645 obscuritas.
556 1617 664 1655 Eripuit
682 1617 732 1645 tibi
747 1617 893 1647 honorem?
908 1621 964 1648 Imo

228 1674 280 1691 non
291 1663 351 1698 tibi,
366 1662 413 1691 sed
427 1663 479 1691 sibi
492 1662 552 1701 ipsi.
569 1664 637 1691 Nam
649 1662 717 1691 sicut
732 1663 777 1701 qui
792 1663 917 1703 injuriam
928 1666 966 1693 fa-

229 1709 278 1745 cit,
292 1719 344 1736 non
360 1709 422 1736 facit
433 1731 440 1742 ,
458 1708 505 1736 sed
518 1708 617 1747 accipit
634 1720 640 1735 :
658 1708 693 1736 ita
709 1709 754 1746 qui
766 1710 890 1748 proximo
901 1710 966 1739 insi-

228 1755 286 1783 dias
298 1762 385 1793 parat,
395 1755 512 1793 seipsum
524 1754 640 1793 primum
650 1754 739 1793 perdit
751 1767 757 1782 :
770 1766 831 1784 nam
842 1756 887 1795 qui
900 1757 967 1786 fodit

227 1800 351 1839 proximo
367 1810 415 1828 suo
427 1801 530 1828 foveam
540 1822 548 1834 ,
564 1799 591 1827 in
604 1800 691 1838 ipsam
706 1800 810 1830 incidit.
830 1803 902 1840 Ergo
915 1813 967 1831 non

228 1845 387 1873 insidiemur
395 1845 483 1879 alteri,
496 1852 525 1873 ut
540 1855 572 1873 ne
584 1845 660 1873 nobis
672 1845 723 1885 ipsi
735 1857 893 1885 noceamus;
907 1859 967 1876 cum

226 1893 334 1921 alterius
362 1893 476 1931 gloriam
502 1893 716 1927 intervertimus,
748 1895 895 1933 cogitemus
920 1907 968 1924 nos

226 1939 297 1977 ipsos
314 1948 377 1973 esse,
393 1938 492 1975 quibus
504 1948 645 1966 noceamus
660 1945 739 1977 atque
754 1939 862 1968 insidias
877 1941 968 1969 tenda-

228 1994 296 2011 mus.
318 1984 386 2011 Nam
410 1983 432 2011 ei
454 1983 579 2021 quidem,
595 1983 617 2011 si
633 1994 680 2012 nos
701 1984 763 2023 plus
782 1985 966 2024 potuerimus,

228 2028 300 2068 apud
313 2029 432 2057 homines
447 2029 558 2057 fortasse
572 2039 714 2065 nocemus;
729 2040 776 2058 nos
791 2037 878 2059 autem
897 2031 968 2070 ipsos

229 2074 298 2113 apud
310 2076 397 2102 Deum
409 2074 543 2111 laedimus,
560 2074 649 2114 ipsum
662 2075 805 2104 irritantes.
815 2077 908 2115 Itaque
917 2088 968 2106 non

229 2120 306 2149 nobis
322 2121 387 2159 ipsis
407 2131 557 2148 noceamus.
574 2121 641 2149 Nam
659 2128 688 2150 ut
704 2121 832 2160 injuriam
846 2123 970 2162 proximo

229 2168 364 2203 facientes,
379 2167 458 2196 nobis
473 2167 523 2206 ipsi
536 2167 648 2196 facimus
662 2180 668 2195 ε
681 2168 717 2196 ita
732 2169 755 2197 ei
767 2169 969 2207 benefacientes,

229 2213 305 2241 nobis
317 2212 381 2251 ipsis
392 2213 580 2241 benefacimus.
593 2214 661 2242 Cum
674 2214 723 2242 tibi
735 2213 864 2243 damnum
876 2216 970 2245 attulit

230 2256 370 2292 inimicus,
387 2257 506 2295 cogitans
521 2257 682 2286 beneficium
705 2259 793 2296 potius
805 2281 812 2294 ‚
827 2260 849 2288 si
865 2260 968 2299 sapias,

230 2299 280 2326 tibi
298 2300 454 2335 contulisse,
469 2310 520 2328 non
536 2300 616 2328 modo
632 2312 679 2340 par
702 2301 742 2329 illi
764 2301 893 2331 damnum
916 2314 969 2332 non

233 2344 343 2377 inseres,
360 2344 405 2372 sed
416 2345 495 2373 etiam
509 2345 665 2374 benefacies.
683 2348 715 2374 At
730 2354 835 2384 manet,
848 2348 968 2386 inquies,

232 2390 400 2417 vehementer
414 2390 513 2418 inssicta
528 2391 617 2429 plaga.
637 2391 693 2420 Hoc
708 2392 790 2430 igitur
801 2393 886 2431 cogita
896 2416 903 2428 ‚
918 2404 970 2422 non

233 2434 310 2462 illum
321 2444 375 2462 csse
386 2435 427 2462 cui
438 2435 595 2474 benefacias,
604 2436 649 2465 sed
660 2437 749 2476 potius
761 2438 794 2466 de
804 2438 850 2467 illo
861 2439 970 2477 quidem

1013 191 1165 212 :Uictumu

1193 191 1254 213 CON
1261 192 1319 214 STA
1326 192 1342 213 N
1348 192 1399 214 Tm
1405 192 1446 213 ΟΡ
1452 207 1458 213 .

1020 253 1063 278 τοῦ
1083 253 1152 279 Θεοῦ
1165 255 1304 288 μιμοῦνται
1316 253 1339 280 οἳ
1354 255 1480 287 τοιοῦτοι,
1497 252 1541 280 καὶ
1561 252 1677 289 μίμησαι
1691 251 1734 279 καὶ
1749 250 1779 280 σὺ

1020 296 1110 324 αὐτόν·
1127 296 1288 335 εἰρήνευσον·
1303 297 1355 335 ὅσῳ
1370 298 1400 326 ἄν
1414 309 1442 326 σε
1457 299 1559 335 πολεμῇ
1575 300 1588 326 ὃ
1604 296 1726 334 ἀδελφὸς,
1740 308 1781 325 το-

1021 342 1103 380 σούτῳ
1119 342 1213 379 μείζων
1228 344 1241 370 ὁ
1254 343 1354 379 μισθός.
1371 342 1461 371 Ἄκουε
1472 342 1522 381 γὰρ
1535 346 1580 370 τοῦ
1592 342 1725 381 προφήτου
1740 342 1782 370 λε’-

1021 399 1110 425 γοντος
1121 410 1128 423 ,
1143 387 1219 415 Μετὰ
1237 390 1289 415 τῶν
1305 389 1448 425 μισούντων
1465 388 1512 423 τὴν
1531 388 1645 427 εἰρήνην,
1660 388 1731 425 ἤμην
1748 389 1780 416 εἰ·

1023 433 1132 472 ρηνικός.
1161 433 1246 461 Τοῦτο
1278 432 1356 471 ἁρετὴ
1370 454 1377 467 ,
1404 436 1478 461 τοῦτο
1502 435 1586 471 μεῖζον
1621 432 1782 471 ἀνθρωπίνου

1019 480 1144 516 λογισμοῦ
1154 501 1161 513 ,
1173 480 1249 506 τοῦτο
1262 478 1331 506 Θεοῦ
1345 477 1419 516 ἔγγὺς
1430 474 1495 506 εἶναι
1507 483 1584 506 ποιεῖ.
1606 478 1688 507 Οὐδὲν
1701 478 1782 510 οὕτως

1019 524 1149 563 εὐφραίνει
1160 523 1203 551 τὸν
1217 523 1295 558 Θεὸν,
1307 525 1341 555 ὡς
1352 523 1381 551 τὸ
1393 522 1429 560 μὴ
1442 518 1508 551 εἶναι
1520 523 1679 560 μνησίκακον
1691 535 1696 540 ·
1707 525 1782 552 τοῦτο

1019 569 1112 608 ἀφίησί
1120 580 1148 597 σε
1160 570 1211 596 τῶν
1226 568 1440 606 ἁμαρτημάτων,
1449 567 1525 596 τοῦτό
1534 579 1574 596 σοι
1585 568 1640 596 λύει
1650 568 1682 596 τὰ
1690 569 1782 605 ἐγκλή-

1021 626 1101 651 ματα.
1112 612 1156 642 Ἂν
1171 613 1197 642 δὲ
1214 613 1361 652 μαχώμεθα
1376 614 1420 641 καὶ
1434 612 1617 650 πυκτεύωμεν,
1630 612 1732 651 μακρὰν
1744 625 1783 650 γι-

1019 659 1116 695 νόμεθα
1131 661 1176 686 τοῦ
1203 661 1281 688 Θεοῦ.
1302 658 1364 687 Ἀπὸ
1390 658 1436 696 μὲν
1450 658 1500 697 γὰρ
1515 661 1562 693 τῆς
1582 658 1670 697 μάχης
1693 658 1784 696 ἔχθραι

1020 703 1161 739 τίκτονται,
1177 704 1228 732 ἀπὸ
1245 703 1270 731 δὲ
1284 707 1330 738 τῆς
1345 703 1439 743 ἔχθρας
1457 703 1637 741 μνησικακίαι.
1651 702 1784 740 Ἔκκοψον

1021 749 1067 784 τὴν
1086 749 1166 789 ῥίζαν,
1183 750 1227 778 καὶ
1243 751 1289 778 οὐκ
1300 750 1372 778 ἔσται
1382 751 1395 777 ὁ
1407 749 1506 787 καρπός
1516 761 1521 766 ·
1534 749 1600 778 οὕτω
1612 749 1784 786 μαθησόμεθα

1020 798 1072 823 τῶν
1086 797 1214 833 βιωτικῶν
1228 800 1406 833 καταφρονεῖν.
1428 796 1467 823 Οὐ
1487 795 1537 832 γάρ
1552 796 1631 829 ἐστιν,
1653 796 1699 822 οὐκ
1714 794 1783 822 ἔστιν

1021 841 1048 868 ἐν
1063 844 1115 873 τοῖς
1138 845 1323 877 πνευματικοῖς
1340 840 1429 878 μάχη,
1441 843 1451 854 ·’“
1465 839 1522 867 ἀλλ’
1536 840 1599 878 ὅπερ
1621 839 1650 867 ἂν
1673 838 1728 876 ἴδῃς
1742 850 1783 877 γε’

1022 884 1168 922 νόμενον,ἢ
1186 885 1291 923 μάχας,
1313 884 1329 919 ἢ
1354 885 1454 923 φθόνον,
1471 885 1488 918 ἢ
1503 884 1567 923 ὅπερ
1590 884 1619 912 ἂν
1639 884 1706 913 εἴποι
1730 896 1786 919 τις,

1024 933 1152 968 βιωτικῶν
1168 931 1254 958 ἕνεκεν
1267 930 1381 968 γίνεται·
1398 929 1414 964 ἢ
1429 930 1479 968 γὰρ
1503 929 1650 962 πλεονεξίας
1663 952 1670 966 ,
1687 929 1704 963 ἢ
1719 930 1783 968 φθό-

1022 989 1080 1011 νου,
1096 976 1112 1010 ἢ
1128 975 1271 1008 κενοδοξίας
1288 975 1343 1014 ἔχει
1358 975 1442 1013 ἀρχὴν
1456 980 1529 1003 πᾶσα
1541 975 1625 1013 μάχη.
1640 974 1686 1003 Ἂν
1700 975 1785 1003 τοίνυν

1022 1021 1220 1060 εἷρηνεύσωμεν,
1238 1020 1410 1058 μαθησόμεθα
1421 1020 1465 1048 καὶ
1486 1022 1538 1048 τῶν
1559 1022 1585 1049 ἐν
1600 1021 1632 1058 τῇ
1652 1022 1685 1058 γῇ
1700 1031 1786 1048 κατα·

1023 1071 1133 1106 φρονεῖν.
1155 1066 1279 1105 Ἥρπασέ
1294 1077 1333 1098 τις
1348 1065 1381 1093 τὰ
1396 1065 1539 1104 χρήματα,
1559 1065 1627 1095 Ἀλλ’
1642 1065 1713 1094 οὐδὲν
1728 1065 1786 1100 ἠδί-

1023 1124 1102 1147 κησε,
1115 1112 1190 1150 μόνον
1218 1111 1256 1150 μὴ
1282 1111 1325 1139 τὸν
1347 1111 1401 1139 ἄνω
1428 1113 1537 1140 πλοῦτον
1554 1111 1676 1150 ἁρπάσῃ,
1698 1110 1786 1150 φησίν.

1023 1158 1175 1187 Ἐνεπόδισέ
1189 1169 1234 1186 σου
1248 1159 1279 1195 τῇ
1296 1157 1371 1196 δόξῃ
1382 1157 1451 1185 Ἀλλ’
1467 1158 1494 1185 οὗ
1505 1159 1536 1196 τῇ
1549 1157 1614 1196 πρὸς
1630 1157 1707 1190 Θεὸν,
1718 1155 1787 1185 ἀλλὰ

1023 1206 1055 1242 τῇ
1069 1204 1193 1241 οὗδαμινῇ
1205 1215 1211 1220 ·
1224 1203 1282 1232 οὐδὲ
1304 1203 1354 1241 γὰρ
1377 1202 1438 1235 δόξα
1453 1202 1517 1238 αὕτη
1533 1203 1613 1236 ἐστὶν,
1627 1203 1684 1230 ἀλλ’
1704 1202 1787 1240 ὄνομα

1023 1250 1111 1285 δόξης,
1127 1250 1224 1287 μᾶλλον
1235 1249 1315 1278 δὲκαὶ
1328 1249 1424 1282 ἀδοξία.
1436 1248 1561 1287 Ἧρπασέ
1573 1259 1618 1277 σου
1632 1247 1679 1283 τὴν
1691 1248 1788 1285 τιμήν;

1022 1295 1089 1324 Ἀλλ’
1115 1295 1172 1334 οὐχὶ
1186 1295 1233 1329 τὴν
1248 1295 1307 1330 σὴν,
1324 1294 1391 1324 ἀλλὰ
1405 1293 1452 1329 τὴν
1469 1296 1569 1323 ἑαυτοῦ.
1585 1293 1691 1332 ‘'sse-‘Rp
1709 1293 1761 1332 γὰρ
1774 1295 1787 1321 ὁ

1022 1345 1118 1373 ἀδικῶν
1143 1345 1189 1372 οὒκ
1215 1345 1314 1378 ἀδικεῖ,
1331 1344 1387 1372 ἀλλ’
1404 1344 1550 1371 ἀδικεῖται·
1566 1342 1633 1371 οὕτω
1652 1342 1697 1371 καὶ
1720 1344 1734 1371 ὁ
1748 1344 1787 1381 τῷ

1022 1393 1133 1428 πλησίον
1147 1394 1332 1428 ἐπιδουλεύων,
1345 1393 1434 1421 ἑαυτὸν
1450 1394 1551 1432 ἀναιρεῖ
1573 1394 1677 1432 πρῶτον
1687 1404 1693 1410 ·
1708 1395 1721 1421 ὁ
1735 1393 1786 1431 γὰρ

1021 1445 1136 1484 ὀρύσσων
1156 1443 1246 1482 βόθρον
1262 1445 1298 1481 τῷ
1316 1442 1427 1478 πλησίον
1448 1444 1525 1471 αὐτοῦ
1534 1465 1542 1477 ,
1557 1443 1592 1475 εἷς
1607 1442 1683 1471 αὐτὸν
1697 1442 1786 1480 ,ἐμπί-

1021 1506 1088 1522 πτει.
1102 1493 1148 1528 Μὴ
1162 1493 1246 1521 τοίνυν
1259 1493 1464 1530 ἐπιὲουλεύωμεν
1483 1493 1580 1532 ἑτέροις
1589 1516 1598 1531 ,
1613 1493 1656 1522 ἵνα
1678 1493 1715 1531 μὴ
1729 1495 1787 1522 ἑαυ-

1022 1542 1078 1575 τοὺς
1103 1542 1270 1581 βλάπτωμεν.
1285 1542 1371 1571 υΟταν
1385 1542 1431 1578 τὴν
1447 1543 1541 1581 ἑτέρων
1555 1543 1629 1576 δόξαν
1645 1543 1784 1572 ὑποσκελί-

1022 1605 1119 1630 σωμεν,
1145 1592 1308 1630 ἐννοήσωμεν
1340 1592 1380 1620 ὅτι
1410 1592 1515 1626 ἑαυτοὺς
1544 1592 1711 1631 βλάπτομεν,
1746 1592 1787 1622 ὅτι

1023 1644 1121 1680 μᾶλλον
1151 1644 1250 1675 ἑαυτοῖς
1277 1642 1488 1680 ἓπιὸουλεύομεν.
1515 1643 1630 1672 Ἐκεῖνον
1658 1643 1704 1681 μὲν
1737 1643 1790 1682 γὰρ

1022 1693 1093 1727 ἴσως,
1125 1693 1173 1722 κᾶν
1202 1692 1361 1732 ἰσχύσωμεν,
1381 1693 1454 1732 παρὰ
1483 1698 1535 1727 τοῖς
1557 1694 1700 1732 ἀνθρώποις
1724 1694 1784 1733 βλά-

1023 1755 1134 1781 πτομεν·
1153 1743 1258 1775 ἑαυτοὺς
1269 1742 1296 1772 δὲ
1310 1743 1383 1781 παρὰ
1393 1745 1430 1782 τῷ
1442 1745 1504 1783 Θεῷ
1515 1745 1664 1782 ἀδικοῦμεν,
1676 1744 1788 1784 παροξύ-

1024 1803 1109 1824 νοντες
1123 1792 1208 1820 αὐτόν.
1219 1791 1265 1826 Μὴ
1276 1792 1306 1826 δὴ
1322 1792 1481 1830 βλάπτωμεν
1493 1792 1607 1824 ἑαυτούς.
1615 1792 1723 1832 υΩσπερ
1736 1792 1789 1832 γὰρ

1025 1843 1046 1870 εἰ
1063 1842 1200 1878 ἀδικοῦμεν
1212 1840 1270 1873 τοὺς
1284 1840 1405 1876 πλησίον,
1417 1841 1522 1873 ἑαυτοὺς
1538 1843 1677 1879 ἀδικοῦμεν
1686 1854 1692 1860 ·
1707 1843 1789 1875 οὕτως

1025 1891 1116 1924 αὐτοὺς
1129 1887 1157 1919 εἶ
1167 1894 1301 1923 ποιοῦντες
1311 1914 1318 1927 ,
1337 1891 1442 1924 ἑαυτοὺς
1453 1888 1481 1920 εὖ
1498 1896 1630 1930 ποιοῦμεν.
1643 1892 1728 1921 υΟταν
1743 1889 1787 1921 οὖν

1026 1953 1054 1969 σε
1070 1941 1158 1980 βλάψῃ
1170 1943 1183 1969 ὃ
1199 1942 1289 1981 ἐχθρὸς
1300 1963 1306 1977 ,
1319 1941 1456 1977 ἐννοήσας,
1470 1942 1510 1970 ὅτι
1525 1942 1682 1982 εὐηργέτησέ
1695 1954 1732 1978 σε,
1743 1943 1788 1971 ἐὰν

1022 1991 1105 2030 νῆφῃς
1117 2014 1124 2027 ,
1142 1991 1178 2029 μὴ
1195 1992 1272 2029 μόνον
1287 1996 1340 2024 τοῖς
1362 1992 1428 2024 ἴσοις
1447 1992 1522 2021 αὐτὸν
1541 1993 1577 2031 μὴ
1602 1993 1689 2032 ἀμύνῃ
1700 2016 1707 2030 ,
1721 1994 1789 2023 ἀλλὰ

1023 2041 1067 2070 καὶ
1083 2041 1260 2081 εὖεργέτησον.
1273 2041 1341 2070 Ἀλλ’
1357 2044 1373 2076 ἡ
1387 2041 1476 2081 πληγὴ
1500 2042 1573 2080 με’νει
1588 2043 1688 2082 σφοδρὰ
1698 2066 1706 2080 ,
1717 2043 1790 2082 φησί.

1023 2092 1107 2119 Τοῦτο
1121 2090 1204 2119 τοίνυν
1220 2091 1351 2127 ἐννόησον,
1364 2091 1404 2120 ὅτι
1417 2092 1464 2120 οὐκ
1478 2093 1575 2120 ἐκεῖνον
1587 2087 1616 2120 εἶ
1628 2097 1721 2130 ποιεῖς,
1729 2094 1788 2121 ἀλλ’

1024 2143 1119 2170 ἐκεῖνον
1135 2140 1181 2179 μὲν
1197 2140 1327 2177 κολάζεις,
1336 2141 1428 2170 σαυτὸν
1442 2142 1469 2170 δὲ
1483 2137 1511 2170 εὖ
1525 2147 1620 2179 ποιεῖς,
1631 2143 1675 2171 καὶ
1688 2143 1791 2184 ταχέως

1023 2191 1092 2226 ἥξεις
1106 2191 1170 2230 πρὸς
1187 2192 1217 2220 τὸ
1231 2186 1258 2219 εὖ
1272 2194 1390 2226 ποιῆσαι.
1406 2193 1431 2220 Τ
1434 2191 1442 2220 ί
1457 2188 1500 2220 οὖν
1510 2204 1517 2227 ;
1527 2193 1572 2220 καὶ
1587 2195 1678 2232 σκοπῷ
1688 2216 1696 2229 ,
1707 2194 1790 2233 φησὶ,

1023 2241 1131 2280 τοιούτῳ
1146 2245 1228 2270 ποιεῖν
1246 2243 1296 2276 δεῖς
1311 2242 1350 2270 Οὐ
1375 2242 1412 2269 δεῖ
1430 2241 1477 2278 μὲν
1488 2241 1571 2281 τούτῳ
1583 2247 1666 2272 ποιεῖν
1680 2245 1717 2283 τῷ
1730 2255 1790 2273 σκο-

1023 2293 1080 2330 πῷ·
1093 2291 1153 2319 ὅταν
1170 2290 1197 2319 δὲ
1218 2290 1254 2328 μὴ
1270 2291 1334 2329 φέρῃ
1351 2293 1367 2325 ἡ
1383 2291 1478 2329 καρδία
1489 2313 1496 2326 ,
1524 2291 1571 2319 κᾶν
1589 2292 1688 2331 τούτῳ,
1703 2293 1791 2332 φησὶν,

1023 2340 1103 2376 αὐτὴν
1118 2341 1241 2379 ἐνάγαγε,
1255 2340 1300 2369 καὶ
1310 2340 1411 2379 ταχέως
1424 2341 1503 2376 αὐτὴν
1516 2342 1614 2375 πείσεις
1626 2345 1728 2381 ἀφεῖναι
1742 2343 1791 2379 τὴν

1022 2390 1128 2428 ἔχθραν,
1143 2390 1187 2418 καὶ
1203 2392 1238 2422 ὡς
1252 2389 1325 2428 φίλον
1339 2391 1514 2429 εὖεργετήσεις
1529 2392 1619 2420 λοιπὸν
1631 2391 1674 2420 τὸν
1688 2393 1790 2431 ἐχθρὸν,

1023 2440 1068 2468 καὶ
1081 2439 1148 2468 οὕτω
1164 2442 1215 2468 τῶν
1234 2440 1381 2478 μελλόντων
1406 2442 1509 2479 ἀγαθῶν
1533 2440 1667 2480 ἐπιτεύξῃ·
1689 2444 1724 2470 ὧν
1748 2442 1790 2480 γέ-

266 2550 275 2563 2
294 2541 408 2572 [Vsdff'ff
428 2542 476 2572 1⁴2³·
497 2547 547 2567 523?
568 2548 623 2570 ἕπον
644 2550 669 2571 ¹112
689 2550 733 2581 (ἴῃς
751 2553 869 2580 ’ῥυομένῃ
884 2554 895 2577 ἡ
908 2554 984 2582 μάχῃ
998 2550 1055 2581 (hoc
1069 2551 1135 2575 enim
1148 2549 1223 2575 liuba-t
1233 2550 1309 2576 Savil.
1325 2552 1348 2574 iu
1362 2552 1462 2584 marg).
1476 2551 1601 2584 Danaam]
