1893 2860
459 160 491 182 IN
520 159 626 182 EPtST.
658 159 679 180 Ι.

710 159 754 182 AD
781 160 920 183 TmOTu.
951 160 1027 182 CAP.
1057 160 1082 183 1.

1112 160 1233 183 uosur.
1265 161 1313 183 ιιι.
1585 150 1674 186 65κ>

110 223 194 252 λοιποὶ
220 220 359 261 φιλαρχίας
382 219 467 248 ἕνεκεν
490 219 618 261 ἔπραττεν
645 219 714 258 ἅπερ
739 219 876 258 ἔπραττεν,
899 224 914 245 Γ
933 220 1018 259 parati
1040 227 1114 258 sunt,
1136 227 1199 250 tunc
1217 231 1271 250 non
1285 221 1443 259 ambitione,
1468 229 1497 251 ut
1512 223 1610 258 caeteri‚
1627 224 1673 252 sed

108 272 175 302 ἀλλὰ
187 271 274 306 ζήλου.
285 270 363 302 Τίνος
375 270 427 308 γὰρ
440 269 527 298 ἕνεκεν
541 271 578 302 εἷς
593 269 738 307 Δαμασκὸν
751 269 875 308 ἐπορεύε-

106 333 152 358 το;
174 320 269 359 Δύμην
291 321 322 349 τὸ
341 325 454 359 πρᾶγμα
479 319 596 357 ἐνόμιζε,
621 318 665 347 καὶ
689 318 813 347 ἐδεδοίκει
837 319 873 357 μὴ

105 374 243 410 πανταχοῦ
259 371 366 410 διαδοθῇ
383 371 413 399 τὸ
434 369 568 409 κήρυγμα.
583 370 618 398 Οἱ
641 368 667 397 δὲ
683 368 806 397 Ἰουδαῖοι
825 370 874 408 οὐχ

105 421 184 454 οὕτως
196 433 202 439 ·
218 422 247 449 οὗ
261 420 313 459 γὰρ
330 423 377 456 τῆς
401 420 564 460 προστασίας
584 421 636 447 τῶν
656 419 761 447 πολλῶν
777 418 873 455 ἕνεκεν,

106 472 174 501 ἀλλὰ
185 472 327 512 φιλαρχίας
338 472 416 512 χάριν
432 471 519 500 πάντα
534 469 671 509 ἔπραττον.
684 468 757 508 ’Ὅρα
771 472 832 507 γοῦν
848 470 874 498 τί

106 534 186 562 φασιν
198 535 204 540 ·
220 522 336 562 Ἀροῦσιν
347 524 424 561 ἡμῶν
439 522 469 550 τὸ
483 521 553 553 ἔθνος
568 519 612 548 καὶ
627 519 674 554 τὴν
689 519 775 548 πόλιν.
793 521 874 552 Ποῖος

107 573 197 605 αὐτοὺς
211 572 346 602 κατέσεισε
358 572 450 612 φόὸοςς
468 569 636 610 ἀνθρώπινος.
650 568 755 598 Ἐκεῖνο
765 569 792 598 δὲ
803 569 873 602 ἄξιον

106 623 235 659 ἐξετάσαι,
247 625 302 656 πῶς
315 622 426 663 ἀκριὸὴς
436 622 471 650 ὧν
483 621 544 660 περὶ
556 621 600 650 τὸν
613 619 702 658 νόμον,
713 619 786 648 οὐδὲν
798 619 874 658 ἔγνω-

108 673 183 705 αὖτὸς
201 673 253 713 γὰρ
273 669 304 708 ἧν
316 675 330 701 ὃ
343 673 440 711 λέγων·
458 671 495 701 Ὃ
509 670 737 710 προεπηγγείλατο
760 668 803 698 διὰ
822 671 874 697 τῶν

107 725 248 763 προφητῶν
270 725 357 752 αὑτοῦ.
373 723 436 755 Πῶς
451 717 494 751 οὖν
511 722 557 750 οὐκ
568 716 638 753 οἶδας
652 719 770 755 ζηλωτὴς
787 719 874 758 ὑπάρ-

106 785 161 812 χων
178 777 223 802 τοῦ
238 773 362 813 πατρῴου
373 772 469 810 νόμου,
484 771 557 811 παρὰ
570 769 630 802 τοὺς
640 770 722 802 πόδας
736 769 875 807 Γαμαλιή-

105 824 151 852 λου
165 822 366 860 παιδευόμενος
383 823 441 852 ἀλλ’
455 824 478 851 οἱ
495 821 542 859 μὲν
563 823 589 849 ἐν
611 821 717 859 λίμναις
731 819 775 848 καὶ
787 831 872 849 ποτα-

105 878 162 912 μοῖς
175 872 351 912 διατρίέοντες
369 872 413 901 καὶ
435 873 547 901 τελῶναι
563 870 746 910 προσέδραμον
760 870 806 899 καὶ
818 870 875 898 ἐδέ-

105 923 190 959 ξαντο,
206 921 237 951 σὺ
248 922 274 952 δὲ
288 921 390 955 διώκεις
404 925 418 951 ὃ
428 921 582 960 νομομαθής
592 933 600 956 ;
612 920 663 949 Διὰ
675 923 752 949 τοῦτο
765 919 873 959 κατεγί-

105 986 204 1004 νωσκεν
218 975 310 1002 ἑαυτοῦ
321 995 330 1011 ,
349 973 442 1012 λέγων,
465 974 523 1001 Οὐκ
545 971 599 1010 εἰμὶ
621 971 709 1003 ἱκανὸς
736 971 874 999 καλεῖσθαι

107 1024 250 1056 ἀπόστολος
259 1035 265 1040 ·
290 1023 332 1051 διὰ
346 1027 421 1052 τοῦτο
444 1022 492 1058 τὴν
518 1023 624 1061 ἄγνοιαν
648 1023 788 1060 ὁμολογεῖ,
810 1021 841 1057 ἣν
856 1023 873 1055 ἡ

107 1073 217 1102 ἀπιστία
233 1073 332 1101 ἔτικτε·
345 1073 388 1101 διὰ
402 1072 478 1101 τοῦτό
499 1084 576 1112 φησιν
589 1072 736 1107 ἐλεηθῆναι.
758 1071 794 1100 Τί
810 1072 874 1106 ἐστι,

107 1123 206 1151 Ilm-:62
226 1134 259 1160 με
279 1122 412 1160 ἡγήσατο,
428 1122 512 1152 Οὐδὲν
527 1124 578 1151 τῶν
594 1123 755 1151 &emunt-jv
776 1121 876 1161 προεόί·

109 1173 153 1202 δου
164 1184 170 1190 ·
182 1173 268 1201 πάντα
281 1174 360 1201 αὐτοῦ
371 1173 457 1212 ἔλεγεν
469 1168 535 1201 εἶναι
544 1195 551 1209 ,
562 1173 606 1201 καὶ
618 1173 651 1202 τὰ
662 1172 717 1201 ἴδια
727 1185 732 1190 ·
746 1173 793 1201 οὐκ
804 1173 877 1211 ἔσφε-

106 1223 221 1262 τερίζετο
235 1223 283 1258 τὴν
302 1226 348 1251 τοῦ
361 1224 431 1252 Θεοῦ
448 1223 530 1256 δόξαν.
546 1222 638 1252 Ἄκουε
653 1222 705 1261 γὰρ
727 1224 805 1251 αὐτοῦ
830 1222 876 1251 καὶ

107 1274 225 1312 ἀλλαχοῦ
238 1273 368 1312 λέγοντος,
379 1273 493 1312 Ἄνδρες,
506 1273 533 1301 τί
547 1276 611 1310 ἡμῖν
624 1273 784 1311 προσέχετε;
799 1275 876 1310 ἡμεῖς

106 1326 271 1362 ὁμοιοπαθεῖς
280 1324 341 1360 ὑμῖν
353 1325 431 1361 ε’σμεν
442 1323 584 1361 ἄνθρωποι.
596 1322 683 1351 Τοῦτό
694 1323 762 1358 ἐστι,
775 1322 874 1351 Πιστόν

106 1384 139 1410 με
151 1373 280 1411 ἡγήσατο.
300 1371 353 1401 Καὶ
366 1372 446 1400 πάλιν
469 1373 601 1411 ἀῖλαχοῦ,
616 1372 810 1412 Περισσότερον
828 1373 875 1400 αὐ-

104 1424 156 1451 τῶν
171 1421 277 1451 πάντων
291 1421 439 1458 ἐκοπίασα,
463 1421 542 1460 φησίν
553 1434 559 1439 ·
581 1423 628 1451 οὔκ
648 1421 700 1460 ἐγὼ
719 1421 761 1458 δὲ,
783 1423 841 1450 ἀλλ’
859 1424 873 1456 ἧ

104 1471 182 1512 χάρις
198 1474 243 1501 τοῦ
259 1473 328 1501 Θεοῦ
342 1474 359 1506 ἡ
375 1470 420 1501 σὺν
442 1471 515 1509 ἐμοί·
535 1472 580 1501 καὶ
601 1472 692 1508 πάλιν,
706 1471 741 1500 ‘O
761 1473 873 1511 ἐνεργῶν

104 1523 132 1551 ἒν
144 1525 208 1561 ἡμῖν
223 1522 268 1551 καὶ
280 1522 310 1551 τὸ
321 1522 405 1551 θέλειν
415 1522 461 1551 καὶ
475 1523 504 1551 τὸ
515 1524 638 1562 ἐνεργεῖν.
652 1522 789 1552 Δείκνυσιν
811 1525 873 1551 ἑαυ-

105 1573 149 1602 τὸν
161 1575 190 1603 ἐκ
204 1573 296 1603 τούτου
305 1573 434 1613 τιμωρίας
447 1573 516 1607 ἄξιον
526 1585 532 1590 “
544 1576 558 1602 ὁ
569 1573 620 1614 γὰρ
634 1573 705 1606 ἔλεος
717 1573 761 1602 ἐπὶ
772 1573 874 1606 τούτοις

104 1623 213 1662 γίνεται.
223 1625 277 1654 Καὶ
288 1625 368 1653 πάλιν
380 1625 497 1664 ἀλλαχοῦ
510 1636 588 1663 φησι·
604 1623 737 1663 Πώρωσις
751 1624 803 1653 ἀπὸ
823 1624 873 1662 με’-

106 1686 164 1714 ρους
182 1677 220 1715 τῷ
235 1675 344 1714 Ἰσραὴλ
366 1675 480 1714 γέγονεν.
504 1675 573 1705 Ἀλλ’
587 1678 604 1711 ’ἡ
618 1675 696 1714 χάρις
717 1678 762 1704 τοῦ
784 1677 871 1711 Θεοῦ,

103 1725 417 1766 φησὶνῇὑπερεπλεόνασε
430 1725 498 1764 μετὰ
509 1725 622 1758 πίστεως
643 1726 689 1754 καὶ
709 1725 815 1764 ἀγάπης
825 1727 872 1760 τ’ἧς

103 1777 129 1805 ἐν
143 1777 252 1817 Χριστῷ
267 1777 365 1810 Ἰησοῦ.
378 1775 414 1805 Τί
428 1777 484 1805 ἔστι
497 1779 591 1812 τοῦτο,
602 1775 662 1805 Ἵνα
678 1775 714 1814 μὴ
734 1776 850 1809 ἀκούσας
859 1799 867 1813 ,

102 1826 246 1862 Ἠλεῆθην,
261 1829 382 1855 τοσοῦτον
404 1825 481 1864 μόνον
496 1825 617 1865 νομίσῃς,
638 1826 809 1865 Βλάσφημος,
825 1838 872 1865 φη-

103 1876 156 1912 σὶν,
170 1877 242 1915 ἤμην
253 1875 299 1905 καὶ
313 1875 426 1910 διώκτης
435 1876 481 1904 καὶ
493 1876 618 1914 ὑδριστής
627 1888 633 1894 ·
655 1879 748 1906 οὐκοῦν
764 1877 809 1905 καὶ
823 1889 871 1906 κο-

102 1926 203 1959 λάσεως
223 1926 305 1959 ἄξιος·
327 1927 385 1954 ἀλλ’
406 1927 452 1955 οὐκ
474 1926 640 1965 ἔτιμωρήθην
653 1938 659 1943 ·
680 1927 794 1963 ἠλεήθην
812 1928 871 1966 γάρ.

102 1970 159 2014 ’Ἆρ’
172 1971 216 2004 οἶν
227 1978 304 2004 τοῦτο
317 1975 407 2013 μόνον,
418 1975 463 2004 καὶ
479 1974 560 2014 μέχρι
570 1976 661 2005 τούτου
672 1978 685 2005 ὅ
696 1977 766 2011 ἔλεος
775 1980 820 2006 τοῦ
833 1977 870 2015 μὴ

105 2026 192 2054 δοῦναι
206 2025 351 2065 τιμωρίαν,
365 2027 515 2064 Οὐδαμῶς,
539 2026 606 2055 ἀλλὰ
627 2026 672 2055 καὶ
692 2026 770 2066 ἔτερα
785 2028 872 2057 πολλὰ

104 2075 149 2104 καὶ
161 2075 273 2114 μεγάλα.
288 2077 329 2104 Οὔ
339 2075 390 2116 γὰρ
401 2078 448 2111 τ’ἦς
460 2076 644 2116 ἐπηρτημένης
656 2079 726 2115 ἡμᾶς
737 2077 811 2114 δίκης
823 2078 871 2116 μό-

104 2139 150 2160 νης
162 2126 309 2162 ἀπήλλαξεν
322 2128 336 2155 ὁ
349 2126 416 2159 Θεὸς
427 2150 434 2163 ,
449 2125 517 2155 ἀλλὰ
525 2126 569 2154 καὶ
582 2126 697 2160 δικαίους
707 2127 814 2163 ἐποίησε
825 2128 870 2158 καὶ

103 2175 172 2209 υἱοὺς
188 2176 233 2205 καὶ
248 2175 372 2215 ἀδελφοὺς
394 2176 439 2205 καὶ
463 2176 553 2215 φίλους
567 2176 612 2207 καὶ
626 2178 804 2217 κληρονόμους
824 2179 870 2208 καὶ

103 2226 339 2266 συγκληρονόμους.
362 2226 414 2255 Διὰ
428 2227 505 2256 τοῦτό
520 2239 610 2267 φησιν,
627 2227 869 2267 Ὕπερεπλεόνασεν

102 2278 119 2311 ἡ
133 2276 221 2316 χάρις,
239 2277 325 2310 δηλῶν
341 2275 382 2305 ὅτι
400 2276 516 2315 ὑπερέῧη
532 2276 578 2305 καὶ
590 2277 632 2305 τὸν
647 2277 718 2306 ἔλεον
737 2277 770 2306 τὰ
783 2279 866 2318 δῶρα.

101 2328 194 2356 Ταῦτα
203 2326 254 2366 γὰρ
265 2327 311 2355 οὐκ
323 2326 453 2360 ἐλεοῦντος
473 2327 553 2362 ἐστιν,
569 2326 638 2356 ἀλλὰ
658 2328 792 2366 φιλοῦντος
802 2351 810 2365 ,
823 2329 868 2358 καὶ

101 2376 202 2416 σφόδρα
216 2378 379 2415 ἀγαπῶντος,
392 2376 484 2406 Εἰπὼν
496 2377 580 2406 τοίνυν
600 2377 686 2406 πολλὰ
705 2378 749 2406 καὶ
765 2380 868 2418 μεγάλα

101 2426 162 2466 περὶ
187 2429 234 2461 τῆς
257 2427 453 2467 φιλανθρωπίας
476 2430 522 2456 τοῦ
541 2429 612 2457 Θεοῦ
621 2448 629 2463 ,
655 2429 695 2457 ὅτι
712 2429 868 2469 βλάσφημον

102 2480 164 2508 ὄντα
173 2479 216 2508 καὶ
228 2479 353 2519 ὑὸριστὴν
366 2480 410 2509 καὶ
423 2480 535 2516 διώκτην
549 2480 659 2517 ἠλέησε,
674 2482 720 2510 καὶ
731 2482 771 2511 ὅτι
783 2484 812 2511 οὐ
824 2482 870 2521 μέ-

103 2544 148 2571 χρι
163 2531 254 2560 τούτου
275 2531 336 2568 ἔστ-η
353 2531 441 2571 μόνον,
463 2532 531 2562 ἀλλὰ
554 2533 599 2562 καὶ
626 2534 748 2573 μεγάλων
773 2535 869 2574 ἑτέρων

931 266 987 295 zelo
1001 273 1090 296 motus
1101 267 1148 296 illa
1160 267 1322 306 agebat.Cu1·
1334 267 1406 296 enim
1418 269 1580 297 Damascum
1593 269 1649 298 ibat
1660 269 1673 297 .0

932 312 1079 341 Perniciem
1095 312 1240 351 quamdam
1253 313 1405 342 doctrinam
1427 314 1503 343 illam
1516 325 1572 344 esse
1586 321 1672 354 puta-

884 349 919 399 ⁵X⁷⁴
930 357 989 393 bat,
1005 358 1192 396 metuebatque
1206 369 1239 387 ne
1253 359 1408 398 purdicatio
1424 360 1525 398 ubique
1540 359 1670 389 extende-

893 1333 911 1354 C

928 410 1009 432 retur.
1025 403 1112 433 Judaei
1127 411 1217 433 :cutem
1231 415 1283 433 non
1298 405 1336 433 sic
1355 417 1360 432 :
1376 416 1429 434 non
1443 407 1515 435 euim
1533 413 1562 434 ut
1576 406 1671 435 multis

927 448 1170 486 patrocinarentur,
1189 449 1236 478 sed
1259 450 1416 479 ambitionis
1431 461 1510 479 causa
1526 451 1616 480 omnia
1630 451 1671 480 sa-

927 493 1042 521 ciebant.
1053 493 1125 522 vide
1135 504 1198 532 ergo
1206 495 1273 532 quid
1283 495 1374 524 dicant
1388 508 1394 524 :
1411 497 1436 524 T
1435 497 1527 525 ollent
1539 503 1668 525 nostram
1680 500 1756 524 ,ΙοιιηΙ
1771 506 1779 522 ι
1789 509 1807 522 ι.

927 544 1042 576 gentem
1053 544 1080 566 et
1091 541 1200 567 urbem.
1209 540 1328 575 Quinam
1340 540 1401 570 illos
1414 542 1494 571 timor
1504 542 1669 571 incessebat?
1681 535 1720 562 48'

929 583 1070 612 humanus.
1095 584 1224 623 Apposite
1248 591 1338 614 autem
1359 594 1511 623 quaeratur,
1534 588 1671 626 quomodo

929 638 991 656 cum
1004 635 1128 658 accurate
1152 629 1239 667 legem
1259 637 1356 665 nosset,
1371 631 1440 659 nihil
1465 639 1553 661 tamen
1568 634 1647 662 sciret
1661 646 1668 662 ι

929 674 987 713 ipse
998 684 1113 713 namque
1125 681 1162 703 est
1173 675 1219 712 qui
1231 674 1306 711 dicit,
1322 676 1408 713 Quod
1418 683 1488 705 ante
1495 681 1669 715 promiserat
1682 687 1741 709 Rom
1768 694 1786 708 ι.
1803 694 1824 708 2.

928 730 980 758 per
999 721 1159 759 prophetas
1181 730 1258 749 suos.
1286 721 1431 755 Quomodo
1455 732 1518 760 ergo
1543 723 1668 762 ignoras,

930 776 991 794 cum
1006 773 1122 804 paternae
1135 766 1201 805 legis
1215 767 1355 795 aemulator
1369 767 1414 804 sis,
1425 774 1451 796 ct
1469 768 1504 796 ad
1518 768 1600 807 pedes
1615 770 1670 798 Ga·
1683 782 1736 802 Aa.
1748 787 1785 802 22x
1799 782 1821 803 3.

930 811 1043 840 melielis
1058 812 1196 840 institutus
1208 812 1316 841 fueris?
1333 812 1379 841 sed
1396 813 1415 841 ii
1427 814 1474 852 qui
1491 814 1519 842 in
1534 814 1634 853 stagnis
1646 822 1672 843 ct

929 855 1022 884 fluviis
1043 856 1230 894 versabantur,
1244 863 1270 885 et
1296 857 1435 896 publicani
1455 866 1628 887 accurrerunt
1646 865 1672 887 et

930 909 1114 942 susceperunt,
1138 909 1168 931 tu
1187 913 1252 932 vero
1272 903 1339 942 legis
1360 903 1462 942 peritus
1481 905 1670 944 persequeris?

929 948 992 977 Ideo
1011 949 1129 988 seipsum
1149 949 1259 978 damnat
1277 949 1379 982 dicens,
1393 951 1462 978 Non
1482 961 1546 979 sum
1564 952 1669 991 dignus
1685 973 1703 987 ¹,
1718 966 1771 987 cor.
1790 965 1823 986 ,5,

929 997 1034 1023 ‘vocari
1048 996 1196 1033 apostolus
1216 1008 1225 1022 :
1246 994 1305 1023 ideo
1320 995 1499 1034 ignorantiam
1515 997 1668 1036 confitetur,
1682 1005 1706 1028 9·

929 1052 1009 1079 qnam
1025 1041 1197 1070 incredulitas
1212 1048 1370 1081 pepererat:
1383 1041 1443 1071 ideo
1465 1043 1503 1071 ait
1514 1053 1541 1072 se
1563 1044 1672 1072 miseri-

929 1086 1050 1115 cordiam
1065 1094 1260 1125 consequutum
1279 1097 1343 1115 esse.
1358 1087 1434 1122 Quid
1453 1088 1505 1116 sibi
1519 1089 1578 1117 vult
1590 1089 1670 1125 illud,

930 1132 1064 1160 Fidelem
1077 1143 1124 1160 me
1136 1134 1318 1161 existimavit
1331 1134 1344 1159 Ρ
1358 1132 1435 1161 Nihil
1447 1143 1481 1162 ex
1499 1133 1533 1162 iis
1546 1144 1604 1172 quae
1618 1135 1672 1164 Do-

931 1177 997 1205 mini
1012 1184 1088 1206 erant
1106 1177 1248 1216 prodidit3
1265 1177 1356 1206 omnia
1377 1178 1463 1217 ipsius
1486 1190 1542 1208 esse
1556 1179 1672 1217 dicebat,

931 1223 1066 1261 etiamque
1078 1234 1126 1251 sua
1139 1224 1265 1262 propria;
1283 1234 1332 1252 nec
1349 1223 1399 1252 sibi
1416 1225 1552 1255 tribuebat
1564 1237 1594 1255 ea
1613 1238 1672 1265 quae

931 1271 967 1299 ad
977 1270 1027 1299 Dei
1040 1270 1155 1309 gloriam
1166 1270 1338 1310 pertinerent.
1351 1270 1422 1299 Audi
1434 1272 1505 1300 enim
1516 1272 1594 1301 illum
1605 1273 1672 1302 alibi

930 1327 1035 1355 quoque
1049 1316 1184 1345 dicentem
1199 1329 1205 1344 :
1224 1318 1296 1352 Viri,
1310 1317 1382 1355 quid
1398 1319 1481 1346 nobis
1495 1319 1647 1348 accenditis
1659 1322 1672 1346 Ρ

931 1373 983 1391 nos
995 1364 1073 1391 enim
1087 1363 1219 1390 homines
1239 1372 1339 1391 sumus
1351 1363 1462 1391 similes
1474 1365 1560 1392 vobis
1577 1367 1671 1402 passi—

931 1408 1002 1437 In'les
1014 1420 1022 1436 .-
1037 1408 1088 1436 hoc
1099 1414 1148 1442 est,
1163 1408 1296 1436 Fidelem
1308 1418 1354 1436 me
1364 1410 1552 1437 existimavit.
1565 1409 1601 1438 Et
1611 1421 1672 1438 rur-

929 1464 975 1482 sus
984 1453 1061 1490 alibi,
1077 1452 1292 1481 Abundantius
1311 1453 1372 1481 illis
1385 1455 1519 1482 omnibus
1537 1454 1671 1484 laboravi
1685 1474 1706 1489 ι,
1720 1468 1773 1490 Cor.
1790 1470 1825 1491 ,5⁵

929 1499 1026 1537 inquit,
1042 1509 1101 1526 non
1115 1508 1176 1537 ego,
1186 1499 1238 1527 sed
1246 1500 1347 1537 gratia
1359 1499 1417 1527 Dei
1429 1509 1540 1528 mecum
1549 1512 1562 1532 ;
1575 1507 1600 1529 et
1610 1511 1671 1529 rur·
1684 1505 1720 1520 ¹0·

928 1555 984 1581 sus,
1000 1544 1057 1582 Qui
1068 1550 1206 1582 operatur
1217 1546 1249 1572 in
1261 1545 1344 1573 nobis
1355 1551 1383 1573 et
1394 1545 1475 1573 velle
1486 1552 1512 1574 et
1522 1546 1669 1586 perficere.
1684 1558 1783 1588 Philipp.
1801 1566 1822 1580 2.

928 1590 1000 1619 Hinc
1014 1589 1130 1618 ostendit
1144 1600 1171 1618 se
1186 1589 1320 1629 supplicio
1333 1589 1448 1628 dignum
1463 1603 1469 1618 :
1486 1591 1670 1622 misericordia
1684 1590 1720 1612 ’3-

927 1637 998 1665 enim
1009 1635 1167 1675 hujusmodi
1180 1635 1336 1664 hominibus
1350 1636 1514 1666 conceditur.
1528 1638 1565 1666 Et
1575 1649 1669 1667 rursus

925 1683 991 1712 alibi
1003 1683 1061 1712 ait:
1077 1683 1202 1712 Caecitas
1221 1693 1257 1711 ex
1269 1689 1354 1721 parte
1375 1685 1406 1711 in
1419 1685 1516 1712 Israel
1534 1687 1665 1725 contigit.
1679 1700 1747 1722 Rom.
1769 1707 1804 1722 Π,

925 1730 982 1759 Sed
993 1731 1092 1769 gratia
1113 1729 1181 1763 Dei,
1206 1728 1308 1767 inquit,
1330 1731 1578 1768 superabundavit
1601 1742 1667 1761 cum
1679 1732 1717 1754 25-

889 1790 908 1813 1,
918 1776 985 1815 fide
1007 1781 1036 1804 et
1059 1775 1223 1811 dilectione,
1239 1785 1304 1814 quae
1323 1781 1364 1803 est
1390 1777 1422 1803 in
1443 1776 1560 1805 Christo
1583 1778 1665 1807 Jesu.

926 1822 1000 1858 Quid
1017 1829 1056 1850 est
1069 1822 1144 1851 hoc?
1159 1822 1199 1850 Ne
1213 1821 1334 1859 audiens,
1350 1823 1584 1852 „Misericordiam
1598 1835 1668 1853 con-

925 1876 1062 1908 sequutus
1082 1877 1156 1902 sum,
1177 1867 1229 1896 hoc
1243 1874 1347 1896 tantum
1371 1868 1498 1907 accipias,
1522 1870 1668 1908 Blasplze—

927 1925 1003 1952 mus,
1019 1914 1116 1952 inquit,
1138 1924 1218 1942 eram
1230 1919 1257 1941 et
1270 1921 1462 1953 persequutor
1473 1921 1502 1943 et
1515 1922 1667 1945 contume-

927 1962 1017 1990 liosus
1031 1972 1040 1988 .·
1055 1970 1117 1998 ergo
1129 1966 1154 1988 et
1166 1959 1300 1998 supplicio
1311 1959 1431 1998 dignus3
1448 1959 1495 1989 sed
1506 1971 1559 1989 non
1576 1972 1667 2001 peenas

925 2005 1004 2043 dedi3
1015 2015 1077 2033 nam
1085 2003 1297 2032 misericordiam
1306 2011 1485 2042 consequutus
1492 2007 1606 2034 sum.Au
1614 2006 1666 2035 hoc

926 2050 1023 2085 solum,
1044 2055 1069 2076 et
1089 2058 1204 2086 cousque
1219 2054 1324 2076 tantum
1339 2048 1523 2077 misericordia
1537 2051 1665 2088 processit

926 2101 956 2123 ut
979 2091 1144 2132 supplicium
1165 2101 1218 2120 non
1240 2091 1371 2120 subires?
1387 2092 1518 2130 Minime5
1543 2093 1590 2122 sed
1611 2094 1664 2124 alia

925 2138 1011 2166 multa
1033 2143 1058 2165 et
1071 2146 1169 2175 magna
1187 2135 1291 2175 adjecta
1312 2137 1404 2165 fuere:
1422 2148 1475 2166 non
1490 2137 1578 2166 solum
1592 2139 1663 2167 enim

925 2182 958 2210 ab
971 2179 1120 2210 imminenti
1133 2190 1210 2219 poena
1222 2191 1270 2209 nos
1284 2181 1410 2210 liberavit
1423 2183 1508 2217 Deus,
1523 2181 1570 2211 scd
1582 2182 1662 2212 etiam

921 2226 1008 2265 justos
1023 2223 1112 2253 effecit
1123 2230 1147 2252 et
1162 2223 1234 2252 filios
1246 2231 1270 2253 et
1285 2224 1380 2254 fratres
1393 2232 1418 2254 ct
1434 2226 1534 2254 amicos
1547 2233 1571 2254 ct
1586 2226 1663 2256 here-

923 2270 970 2299 des
988 2276 1013 2298 et
1024 2267 1174 2297 coheredes.
1187 2267 1249 2297 Ideo
1261 2268 1308 2304 ait,
1321 2269 1576 2308 Superabundavit
1592 2282 1663 2310 gra-

925 2315 975 2351 tia,
998 2311 1138 2341 ostendens
1161 2311 1232 2340 dona
1252 2312 1297 2341 illa
1314 2313 1526 2343 misericordiam
1546 2324 1661 2353 supera-

923 2358 1002 2387 visse.
1013 2357 1075 2386 Haec
1083 2356 1183 2396 quippe
1193 2367 1244 2385 non
1254 2357 1404 2386 miserantis
1412 2365 1482 2394 sunt,
1494 2357 1539 2386 sed
1548 2359 1661 2388 amantis

923 2410 948 2432 et
963 2401 1110 2431 admodum
1125 2401 1273 2440 diligentis.
1291 2402 1359 2430 Cum
1373 2412 1437 2441 crgo
1452 2402 1536 2431 multa
1548 2401 1662 2431 dixisset

923 2447 957 2475 de
969 2445 1134 2484 benignitate
1146 2445 1206 2481 Dei,
1221 2444 1291 2483 quod
1305 2446 1347 2474 sui
1362 2446 1511 2486 blasphemi
1529 2452 1554 2474 ct
1567 2453 1657 2475 contu-

924 2490 1026 2520 meliosi
1039 2496 1064 2518 et
1078 2488 1275 2529 persequutoris
1289 2489 1413 2518 misertus
1424 2489 1466 2526 sit,
1482 2496 1507 2519 et
1522 2489 1593 2528 quod
1607 2501 1660 2519 non

923 2535 969 2565 hic
983 2533 1141 2571 substiterit,
1159 2533 1206 2563 sed
1222 2533 1314 2563 multis
1332 2540 1357 2563 et
1370 2534 1474 2574 magnis
1487 2534 1547 2563 aliis
1563 2534 1662 2574 digua-

1494 2589 1544 2619 45,

1684 1338 1735 1360 Act.
1746 1339 1823 1367 14.ιῷ
