1893 2860
123 697 184 718 Finis
196 699 245 718 vita:

123 730 236 755 igno-,inn-

122 760 147 779 ad
170 760 252 779 untim-

123 795 166 810 tem
190 792 266 811 iix-eu·

125 822 179 841 tium

129 2249 186 2268 Ihm.
199 2248 220 2269 3,
233 2254 268 2277 17.

276 155 347 199 554
617 164 645 185 s.

275 227 355 255 Multi
375 231 543 254 excesserunt
562 224 663 261 absque
684 224 895 261 illuminatione,
917 234 1012 263 nempe

676 164 815 186 mammis
843 163 1023 185 CHRYSOST.

1054 165 1071 185 Α
1079 165 1195 187 nenti-:P
1202 180 1208 187 .
1237 166 1298 188 CON
1305 167 1362 188 §TA
1369 167 1489 189 Minor
1496 182 1503 189 .

1065 237 1107 256 τος
1123 227 1250 261 ἀπῆλθον,
1261 227 1305 255 καὶ
1315 227 1373 257 οὐδὲ
1391 223 1463 261 οὗτος
1477 228 1568 261 αὐτοὺς
1583 231 1596 257 ὁ
1608 229 1684 267 φόέος
1697 227 1833 256 ἐπαίδευσε

274 272 448 311 baptismate,
463 277 487 297 ct
503 280 533 297 ne
547 269 590 297 liic
610 269 718 307 quidem
737 276 821 297 nictus
842 280 885 297 eos
899 269 1011 304 erudiit,
1021 292 1057 312 437
1066 272 1162 303 ζῶντας
1190 272 1371 309 ἐπιμελεῖσθαι
1391 275 1442 302 τῶν
1454 276 1491 313 τῷ
1506 276 1567 313 Θεῷ
1583 274 1735 309 δοκούντων,
1751 275 1774 301 εἷ
1789 274 1834 302 καὶ

274 325 302 345 ιιι
317 327 406 345 curaui
423 322 514 353 gerant
529 326 620 344 corun}
644 326 703 354 qua·
721 317 775 343 Deo
789 315 894 354 placent
908 327 914 342 ;
932 315 953 343 si
970 315 1013 343 hic
1031 321 1048 341 Α
1065 312 1138 348 οὗτος
1149 316 1264 356 ἀνῄρητο
1277 319 1290 344 ὁ
1304 317 1394 356 φόὸος,
1412 318 1449 351 τίς
1462 318 1491 346 ἂν
1507 319 1607 357 ἐγένετό
1628 331 1689 348 ποτε
1709 319 1834 358 σώφρων;

272 363 351 391 ctiam
365 362 470 390 ablatus
484 368 549 389 essct
560 369 655 395 nictus,
666 362 727 399 quis
742 372 867 399 uniquam
880 368 945 389 esset
957 371 1010 389 mo-

272 408 383 436 destus?
396 407 456 445 quis
471 407 556 435 bonus
571 414 596 435 et
611 408 723 444 arquusi'
738 408 830 435 Nemo.
843 406 932 434 Alium
948 417 1011 434 rur—

273 464 317 481 sus
330 464 399 481 nune
414 453 530 481 continet
553 460 577 481 et
600 453 722 491 reprimit
750 459 835 480 metus
850 452 942 480 mortis
955 474 962 487 ‚
988 458 1013 480 ct

272 512 346 529 amor
356 501 417 529 vita:
430 513 435 528 :
451 501 472 529 si
487 507 575 529 autem
588 500 665 528 sciret
682 500 863 538 uniusquisque
879 501 1010 534 futurum,

274 556 303 577 nt
317 560 374 577 cras
389 555 545 583 moreretur,
563 548 631 576 nihil
643 555 703 576 ante
717 558 776 575 enm
791 547 863 575 diem
882 553 1014 575 recusaret

273 595 368 631 sarcre,
386 593 431 621 sed
443 600 467 621 et
482 593 640 621 interficeret
650 604 716 631 quos
727 593 817 630 vellet,
831 593 905 621 mille
916 592 1014 621 seelera

276 646 392 678 patraret
406 639 533 667 ulciscens
549 638 680 667 inimicos.

316 687 343 713 Q.
359 685 446 713 Homo
460 684 530 712 enim
545 684 666 723 impurus
679 690 703 712 et
712 683 864 721 sceleratus,
874 685 920 723 qni
935 685 1017 723 hujus

277 730 338 759 vitre
347 740 420 769 spem
431 729 539 768 abjecit,
558 740 589 757 ne
600 731 656 768 ejus
673 729 783 766 quidem
796 730 875 758 hahet
889 730 1017 758 rationem

277 775 323 814 qui
340 782 378 804 est
393 775 502 803 indutus
517 786 646 814 purpura.
663 775 716 809 Qui
726 785 788 813 ergo
813 776 894 804 hahet
912 786 1019 814 persua-

279 832 338 850 sum
349 821 404 849 sore
416 827 443 848 ut
454 820 562 848 omnino
568 820 689 855 excedat,
699 827 723 848 et
733 820 1020 849 ulcisceturinimicum

279 875 305 895 et
325 878 372 895 suo
393 867 466 905 prins
482 866 576 894 satiato
597 867 698 903 animo,
719 866 757 894 sic
775 873 888 895 mortem
911 867 1017 906 accipit.

280 914 374 942 Dicam
390 913 470 941 etiam
488 913 593 950 aliquid
609 914 717 941 tertium
736 926 741 941 :
763 913 809 950 qui
824 913 935 942 vivendi
960 920 1021 942 sunt

280 958 385 997 cupidi,
406 965 431 986 ct
453 968 511 995 quae
533 964 594 985 sunt
619 957 664 985 hie
687 956 765 986 valde
782 965 920 997 appetunt,
940 958 1021 987 animi

280 1003 442 1041 :egritudine
451 1010 476 1031 et
487 1002 579 1031 dolore
594 1003 719 1042 perirent.
737 1003 765 1032 Si
784 1004 843 1041 quis
859 1004 929 1031 enim
941 1004 1021 1043 juve-

281 1050 321 1079 nis
338 1050 415 1079 sciret
426 1061 452 1078 se
464 1057 614 1078 extremum
629 1049 699 1078 diem
709 1050 863 1078 clausurum
876 1057 936 1078 ante
950 1061 1022 1079 sene-

281 1103 382 1124 ctutem
395 1119 403 1131 ,
423 1096 492 1124 sicut
506 1096 672 1124 debilissima
694 1102 718 1124 et
744 1095 948 1134 languidissima
962 1096 1022 1124 ani-

279 1142 370 1177 malia,
391 1149 531 1181 postquam
547 1142 644 1170 suerint
662 1141 863 1180 comprehensa,
877 1141 962 1180 magis
974 1141 1022 1170 de·—

278 1188 381 1223 fieiuut,
395 1188 475 1215 finem
498 1187 679 1226 exspectantia
693 1199 698 1214 :
710 1187 748 1215 sic
764 1187 810 1215 ille
821 1194 887 1216 esset
897 1188 1020 1217 affectus.

277 1235 368 1272 Neque
381 1234 432 1263 viri
454 1234 535 1262 fortes
550 1234 705 1262 habuissent
721 1234 881 1263 mercedem.
906 1234 934 1263 Si
951 1235 1020 1263 enim

278 1280 376 1308 scirent
387 1279 459 1318 quod
471 1281 579 1308 omnino
590 1286 650 1318 post
662 1287 714 1308 tres
726 1290 807 1308 annos
828 1286 960 1319 oporteret
975 1291 1021 1309 ex-

278 1325 380 1359 cedere,
398 1336 444 1354 nec
460 1332 520 1353 ante
540 1325 600 1353 illos
614 1324 794 1364 possentquid
809 1325 895 1353 facere
907 1348 915 1361 ‚
941 1336 1021 1363 quam

278 1370 406 1399 haberent
421 1370 583 1405 mercedem,
598 1371 620 1398 si
634 1381 676 1399 res
686 1381 780 1409 graves
793 1377 818 1398 et
828 1381 932 1409 asperas
942 1371 1023 1399 aude-

278 1423 337 1444 rent
359 1416 472 1454 aggredi
486 1416 498 1444 ?
514 1416 561 1444 Eis
576 1416 646 1444 enim
662 1416 796 1454 quispiam
811 1416 911 1444 dixerit
925 1428 930 1443 :
949 1417 1024 1451 Quo-

278 1461 350 1489 niam
364 1472 413 1500 pro
425 1461 512 1489 tribus
527 1461 603 1489 annis
614 1461 683 1489 bono
699 1468 724 1489 et
738 1461 831 1489 fidenti
847 1462 908 1489 estis
919 1462 1022 1495 animo,

278 1513 418 1545 propterea
432 1506 512 1534 aditis
525 1506 643 1545 pericula
656 1529 665 1543 ,
683 1506 794 1534 scientes
811 1517 860 1535 vos
872 1514 947 1535 antea
957 1507 1024 1535 mori

278 1563 329 1580 non
345 1562 429 1591 posse.
450 1552 502 1586 Qui
516 1552 586 1580 enim
601 1559 736 1591 exspectat
754 1553 809 1580 fore
827 1559 856 1580 ut
870 1563 903 1581 ex
924 1553 1024 1591 quovis

278 1598 396 1636 periculo
404 1598 544 1633 moriatur,
559 1604 583 1625 et
601 1598 651 1626 seit
665 1598 719 1625 sore
734 1597 843 1635 quidem
857 1605 885 1625 ut
899 1598 973 1626 vivat
985 1621 991 1634 ,
1003 1599 1024 1626 si

278 1653 330 1671 non
345 1654 464 1682 praeceps
486 1650 510 1671 ct
526 1643 698 1671 temerarium
717 1643 805 1682 capiat
819 1644 977 1680 consilium,
994 1652 1023 1672 ut

278 1689 408 1717 moriatur
423 1696 523 1725 antem,
540 1689 562 1716 si
574 1699 604 1716 ea
622 1695 719 1716 temere
739 1695 764 1716 et
786 1688 916 1717 audenter
930 1700 1024 1727 aggi-e<

277 1735 382 1768 diatur,
414 1734 565 1762 maximum
583 1734 694 1772 protulit
718 1733 849 1762 indicium
871 1734 953 1762 animi
983 1734 1024 1763 sui

277 1780 432 1816 alacritatis,
446 1787 471 1808 et
482 1779 554 1817 quod
565 1780 633 1807 hanc
648 1779 733 1807 vitam
741 1779 879 1818 despiciat.
891 1781 1024 1819 Exemplo

277 1833 367 1853 autem
378 1825 428 1853 hoc
442 1825 520 1854 vobis
531 1825 627 1853 faciam
637 1825 818 1853 manifestum.
826 1826 856 1854 Si
868 1826 1020 1864 patriarcha

280 1873 418 1901 Abraham
430 1873 572 1912 praesciens
591 1873 646 1901 fore
661 1880 689 1900 ut
704 1873 792 1901 filium
807 1884 859 1901 non
876 1874 1021 1909 occideret,

278 1930 339 1948 cum
355 1929 460 1947 sursum
476 1919 609 1956 duxisset,
631 1919 803 1947 habuissetne
815 1919 933 1958 aliquam
950 1931 1024 1948 mer-

278 1965 368 1994 cedem
384 1965 397 1993 ?
411 1964 486 2000 Quid
506 1976 580 2001 vero,
602 1965 623 1994 si
640 1965 756 2001 Paulus,
770 1976 832 1993 cum
846 1966 1024 2005 praescivisset

277 2012 334 2039 sore
348 2018 377 2038 ut
390 2021 441 2039 non
455 2018 613 2044 moreretur,
628 2010 745 2050 pericula
759 2011 938 2050 despexisset,
955 2023 1025 2050 quo-
1043 2023 1061 2045 E

279 2067 343 2085 nam
354 2055 434 2084 modo
444 2055 535 2084 suisset
546 2055 742 2084 admirandus?
758 2057 804 2086 Sic
816 2057 887 2085 enim
894 2057 937 2086 vel
950 2057 1028 2095 igna-

278 2101 406 2130 vissimus
431 2102 458 2129 in
480 2101 568 2140 ignem
596 2101 725 2129 desilierit
750 2124 757 2138 ,
777 2101 798 2130 si
826 2102 943 2140 aliquem
970 2103 1023 2132 fide

280 2149 326 2187 pig
334 2159 397 2176 num
410 2149 518 2177 haberet
530 2159 684 2188 sponsorem
697 2148 768 2186 quod
777 2156 850 2177 tutus
861 2149 894 2178 sit
906 2150 1022 2178 futurus.

280 2194 333 2222 Sed
345 2201 397 2223 tres
408 2194 547 2233 puerinon
555 2201 616 2223 sunt
624 2194 767 2233 ejusmodi,
779 2205 873 2223 verum
879 2195 964 2233 quid?
973 2198 1024 2224 Au-

279 2239 358 2269 dieos
374 2240 493 2269 dicentes
517 2253 523 2268 ι
546 2242 618 2275 Rex,
636 2247 679 2269 est
694 2242 773 2270 Deus
785 2243 817 2269 in
827 2242 898 2269 coelo
913 2244 1025 2280 quinos

281 2289 381 2325 eripiet
393 2298 408 2315 e
419 2289 553 2315 manibus
563 2289 631 2323 tuis,
647 2293 673 2315 et
685 2298 721 2314 ex
728 2288 929 2326 ltacfornace.
942 2289 1027 2326 Quod

281 2334 306 2359 si
320 2342 387 2368 non,
399 2335 451 2360 tihi
462 2339 562 2361 notum
574 2335 611 2361 sit
622 2334 701 2372 quod
716 2334 772 2362 diis
785 2335 841 2362 luis
853 2344 912 2362 non
922 2337 1025 2363 servie-

1064 361 1102 394 τίς
1118 361 1143 390 δὲ
1154 362 1283 396 ἐπιεικήςῖ
1296 364 1354 391 Οὐκ
1365 362 1434 391 ἔστιν
1450 365 1541 396 οὐδείς.
1554 365 1605 393 Καὶ
1617 365 1704 404 ἕτερον
1715 364 1741 393 δὲ
1756 364 1835 393 πάλιν

1065 406 1168 439 πολὺςὸ
1182 411 1227 435 τοῦ
1242 407 1352 435 Οανάτου
1370 408 1447 446 φόὲος
1476 409 1582 448 κατέχει
1603 413 1658 446 νῦν,
1684 410 1728 438 καὶ
1752 411 1765 438 ὁ
1790 412 1835 444 τῆς

1066 454 1134 487 ζωῆς
1145 452 1222 490 ἔρως·
1244 454 1266 480 εἷ
1289 452 1315 480 δὲ
1337 453 1394 490 ᾔδει
1413 452 1539 487 ἕκαστος,
1565 455 1606 484 ὅτι
1629 456 1717 495 αὔριον
1729 455 1835 487 πάντως

1065 498 1230 534 τεθνήξεται,
1243 498 1313 527 οὐδὲν
1325 498 1355 526 ἂν
1367 499 1540 537 παρῃτήσατο
1559 501 1691 538 τολμῆσαι
1713 501 1764 539 πρὸ
1788 502 1835 535 τῆς

1067 544 1168 584 ἡμέρας
1187 544 1300 579 ἐκείνης,
1317 543 1385 573 ἀλλὰ
1407 545 1451 573 καὶ
1478 545 1584 584 ἔσφαξεν
1599 546 1641 579 οὓς
1661 547 1690 575 ἂν
1705 546 1835 581 ἠθέλησε,

1069 591 1113 620 καὶ
1135 590 1216 630 μυρία
1231 590 1261 618 ἂν
1276 590 1416 630 εἰργάσατο
1438 590 1521 626 δεινὰ,
1538 590 1597 624 τοὺς
1615 592 1722 631 ἐχθροὺς
1736 591 1836 630 ἀμυνό-

1071 649 1155 676 μενος.

1108 683 1257 721 Ἄνθρωπος
1270 683 1319 722 γὰρ
1337 683 1429 721 μιαρὸς
1448 683 1493 711 καὶ
1519 684 1566 717 τῆς
1589 683 1677 712 ἐνθάδε
1692 685 1760 718 ζωῆς
1774 683 1837 711 ἀπε·

1071 729 1177 767 γνωκὼς
1191 728 1247 756 οὐδὲ
1261 730 1339 757 αὐτοῦ
1354 729 1430 766 λόγον
1442 729 1496 768 ἔχει
1512 732 1557 758 τοῦ
1573 728 1621 763 τὴν
1636 728 1777 768 ἁλουργίδα
1791 739 1840 757 πε·-

1038 785 1055 807 Β
1074 775 1229 815 ρικειμένου.
1255 774 1289 803 ‘O
1303 774 1387 802 τοίνυν
1402 775 1575 812 πεπεισμένος
1588 774 1628 803 ὅτι
1647 773 1751 806 πάντως
1762 774 1839 802 ἀπελ-

1073 824 1124 849 Οεῐν
1146 821 1182 848 δεῖ
1194 843 1200 854 ,
1224 820 1268 848 καὶ
1298 823 1433 858 ἀμυνεῖται
1456 820 1498 849 τὸν
1520 820 1622 859 ἐχθρὸν,
1644 819 1688 847 καὶ
1713 819 1838 859 πρότερον

1075 865 1243 898 ·Ἷάναπαύσας
1258 867 1335 894 αὐτοῦ
1350 866 1396 900 τὴν
1411 865 1508 904 ψυχὴν,
1522 866 1602 898 οὕτως
1619 865 1649 893 ἂν
1665 865 1768 898 ἐδέξατο
1791 863 1838 899 τὴν

1074 912 1206 946 τελευτήν.
1220 912 1296 940 Εἴπω
1311 924 1336 940 τι
1360 913 1404 940 καὶ
1420 912 1506 950 τρίτον
1523 912 1621 950 ἕτερον,
1634 913 1668 940 Οἱ
1687 912 1839 950 φιλοζωοῦν-

1075 971 1131 994 τες,
1144 958 1187 986 καὶ
1203 958 1301 996 σφόδρα
1314 959 1364 986 τῶν
1381 958 1469 986 ἐνθάδε
1483 958 1611 996 ἐφιέμενοι
1623 979 1630 993 ,
1652 957 1701 985 ὑπὸ
1714 959 1761 991 τῆς
1776 958 1840 984 ἀθυ-

1077 1004 1138 1042 μίας
1153 1003 1184 1031 ἂν
1196 1003 1298 1037 καὶτῆς
1318 1002 1402 1037 λύπης
1424 1003 1608 1042 διεφθάρησαν.
1621 1003 1655 1031 Εἰ
1668 1001 1719 1042 γάρ
1738 1013 1778 1034 τις
1789 1003 1840 1030 τῶν

1076 1050 1140 1079 νέων
1157 1049 1197 1078 ὅτι
1221 1049 1273 1088 πρὸ
1287 1051 1332 1077 τοῦ
1354 1049 1441 1088 γήρως
1460 1048 1559 1081 δέξεται
1580 1048 1629 1083 τὴν
1641 1047 1763 1083 τελευτὴν
1779 1046 1845 1082 ἠπί-

1077 1107 1171 1131 στατο,
1183 1095 1302 1133 καθάπερ
1313 1094 1345 1122 τὰ
1369 1094 1520 1133 νωθρότατα
1543 1096 1596 1122 τῶν
1610 1093 1717 1132 Θηρίων,
1738 1091 1844 1122 ἐπειδὰν

1077 1143 1212 1181 συλληφθῇ
1222 1162 1228 1173 .
1239 1141 1338 1179 μᾶλλον
1350 1143 1457 1169 τοιαῦτα
1467 1140 1568 1179 γίνεται
1580 1163 1588 1175 ,
1596 1140 1784 1178 προσδοκῶντα
1796 1137 1844 1173 τὴν

1040 1196 1058 1219 (J
1076 1187 1209 1223 τελευτὴν,
1226 1186 1306 1220 οὕτως
1323 1187 1353 1215 ἂν
1369 1187 1469 1222 διετέθη
1487 1186 1532 1215 καὶ
1551 1181 1634 1218 οἶτος,
1649 1184 1719 1214 Οὐδὲ
1734 1184 1807 1213 αὐτοὶ
1822 1185 1846 1212 οἱ

1075 1238 1189 1273 γενναῖοι
1213 1234 1303 1273 ἄνδρες
1321 1233 1412 1270 μισθὸν
1428 1232 1457 1260 ἂν
1472 1232 1558 1271 ἔσχον.
1574 1232 1606 1260 Εἰ
1622 1231 1673 1270 γὰρ
1694 1231 1791 1270 ᾔδεσαν
1806 1229 1847 1259 ὅτι

1076 1280 1181 1313 πάντως
1203 1279 1270 1317 μετὰ
1280 1279 1340 1318 τρία
1355 1279 1400 1314 ἔτη
1418 1281 1538 1308 ἀπελθεῖν
1554 1279 1605 1312 δεῖ,
1615 1277 1660 1306 καὶ
1678 1277 1729 1316 πρὸ
1741 1276 1847 1305 ἐκείνων

1077 1328 1105 1354 οὐ
1127 1326 1246 1361 δυνατὸν,
1268 1331 1341 1354 ποῖον
1365 1326 1395 1353 ἂν
1420 1325 1497 1364 ἔσχον
1511 1324 1612 1362 μισθὸν,
1633 1324 1849 1361 κατατολμῶντες

1077 1373 1129 1400 τῶν
1144 1373 1248 1406 δεινῶν;
1264 1367 1332 1400 Eius
1349 1371 1400 1409 γὰρ
1413 1371 1444 1399 ἄν
1456 1382 1495 1402 τις
1509 1370 1573 1409 πρὸς
1586 1369 1690 1404 αὐτοὺς,
1702 1368 1742 1396 ὅτι
1756 1367 1847 1402 ἐπειδὴ

1079 1420 1196 1456 Οαῤῥεῖτε
1210 1417 1275 1455 ὑπὲρ
1290 1419 1342 1445 τῶν
1361 1419 1440 1455 τριῶν
1451 1417 1526 1450 ἐτῶν,
1544 1415 1586 1444 διὰ
1600 1418 1677 1443 τοῦτο
1691 1419 1744 1446 τοῖς
1757 1413 1846 1442 κινδύ-

1079 1475 1130 1496 νοις
1146 1462 1252 1495 ἑαυτοὺς
1267 1462 1419 1497 ἐκδιδόατε,
1443 1461 1538 1493 εἰδότες
1564 1462 1604 1490 ὅτι
1632 1461 1717 1493 ἄλλως
1743 1461 1789 1488 οὐκ
1811 1460 1849 1488 ἔνι

1079 1511 1146 1547 ὑμᾶς
1161 1510 1292 1537 ἀπελθεῖν.
1309 1507 1342 1536 ‘O
1356 1507 1407 1547 γὰρ
1427 1507 1454 1540 ἐξ
1476 1507 1587 1536 ἑκάστου
1605 1506 1721 1535 κινδύνου
1737 1506 1850 1544 προσδο-

1079 1557 1132 1583 κῶν
1143 1554 1328 1589 τεθνήξεσθαι,
1344 1553 1388 1581 καὶ
1400 1553 1474 1585 εἰδὼς
1489 1552 1530 1581 ὅτι
1548 1553 1655 1587 ζήσεται
1676 1551 1722 1590 μὲν
1743 1551 1778 1589 μὴ
1793 1563 1850 1580 πα-

1081 1600 1334 1639 ραῧουλευσάμενος,
1350 1599 1499 1632 τεθνήξεται
1514 1599 1661 1627 δὲτοιαῦται
1675 1599 1788 1635 τολμῶν,
1803 1598 1850 1631 τῆς

1044 1659 1062 1681 1)
1080 1647 1157 1675 αὐτοῦ
1179 1646 1325 1684 προθυμίας
1351 1645 1396 1674 καὶ
1424 1647 1469 1672 τοῦ
1499 1648 1671 1682 καταφρονεῖν
1690 1645 1737 1678 τ’ἥς
1761 1642 1851 1671 ἐνθάδε

1079 1694 1146 1726 ζωῆς
1162 1692 1284 1730 μέγιστον
1300 1690 1420 1729 ἐξήνεγκε
1439 1689 1594 1729 τεκμήριον.
1617 1689 1679 1718 Ἀπὸ
1696 1687 1722 1717 δὲ
1742 1687 1849 1717 ὑποδεί-

1079 1749 1179 1777 γματος
1194 1740 1270 1765 τοῦτο
1285 1739 1345 1773 ὑμῖν
1360 1736 1464 1771 ποιήσω
1487 1735 1607 1775 φανερόν.
1632 1735 1701 1764 Εἷπέ
1720 1745 1778 1772 μοι,
1794 1735 1816 1762 εἶ
1836 1735 1851 1762 ὁ

1078 1783 1246 1822 πατριάρχης
1261 1781 1381 1821 Ἀδραὰμ
1391 1781 1519 1821 προειδὼς
1533 1781 1572 1809 ὅτι
1586 1782 1614 1809 οὔ
1632 1780 1723 1819 σφάξει
1739 1779 1782 1808 τὸν
1795 1779 1849 1808 υἱὸν

1079 1829 1220 1868 ἀνήγαγεν,
1235 1825 1286 1868 ἆρα
1302 1828 1331 1857 ἂν
1345 1828 1406 1867 ἔσχε
1417 1827 1475 1856 τινὰ
1491 1827 1695 1865 μισθόνςΤίδὲ,
1707 1828 1729 1855 εἰ
1744 1829 1757 1855 ὁ
1770 1827 1847 1855 Παῦ-

1078 1877 1121 1908 λος
1136 1874 1263 1914 προειδὼς
1282 1875 1322 1903 ὅτι
1338 1868 1366 1902 οὗ
1382 1873 1547 1909 τεθνήξεται,
1563 1874 1681 1912 ὑπερεῖδε
1695 1874 1747 1901 τῶν
1760 1871 1847 1900 κινδύ-

1079 1934 1140 1957 νων,
1155 1924 1205 1949 ποῦ
1218 1922 1244 1949 δὲ
1260 1920 1305 1949 καὶ
1322 1919 1484 1957 θαυμαστός;
1496 1919 1576 1948 Οὕτω
1588 1918 1639 1958 γὰρ
1659 1919 1702 1947 καὶ
1717 1920 1731 1947 ὁ
1751 1917 1849 1958 νωθρό·

1079 1980 1155 2001 τατος
1171 1968 1205 1999 εἷς
1220 1970 1272 2006 πῦρ
1287 1966 1362 2001 ἓνέὸη
1380 1966 1419 2001 ἂν,
1437 1965 1460 1993 εἴ
1482 1977 1541 1993 τινα
1556 1964 1703 1998 ἀξιόπιστον
1719 1963 1848 2003 ἐγγυητὴν

1081 2011 1139 2055 εἶρε
1153 2016 1200 2048 τῆς
1215 2012 1367 2052 ἀσφαλείας.
1384 2012 1452 2041 Ἀλλ’
1468 2013 1516 2050 οὐχ
1538 2012 1561 2039 οἱ
1577 2015 1646 2051 τρεῖς
1666 2011 1757 2042 παῖδες
1766 2013 1849 2039 τοιοῦ-

1079 2074 1120 2090 τοι
1132 2073 1136 2078 ·
1151 2059 1218 2089 ἀλλὰ
1229 2059 1271 2094 τί;
1287 2058 1379 2088 Ἄκουε
1394 2059 1478 2086 αὐτῶν
1492 2057 1620 2096 λεγόντων
1633 2068 1639 2074 ·
1654 2057 1782 2092 Βασιλεῦ,
1794 2055 1849 2085 ἐστὶ

1080 2107 1150 2139 Θεὸς
1163 2108 1189 2135 ἐν
1205 2106 1320 2145 οὐρανῷ,
1336 2104 1363 2136 ὃς
1391 2103 1513 2137 ἐξελεῖται
1542 2105 1612 2141 ἡμᾶς
1636 2104 1664 2131 ἐκ
1687 2104 1740 2131 τῶν
1753 2103 1849 2141 χειρῶν

1081 2165 1126 2182 σου
1138 2175 1144 2187 ,
1162 2152 1207 2180 καὶ
1220 2153 1248 2179 ἐκ
1260 2153 1307 2185 τῆς
1325 2150 1435 2188 καμίνου
1449 2148 1546 2183 ταύτης
1557 2160 1562 2166 ·
1585 2148 1629 2177 καὶ
1652 2148 1697 2176 ἐὰν
1717 2148 1771 2186 μὴ,
1782 2159 1846 2186 γνω-

1082 2198 1141 2228 στὸν
1162 2198 1230 2227 ἔστω
1245 2209 1295 2233 σοι,
1317 2196 1357 2225 ὅτι
1371 2200 1425 2228 τοῖς
1439 2199 1504 2228 θεοῖς
1520 2206 1564 2224 σου
1578 2196 1606 2223 οὗ
1619 2194 1790 2236 λατρεύομεν,
1805 2193 1850 2223 καὶ

1082 2247 1113 2283 τῇ
1128 2243 1208 2273 εἰκόνι
1229 2246 1262 2281 τῇ
1287 2243 1372 2282 χρυσῇ
1401 2237 1419 2279 ἦ
1440 2241 1570 2276 ἔστησας,
1591 2242 1620 2269 οὐ
1642 2242 1848 2280 προσκυνοῦμεν.

1080 2290 1179 2329 εΟρᾶτε
1200 2288 1269 2318 πόσα
1285 2288 1364 2327 κέρδη
1380 2287 1452 2322 ἐστὶ,
1466 2287 1511 2314 καὶ
1531 2286 1638 2315 πλείονα
1651 2286 1749 2314 τούτων
1765 2287 1794 2314 ἐκ
1804 2288 1849 2313 τοῦ

1083 2338 1183 2374 ἀγνοεῖν
1198 2334 1246 2369 τὴν
1257 2333 1394 2368 τελευτήν,
1406 2332 1481 2365 Τέως
1493 2332 1520 2360 δὲ
1530 2335 1612 2361 ταῦτα
1627 2331 1732 2370 ἀπόχρη
1748 2334 1848 2368 μαθεῖν.

282 2390 354 2413 mm,
367 2387 394 2408 et
409 2391 529 2408 auream
539 2387 680 2415 statuam,
698 2391 788 2420 quam
806 2384 946 2418 statuisti,
968 2393 1026 2410 non
1046 2384 1063 2406 F
1083 2381 1132 2410 Διὰ
1153 2384 1228 2410 τοῦτο
1242 2382 1276 2412 ὡς
1288 2378 1402 2413 κλέπτης
1427 2380 1452 2406 ἐν
1469 2378 1561 2413 νυκτὶ,
1576 2377 1656 2410 οὕτως
1671 2377 1792 2416 ἔρχεται·
1807 2376 1848 2404 ἵνα

282 2426 475 2453 adorabimus.
485 2426 580 2454 Videte
591 2437 671 2464 quam
683 2427 766 2455 multa
777 2427 829 2455 sint
841 2427 914 2456 lucra
928 2435 970 2465 ,ct
984 2428 1024 2456 his

319 2526 327 2536 τε
346 2517 432 2549 [ίᾷυἶὺ.
450 2522 584 2551 §gazuba
599 2524 686 2550 elaris,
700 2521 788 2553 alr-15]

1085 2427 1120 2465 μὴ
1136 2429 1172 2459 εἷς
1184 2425 1277 2455 κακίαν
1291 2424 1458 2463 fimi-(mna
1475 2423 1596 2459 ἑαυτοὺς)
1609 2424 1651 2451 ἵνα
1674 2423 1710 2461 μὴ
1726 2424 1762 2454 εἷς
1775 2424 1849 2460 ῥᾳοψ
