1887 2855
79 578 163 598 nint.
180 583 214 604 27.

75 618 97 636 q.

77 896 130 915 Ait.
143 896 164 916 8.
180 902 218 917 22.

82 1090 115 1113 Μ’.
146 1093 167 1114 3.
194 1101 208 1123 9

84 1405 108 1425 lb
131 1405 153 1425 s.
168 1411 205 1426 πο.

83 1642 116 1663 ΙΙι.
143 1653 162 1665 ι’.
187 1643 226 1671 24-

92 1999 155 2017 l'ml.
179 1997 228 2019 ¹25.

219 152 289 195 9124

220 231 299 260 opere
322 219 481 257 agnoscitur.
497 217 545 245 Est
559 217 628 245 enim
645 216 798 255 poenitentia
812 216 846 244 ab
868 217 956 244 anima

223 259 402 297 promiscam,
418 264 442 284 et
457 263 496 285 est
520 256 672 295 poenitentia
697 257 723 284 iu
750 256 890 295 superficie
913 266 957 284 so-

223 300 280 327 lum
293 306 415 335 expressa
428 302 606 334 :quapropter
629 295 675 323 alii
700 295 825 331 salutem,
841 295 887 323 alii
905 294 958 323 da-

223 337 383 366 mnationem
397 342 602 372 consequuntur.
619 334 803 363 Poenitentiam
822 335 876 372 egit
897 334 960 362 bea-

224 384 267 404 tus
290 377 399 408 Petrus,
427 375 482 412 egit
503 381 528 402 et
555 374 635 402 miser
666 373 772 411 Judas;
795 374 841 402 sed
866 375 961 402 Petrus

224 416 324 443 sincere
340 413 471 453 poenitens
497 421 522 442 et
548 414 718 452 lacrymans,
738 424 768 441 ac
796 413 962 451 negationem

225 465 272 493 per
292 454 425 492 lacrymas
447 453 572 487 abluens,
596 454 623 481 in
645 453 788 492 pristinum
812 453 891 481 rediit
912 453 962 481 ho-

226 504 316 522 norem
338 504 345 527 ;
371 492 455 522 Judas
485 503 550 521 vero
577 493 755 531 perfunctorie
783 492 963 531 poenitentiam

227 533 292 571 egit.
321 531 433 561 Etiamsi
467 532 538 560 enim
570 539 706 570 argenteos
739 532 880 571 projecerit
909 533 961 561 Ju-

228 572 335 608 daeis,et
346 571 460 600 dixerit:
470 573 595 600 Peccavi
609 572 727 600 tradens
737 573 906 610 sanguinem
913 573 963 610 ju-

228 618 304 640 stum
316 622 328 646 ‚·
339 617 453 639 attamen
463 621 514 639 non
525 611 663 649 ingemuit,
675 621 726 639 non
740 611 903 650 laciymatus
916 617 964 645 est,

229 662 279 680 non
302 650 397 689 dignos
411 650 570 689 poenitentiae
586 651 689 679 fructus
702 650 763 679 fecit
774 672 782 687 ,
797 650 843 679 sed
857 650 964 678 admoto

929 156 1059 178 spuunt.

1010 216 1063 244 Καὶ
1085 216 1108 243 εἷ
1129 218 1209 244 ταῦτα
1232 220 1320 245 τοῦτον
1337 217 1392 256 ἔχει
1405 218 1448 246 τὸν
1462 218 1569 256 τρόπον,
1582 217 1626 246 καὶ
1642 218 1663 245 εἷ
1678 212 1730 245 οἶόν
1746 216 1774 245 τέ

1011 257 1066 283 ἐστι
1083 254 1150 292 μετὰ
1164 255 1193 283 τὸ
1212 255 1349 293 βάπτισμα
1364 256 1407 284 διὰ
1427 257 1564 294 μετανοίας
1587 259 1719 292 σωθῆναι,
1733 256 1776 284 διὰ

1012 294 1038 322 τί
1051 296 1065 322 ὁ
1080 294 1222 326 ἀπόστολος
1238 294 1337 333 Πέτρος
1350 295 1393 324 τὸν
1407 295 1525 324 Ἀνανίαν
1539 296 1583 324 καὶ
1597 296 1645 331 τὴν
1658 296 1777 334 Σάπφει-

1015 345 1061 371 ραν
1076 333 1199 372 παραυ-τὰ
1214 334 1375 368 ἐθανάτωσε,
1388 335 1433 362 καὶ
1444 334 1502 373 οὐχὶ
1518 335 1560 362 διὰ
1575 335 1714 372 μετανοίας
1728 336 1778 363 αὐ-

1014 373 1074 405 τοὺς
1090 374 1279 410 ἀνεκαλέσατο,
1299 374 1418 412 Πρόσεχε
1433 373 1557 412 ἀκριὲῶς.
1573 374 1644 413 Οὐχὶ
1662 377 1676 403 ὃ
1692 374 1778 412 μακά-

1017 423 1069 450 ριος
1082 412 1181 452 Πέτρος
1192 413 1325 452 ἀπέκρυψε
1336 413 1383 448 τὴν
1396 414 1562 452 ἔμπλαστρον
1574 414 1620 447 τῆς
1633 413 1779 450 μετανοίας·

1016 453 1072 480 ἀλλ’
1098 452 1171 481 αὐτοὶ
1194 454 1217 481 οἱ
1240 455 1278 491 τῷ
1303 453 1411 493 τοιούτῳ
1436 452 1562 489 πτώματι
1585 453 1780 491 περιπεσόντες,

1015 493 1062 520 οὐκ
1073 491 1235 527 ἐπεζήτησαν
1250 492 1297 527 τὴν
1314 491 1504 530 μετανοητικὴν
1520 491 1666 530 πρόσφορον
1680 490 1780 529 ἔμπλα-

1017 542 1107 570 στρον·
1129 531 1196 559 ἀλλὰ
1219 534 1251 569 τῇ
1275 535 1320 561 τοῦ
1343 533 1463 562 διαῧόλου
1482 530 1634 570 παραινέσει
1657 531 1778 559 συναπώ-

1016 572 1092 598 λοντο
1105 571 1149 598 καὶ
1163 574 1216 602 τοῖς
1235 571 1364 609 χρήμασι.
1376 572 1444 601 Τότε
1458 571 1509 611 γὰρ
1524 570 1662 608 μετάνοια,
1676 570 1725 607 οὐχ
1737 569 1781 598 ὅτε

1017 612 1049 647 τῇ
1070 611 1142 648 φωνῇ
1164 614 1289 647 τιμᾶται,
1310 613 1367 640 ἀλλ’
1389 611 1431 640 ὅτε
1454 613 1487 650 τῇ
1507 609 1599 648 πράξει
1619 607 1782 647 γνωρίζεται.

1018 648 1097 677 Ἐστι
1115 648 1166 687 γὰρ
1185 649 1308 686 μετάνοια
1325 651 1378 680 ἀπὸ
1397 652 1484 690 ψυχῆς
1505 647 1723 689 προὸαλλομένη,
1736 646 1783 676 καὶ

228 691 325 729 laqueo
339 689 448 719 diabolo
470 689 605 718 satisfecit.
622 690 697 728 Quid
716 700 778 729 ergo
800 690 892 718 Simon
910 690 1009 717 σπι-536
1019 688 1075 716 ἔστι
1088 689 1212 725 μετάνοια
1227 690 1386 722 ἐπιπολαίως
1401 690 1525 729 γινομένη
1536 701 1541 706 ·
1553 689 1609 718 ὅθεν
1625 690 1649 716 οἱ
1665 686 1711 724 μὲν
1726 686 1780 714 σώ-

228 730 300 798 gns?
316 730 464 769 baptizatus
478 737 503 758 et
527 729 713 773 supplantatus
724 751 731 765 ‚
749 736 828 773 atque
849 740 863 757 a
890 729 966 757 Petro
983 720 1002 741 Α

249 776 371 798 amnatus
382 791 389 805 ,
400 775 430 797 ut
443 769 488 807 qui
503 779 643 808 pecuniam
657 769 794 803 obtulerit,
814 776 842 796 ut
867 767 967 796 donum

230 809 304 837 nulla
315 808 491 847 negotiatione
503 807 677 836 obtinendum
691 814 787 836 emeret
797 819 805 843 ;
817 817 903 836 nonne
923 818 966 836 ιω-

230 848 369 877 nitenti-am
385 848 480 886 petiit?
495 858 580 875 nonne
600 847 692 875 beatus
707 848 801 875 Petrus
814 818 966 886 responilit:

232 889 438 916 Poenitentiam
465 897 519 925 age
542 887 577 914 de
604 887 660 914 hac
691 888 831 924 nequitia,
858 893 886 914 et
915 896 967 914 ora

231 928 325 955 Deum
336 930 348 954 Ρ
361 926 427 962 Cur,
441 925 545 963 inquies
556 947 564 960 ‚
579 925 688 953 Ananiae
711 933 736 954 et
755 925 897 964 Sappbirae
910 925 969 953 haec

232 966 314 994 verba
327 976 378 994 non
392 965 471 999 dixit,
486 965 669 993 Poenitentiam
680 964 751 1003 agite
764 975 778 992 a
794 965 912 1002 nequitia
924 975 968 992 ve—

230 1006 305 1034 stra?
320 1004 434 1034 Attende
448 1004 598 1042 diligenter.
609 1004 726 1043 Spiritus
737 1004 822 1042 gratia
836 1014 888 1032 non
904 1004 968 1032 irri-

230 1045 319 1074 detur.
331 1044 446 1072 Ananias
459 1044 530 1071 enim
543 1050 568 1071 et
582 1043 715 1082 Sapphira
728 1054 743 1071 a
756 1044 833 1072 Petro
843 1043 971 1078 convicti,

214 1109 217 1112 .
230 1091 255 1113 et
265 1085 299 1113 ab
310 1084 358 1112 illo
372 1083 523 1114 audientes:
537 1083 614 1120 Quid
621 1085 756 1111 convenit
764 1084 848 1111 vobis
857 1089 969 1111 tentare

230 1124 365 1163 Spiritum
385 1124 526 1152 Domini?
538 1133 590 1150 non
614 1122 726 1151 confessi
750 1129 812 1150 sunt
832 1129 968 1161 peccatum

231 1174 321 1200 snum,
335 1173 387 1191 non
411 1162 621 1202 procubuerunt,
637 1172 690 1190 non
705 1162 900 1201 supplicarunt,
916 1172 968 1191 non

231 1203 418 1231 dixerunt:[t
430 1201 550 1230 homines
564 1201 631 1240 lapsi
647 1212 739 1230 sumus
750 1213 758 1238 ς
769 1201 817 1230 sed
826 1201 912 1239 quid?
927 1201 969 1229 Ab

232 1243 279 1271 illo
293 1241 408 1271 convicti
422 1241 541 1270 vicissim
556 1241 760 1280 responderunt,
771 1252 827 1269 sese
837 1241 970 1270 occultare

231 1281 376 1316 studentes,
386 1291 434 1309 nec
444 1280 621 1319 intelligentes
634 1281 768 1320 Spiritum
781 1287 903 1309 sanctum
917 1291 970 1308 non

232 1321 349 1350 irrideri.
361 1322 452 1356 Quare
468 1321 557 1349 statim
569 1320 661 1349 beatus
676 1321 771 1349 Petrus
782 1320 913 1357 irritatus,
929 1319 971 1348 di-

233 1371 312 1399 gnam
327 1360 381 1389 illis
400 1360 514 1399 protulit
534 1360 699 1388 sententiam.
717 1359 809 1389 Simon
824 1370 887 1388 vero
910 1369 972 1388 cum

233 1400 351 1428 audisset
374 1410 389 1427 a
415 1400 503 1433 Petro,
524 1399 689 1437 Argentum
713 1405 795 1427 tuum
819 1406 913 1428 tecum
936 1401 973 1427 sit

235 1442 266 1468 in
291 1440 494 1478 perditionem,
524 1441 594 1476 quia
616 1441 727 1477 putasti
749 1439 857 1467 donum
884 1449 972 1477 pecu-

236 1481 287 1507 nia
311 1480 377 1511 emi,
392 1489 444 1506 non
471 1477 626 1515 indignatus
640 1485 689 1513 est,
703 1488 755 1506 non
781 1477 888 1506 rebellis
908 1478 970 1511 fuit,

236 1528 288 1546 non
308 1517 415 1553 resiliit,
440 1527 604 1555 quamquam
629 1517 715 1545 malus
745 1524 801 1545 erat
815 1528 824 1554 3
839 1516 885 1545 sed
910 1527 973 1545 con-

236 1557 361 1586 tumelias
375 1564 400 1585 ct
412 1556 542 1591 convicia,
553 1556 630 1593 quasi
657 1555 809 1584 antidotum
831 1556 974 1595 accipiens,

237 1607 289 1625 non
305 1596 390 1624 solum
406 1603 467 1624 ante
488 1596 609 1632 Petrum,
632 1594 679 1623 sed
700 1595 780 1623 etiam
803 1602 864 1623 ante
885 1606 976 1624 omnes

238 1636 371 1675 apostolos
403 1635 580 1674 procumbens
606 1633 676 1662 dixit
695 1645 701 1661 ε
725 1635 894 1662 Precamini
922 1644 976 1663 vos

236 1686 289 1714 pro
309 1685 355 1703 me
367 1675 408 1702 ad
426 1676 520 1703 Deum
532 1695 539 1707 ,
555 1680 586 1701 ut
607 1674 683 1701 nihil
702 1675 806 1701 veniat
827 1684 913 1711 super
932 1684 978 1702 me

238 1716 342 1743 hor-um
356 1724 420 1752 quae
434 1715 550 1741 dixistis
565 1713 719 1741 malorum.
733 1712 863 1746 Multum,
876 1712 974 1751 inquit,

238 1753 428 1793 peccavi:non
451 1752 536 1781 audeo
558 1762 607 1790 pro
621 1762 663 1780 me
684 1752 772 1779 Deum
792 1751 977 1796 placare:vos

238 1792 395 1821 mediatores
408 1802 457 1830 pro
477 1802 520 1820 me
542 1792 630 1819 Deum
652 1791 809 1830 precamini.
825 1793 896 1819 Bene
915 1801 978 1829 ergo
993 1792 1011 1816 C

238 1832 310 1860 dixit
335 1831 516 1866 Ecclesiastes‚
538 1831 660 1868 Tempus
680 1831 806 1866 ridendi,
824 1837 852 1859 et
867 1838 977 1869 tempus

233 1871 336 1911 flendi.
351 1871 471 1909 Tempus
491 1869 573 1898 flendi
588 1869 638 1905 iis,
651 1869 698 1907 qui
723 1869 865 1898 incurabili
885 1870 978 1898 morbo

240 1911 378 1945 laborant;
393 1917 497 1948 tempus
509 1908 613 1937 ridendi
625 1909 668 1943 iiS‚
680 1908 726 1946 qui
742 1909 923 1948 poenitentiam
936 1909 979 1937 di—

240 1950 337 1988 ligunt.
352 1949 391 1977 Ita
405 1949 475 1977 enim
490 1948 565 1977 flevit
579 1958 692 1986 magnus
707 1948 819 1987 Joseph,
829 1948 906 1977 oculo
918 1959 979 1987 pro-

242 1989 347 2028 phetico
361 1998 461 2016 morem
477 1998 569 2026 gerens
580 1988 658 2016 beato
672 1987 771 2016 Davidi
786 1987 886 2016 dicenti
899 2000 904 2015 :
923 1988 980 2025 Qui

241 2030 387 2057 seminant
402 2030 433 2055 in
447 2028 598 2064 lacrymis,
612 2029 643 2055 in
657 2027 852 2056 &multatione
863 2034 978 2056 metent.

242 2067 391 2097 seminavit
405 2067 495 2104 itaque
510 2066 611 2105 Joseph
631 2066 765 2105 lacrymas
780 2067 889 2095 fraterni
906 2077 979 2095 amo—

242 2107 288 2143 ris,
298 2114 323 2135 et
334 2106 443 2135 messuit
458 2116 583 2134 coronam
600 2105 686 2143 regni.
700 2106 781 2134 scitis
793 2106 863 2134 enim
875 2116 978 2142 omnes,

242 2145 376 2184 quomodo
390 2152 531 2184 postquam
556 2144 686 2183 stupendo
701 2145 748 2173 illo
763 2145 844 2174 modo
855 2156 870 2173 a
884 2145 978 2173 fratri-

243 2186 293 2214 bus
307 2185 429 2223 cognitus
442 2191 492 2217 est,
508 2183 562 2212 illis
577 2184 734 2223 conspectis,
751 2185 866 2212 noluerit
881 2184 980 2223 Joseph

243 2224 307 2263 ipsis
319 2224 476 2263 exprobare.
491 2223 609 2258 Quinam
622 2229 709 2251 tamen
722 2223 763 2251 illi
778 2224 871 2252 fratres
884 2230 958 2252 erant
971 2245 979 2259 ‚

242 2264 289 2301 qui
304 2263 445 2292 duodecim
467 2262 625 2291 annulorum
647 2269 767 2291 catenam
790 2263 979 2298 fraternitatis,

243 2310 373 2340 quantum
386 2302 413 2331 in
428 2302 492 2341 ipsis
504 2302 564 2339 suit,
578 2302 730 2340 ruperunt?
745 2303 866 2331 Attamen
879 2302 978 2341 Joseph

244 2352 374 2370 aerumnas
395 2342 422 2370 in
443 2342 623 2380 patrocinium
637 2348 752 2376 mutans,
768 2341 795 2370 in
810 2342 909 2370 collum
923 2342 979 2369 fra-

243 2387 315 2408 trum
329 2380 450 2409 accidens
461 2381 544 2409 ssevit.
556 2381 612 2409 Cur
623 2380 650 2408 in
664 2380 774 2417 collum,
790 2391 842 2409 non
858 2381 884 2409 in
898 2381 979 2409 aliam

245 2420 531 2457 partem?Neccssan'o
542 2420 576 2448 ad
589 2420 655 2448 rolla
667 2420 741 2448 flevit
752 2430 854 2455 eorum,
868 2421 914 2458 qui
925 2421 979 2448 fra-

246 2459 313 2487 terni
324 2460 420 2486 amoris
432 2461 529 2497 jugum
541 2460 698 2497 abjecerant.
711 2459 812 2488 Vidisti
827 2467 979 2488 mansuetu-

246 2497 337 2526 dinem
358 2505 383 2526 et
400 2498 523 2535 pietatem
540 2499 616 2526 viri?
631 2498 684 2527 Sed
705 2498 799 2527 dicunt
819 2499 929 2537 quidam
948 2498 980 2527 dc

248 2536 373 2576 Josepho,
388 2537 465 2565 illum
480 2537 630 2566 necessitate
640 2537 808 2573 adstrictum,
823 2546 846 2566 et
863 2538 887 2567 in
903 2549 978 2577 pere-

1020 730 1122 763 ζονται,
1139 729 1163 757 οἱ
1179 728 1206 756 δὲ
1220 729 1432 768 κατακρίνονται.
1447 728 1612 764 Μετενόησεν
1627 729 1641 756 ὁ
1656 725 1784 765 μακάριος

1020 766 1136 805 Πέτρος,
1159 768 1204 796 καὶ
1222 771 1236 797 ὁ
1257 768 1342 801 ἄθλιος
1363 769 1476 802 Ἰούδας·
1496 770 1554 797 ἀλλ’
1576 770 1590 796 ὃ
1613 766 1660 804 μὲν
1684 765 1786 804 Πέτρος

1020 807 1132 844 γνησίως
1147 807 1309 844 μετανοήσας
1325 808 1370 837 καὶ
1390 808 1521 847 δακρύσας
1542 807 1587 836 καὶ
1608 806 1656 841 τὴν
1675 804 1786 843 ἄρνησιν

1021 846 1063 873 διὰ
1077 849 1129 875 τῶν
1146 846 1264 885 δακρύων
1280 847 1444 883 ἀποπλύνας,
1457 850 1492 880 εἷς
1504 846 1552 881 τὴν
1563 845 1691 886 προτέραν
1704 843 1786 881 τιμὴν

1020 885 1100 914 πάλιν
1121 888 1278 920 ἐπανῆλθεν·
1291 889 1305 915 ὁ
1324 886 1351 915 δὲ
1375 887 1474 919 Ἰούδας
1496 886 1625 924 πάρεργον
1646 883 1786 922 εἰργάσατο

1021 924 1068 959 τὴν
1094 926 1242 962 μετάνοιαν.
1259 927 1292 954 Εἰ
1311 926 1361 965 γὰρ
1379 926 1424 954 καὶ
1443 925 1477 954 τὰ
1496 925 1608 963 ἀργύρια
1627 922 1787 963 προσέῤῥιψε

1021 969 1074 997 τοῖς
1096 965 1244 1000 Ἰουδαίοις,
1258 966 1304 994 καὶ
1325 961 1405 1001 εἶπεν,
1419 965 1558 1004 Ἥμαρτον
1572 961 1705 1001 παραδοὺς
1719 965 1787 999 αἱμα

1022 1006 1117 1043 ἀθῷον,
1128 1006 1185 1033 ἀλλ’
1203 1005 1273 1043 ὅμως
1289 1007 1336 1033 οὐκ
1351 1005 1493 1040 ἐστέναξεν,
1505 1004 1552 1032 οὐκ
1571 1003 1724 1042 ἐδάκρυσεν,
1737 1002 1786 1029 οὐκ

1022 1044 1082 1076 ἄξια
1107 1046 1154 1079 τῆς
1179 1045 1317 1082 μετανοίας
1341 1044 1460 1084 ἔπραξεν,
1479 1042 1548 1072 ἀλλὰ
1571 1042 1661 1082 μόνον.
1671 1040 1786 1079 ἀγχόνην

1021 1083 1129 1118 πλέξας,
1145 1084 1188 1112 τὸν
1207 1084 1327 1113 διάὸολον
1349 1084 1556 1123 ἐπληροφόρησε.
1577 1081 1614 1110 Τί
1631 1083 1674 1110 οὖν
1694 1080 1786 1117 Σίμων

1021 1125 1035 1152 ὁ
1053 1123 1147 1162 μάγος;
1163 1124 1314 1161 βαπτισθεὶς
1330 1124 1374 1152 καί
1390 1123 1547 1157 σκελισθεὶς,
1561 1121 1607 1149 καὶ
1620 1120 1670 1150 ὑπὸ
1684 1119 1788 1158 Πέτρου

1021 1163 1186 1203 κατακριθεὶς
1203 1166 1238 1196 ὡς
1250 1163 1377 1202 χρήματα
1391 1162 1568 1201 προσενέγκας
1577 1183 1584 1196 ,
1599 1160 1642 1189 ἵνα
1656 1159 1704 1194 τὴν
1722 1160 1788 1187 ἀκα-

1021 1202 1150 1236 πῆλευτον
1167 1202 1265 1241 δωρεὰν
1281 1202 1531 1241 πραγματεύσηται,
1542 1202 1570 1229 οὗ
1584 1199 1632 1235 τὴν
1648 1197 1788 1237 μετάνοιαν

1021 1241 1134 1280 ᾔτησεν;
1147 1243 1207 1281 οὐχὶ
1221 1244 1234 1270 ὁ
1255 1243 1384 1282 μακάριος
1399 1242 1500 1281 Πέτρος
1515 1240 1674 1278 ἀπεκρίνατο
1688 1237 1772 1275 λέγων
1781 1248 1789 1254 ·

1024 1282 1184 1318 μετανόησον
1200 1281 1252 1311 ἀπὸ
1266 1284 1312 1316 τῆς
1327 1282 1420 1314 κακίας
1437 1293 1483 1310 σου
1495 1280 1608 1313 ταύτης,
1623 1279 1668 1307 καὶ
1682 1277 1789 1312 δεήθητι

1024 1323 1068 1349 τοῦ
1084 1321 1193 1361 Κυρίου;
1206 1322 1257 1350 Διὰ
1270 1321 1311 1357 τί,
1326 1321 1389 1360 φησὶ
1399 1342 1407 1353 ,
1419 1323 1457 1360 τῷ
1477 1319 1584 1358 Ἀνανίᾳ
1597 1318 1643 1347 καὶ
1661 1319 1694 1356 τῇ
1709 1317 1789 1345 Σαπ-

1025 1360 1102 1400 φείρᾳ
1117 1363 1164 1390 οὔκ
1180 1357 1236 1389 εἶπε
1251 1361 1285 1390 τὰ
1303 1362 1408 1399 ῥήματα
1429 1362 1513 1388 ταῦτα
1523 1382 1530 1392 ,
1545 1357 1724 1396 μετανοήσατε
1737 1354 1792 1384 ἀπὸ

1024 1401 1071 1434 τῆς
1085 1400 1179 1433 κακίας
1193 1402 1282 1438 ὗμῶν;
1298 1400 1418 1438 Πρόσεχε
1438 1399 1562 1438 ἃκριὸῶς.
1576 1398 1616 1426 Οὔ
1635 1395 1758 1428 παίζεται
1772 1397 1789 1429 ἡ

1025 1442 1070 1467 τοῦ
1092 1439 1246 1477 Πνεύματος
1265 1439 1352 1478 χάρις.
1369 1439 1402 1467 ‘O
1417 1438 1535 1470 Ἀνανίας
1548 1437 1600 1475 γὰρ
1613 1435 1658 1464 καὶ
1673 1437 1689 1469 ἦ
1709 1434 1789 1463 Σάπ-

1027 1490 1103 1517 φειρα
1128 1478 1294 1517 ἐλεγχόμενοι
1313 1478 1363 1507 ὑπὸ
1386 1479 1430 1506 τοῦ
1457 1475 1633 1516 Πέτρου,κα“ι
1655 1473 1792 1503 ἀκούοντες

1027 1519 1090 1555 παρ’
1111 1519 1202 1553 αὐτοῦ,
1221 1517 1258 1546 Τί
1280 1518 1321 1546 ὅτι
1344 1516 1511 1555 συνεφωνήθη
1534 1517 1596 1553 ὑμῖν
1616 1512 1740 1552 πειράσαι
1761 1511 1792 1540 τὸ

1028 1557 1140 1594 Πνεῦμα
1158 1557 1267 1596 Κυρίου;
1280 1558 1330 1595 οὐχ
1344 1556 1518 1594 ὡμολόγησαν
1530 1555 1577 1590 τὴν
1593 1554 1691 1594 ἑαυτιὶν
1707 1552 1793 1590 ἁμαρ-

1028 1595 1096 1632 τίαν,
1111 1597 1139 1624 οὔ
1161 1596 1335 1635 προσέπεσαν,
1357 1597 1403 1624 οὐκ
1423 1595 1577 1630 ἐδεήθησαν,
1591 1595 1637 1622 οὐκ
1658 1595 1740 1627 εἷπον,
1753 1591 1794 1620 ὅτι

1028 1637 1063 1668 ὡς
1088 1635 1220 1674 ἅνθρωποι
1237 1636 1396 1674 ἐσφάλημεν,
1412 1634 1480 1662 ἀλλὰ
1493 1634 1532 1671 τίς
1548 1631 1736 1671 Ἐλεγχόμενοι
1749 1632 1794 1659 ὑπ’

1030 1676 1107 1703 αὐτοῦ
1122 1675 1269 1703 ἀντετίθουν
1284 1680 1337 1706 τοῖς
1352 1677 1430 1703 αὐτοῦ
1446 1674 1564 1713 ῥήμασι,
1577 1671 1736 1711 πειρώμενοι
1748 1671 1794 1698 αὖ-

1028 1714 1072 1742 τὸν
1085 1714 1218 1753 κρύπτειν,
1231 1713 1267 1752 μὴ
1283 1714 1409 1746 συνιέντες
1421 1715 1456 1746 ὡς
1471 1715 1499 1741 οὐ
1511 1712 1632 1746 παίζεται
1642 1710 1672 1739 τὸ
1683 1710 1796 1747 Πνεῦμα

1029 1753 1059 1781 τὸ
1078 1753 1250 1791 ἅγιον.“0οεν
1270 1753 1392 1793 παραυτὰ
1414 1755 1428 1781 ὁ
1447 1752 1575 1791 μακάριος
1593 1751 1694 1787 Πέτρος
1713 1760 1796 1787 παρο-

1031 1791 1142 1827 ξυνθεὶς,
1155 1792 1317 1831 ἁρμόζουσαν
1331 1793 1418 1824 αὐτοῖς
1441 1791 1561 1830 ἐξήνεγκε
1584 1789 1632 1824 τὴν
1653 1788 1797 1827 ἀπόφασιν.

1031 1831 1065 1860 Ὁ
1085 1832 1114 1860 δέ
1131 1844 1161 1870 γε
1181 1832 1272 1870 Σίμων
1292 1831 1405 1863 ἀκούσας
1425 1831 1498 1870 παρὰ
1515 1833 1559 1858 τοῦ
1575 1827 1720 1857 ἀποστόλου
1741 1826 1796 1855 Πέ-

1030 1882 1104 1908 τρου,
1118 1872 1158 1900 Τὸ
1176 1870 1297 1910 ἀργύριόν
1313 1883 1358 1899 σου
1370 1870 1415 1898 σὺν
1428 1870 1468 1899 σοὶ
1482 1870 1523 1904 εἴη
1541 1870 1577 1901 εἷς
1599 1867 1743 1902 ἀπώλειαν,
1756 1865 1797 1894 ὅτι

1030 1910 1078 1944 τὴν
1104 1910 1203 1948 δωρεὰν
1225 1910 1347 1947 ἐνόμισας
1370 1909 1412 1938 διὰ
1436 1908 1583 1948 χρημάτων
1603 1908 1729 1939 κτᾶσθαι,
1749 1906 1797 1933 οὐκ

1031 1950 1226 1987 ἠγανάκτησεν,
1239 1950 1286 1978 οὐκ
1301 1948 1452 1984 ἀνηνίασεν,
1465 1949 1512 1977 οὐκ
1530 1946 1698 1981 ἀπεπήδησε,
1709 1943 1796 1973 καίτοι

1031 1988 1143 2028 πονηρὸς
1153 1989 1190 2017 ὤν
1198 2000 1204 2006 ·
1221 1988 1288 2018 ἀλλὰ
1305 2000 1350 2020 τας
1364 1988 1451 2026 ὕέρεις
1465 1987 1511 2016 καὶ
1523 1987 1569 2019 τὰς
1581 1984 1750 2022 ἐπισκήψεις,
1761 1984 1796 2016 ὡς

1031 2028 1180 2060 ἀντιδότους
1193 2027 1292 2063 αἰτίας,
1310 2027 1460 2064 δεξάμενος,
1475 2028 1504 2055 οὐ
1527 2025 1605 2064 μόνον
1625 2026 1664 2063 τῷ
1683 2022 1796 2062 Πέτρῳ,

1032 2067 1101 2096 ἀλλὰ
1125 2067 1170 2096 καὶ
1192 2072 1259 2095 πᾶσι
1281 2071 1335 2100 τοῖς
1357 2066 1510 2097 ἀποστόλοις
1530 2063 1688 2104 προσπεσὼν
1709 2062 1796 2100 ἔλεγε·

1032 2107 1149 2141 Δεήθητε
1162 2108 1236 2144 ὑμεῖς
1249 2105 1316 2146 ὑπὲρ
1331 2107 1394 2143 ἐμοῦ
1407 2105 1470 2144 πρὸς
1484 2105 1528 2133 τὸν
1542 2104 1620 2139 Θεὸν,
1631 2102 1702 2133 ὅπως
1715 2100 1797 2139 μηδὲν

1032 2145 1129 2184 ἐπέλθῃ
1145 2147 1187 2174 ἐπ’
1199 2145 1255 2183 ἐμὲ,
1266 2148 1302 2173 ὧν
1315 2145 1435 2183 εἰρήκατε
1447 2146 1546 2173 κακῶν.
1554 2142 1697 2181 Μεγάλως,
1708 2140 1797 2179 φησὶν,

1033 2185 1164 2224 ἥμαρτον·
1177 2186 1206 2213 οὐ
1226 2186 1316 2222 τολμῶ
1338 2185 1370 2212 δι’
1392 2186 1483 2212 ἑαυτοῦ
1504 2183 1547 2211 τὸν
1566 2181 1634 2211 Θεὸν
1654 2179 1798 2214 ἐξιλεώσαῖ-

1034 2227 1093 2252 σθαι
1103 2236 1109 2242 ·
1123 2226 1197 2262 ὑμεῖς
1218 2225 1241 2253 οἱ
1256 2228 1361 2261 μεσῐται
1374 2223 1440 2262 ὑπὲρ
1454 2224 1518 2260 ἐμοῦ
1535 2219 1722 2262 πρεσὸεύσατε.
1742 2220 1798 2247 Κα-

1032 2265 1084 2296 λῶς
1096 2260 1139 2292 οὖν
1153 2264 1239 2302 ἔλεγεν
1251 2266 1265 2291 ὁ
1276 2262 1488 2298 Ἐκκλησιαστὴς
1496 2284 1503 2298 ,
1513 2261 1610 2299 Καιρὸς
1621 2263 1666 2288 τοῦ
1676 2260 1799 2293 κλαῦσαι,

1033 2303 1078 2331 καὶ
1093 2303 1181 2342 καιρὸς
1201 2306 1245 2332 τοῦ
1267 2302 1390 2341 γελάσαι·
1403 2301 1492 2340 καιρὸς
1506 2303 1550 2329 τοῦ
1567 2301 1679 2329 κλαῦσαι
1695 2297 1754 2329 τοὺς
1766 2296 1800 2325 τὰ

1033 2342 1127 2371 ἀνίατα
1146 2345 1299 2376 νοσοῦντας,
1314 2341 1359 2370 καὶ
1376 2340 1465 2380 καιρὸς
1484 2343 1529 2369 τοῦ
1564 2339 1657 2368 ελάσαι
1674 2336 1733 2370 τοὺς
1746 2335 1798 2382 ,τὴν

1034 2382 1172 2419 μετάνοιαν
1195 2383 1360 2419 ἀγαπῶντας.
1372 2380 1451 2409 Οὕτω
1469 2379 1503 2417 γα
1543 2380 1667 2407 εκλαυσεν
1685 2379 1699 2405 ὁ
1719 2387 1800 2414 μεγας

1033 2421 1229 2460 Ἶωσὴφ,οἱονεὶ
1243 2422 1280 2459 τῷ
1294 2421 1449 2459 προφητικῷ
1467 2421 1601 2457 βλεμματι
1616 2414 1799 2455 προσπεισθεὶς

1034 2462 1071 2499 τῷ
1086 2460 1208 2500 μακαρίῳ
1222 2460 1305 2488 ΔαυὶΞ
1318 2461 1356 2498 τῷ
1371 2458 1487 2496 λέγοντι·
1503 2460 1538 2487 Οἱ
1548 2456 1735 2497 σπείροντεςέν
1751 2453 1796 2481 δά-

1034 2511 1134 2538 κρυσιν,
1151 2502 1176 2528 ἐν
1199 2499 1354 2536 ἀγαλλιάσει
1374 2501 1510 2537 Οεριοῖὶσιν.
1523 2497 1666 2534 Ἐσπειρεν
1685 2498 1728 2523 οὖν
1751 2492 1796 2540 καὶ

1034 2539 1133 2578 Ἰωσὴφ
1148 2538 1180 2567 τὰ
1200 2539 1298 2577 δάκρυα
1315 2541 1360 2573 τῆς
1383 2536 1564 2576 φιλαδελφίας,
1582 2535 1626 2564 καὶ
1640 2533 1737 2572 ἐῡέρισε
1753 2542 1797 2560 τον
