1893 2860
107 1037 228 1065 Prostigia-

107 1075 154 1088 ΙῚΗΠ
161 1077 248 1096 genera·

265 144 334 178 052

264 225 308 245 tus
327 216 482 251 sit;rursus
502 224 550 242 nos
575 214 715 242 confirmat
736 220 827 242 contra
846 212 996 241 infidelium

263 261 376 291 dictum.
396 259 468 297 quod
482 259 598 287 liberum
620 258 763 287 arbitrium
780 258 906 295 tollatur,
930 257 997 286 sub-

261 306 375 344 jungens
399 317 404 332 :
434 305 505 333 Cum
521 304 588 343 fide
610 311 637 332 et
664 306 796 340 caritate,
818 314 882 342 quse
903 310 945 332 est
966 305 998 331 in

263 352 379 379 christo
394 351 474 379 Jesu.
497 350 528 378 ld
550 350 637 378 solum
658 349 798 378 intulimus
822 359 880 384 nos,
898 348 995 387 inquit,

261 395 425 424 credidimus
437 395 511 434 quod
523 406 570 424 nos
585 395 674 424 salvos
688 395 774 423 facere
787 394 878 434 possit.

301 442 328 469 5.
346 441 498 479 Diligamus
512 451 575 479 ergo
598 440 675 469 illum
694 451 741 479 per
757 440 905 468 Christum.
923 438 998 475 Quid

261 494 299 515 cst
314 486 392 524 illud,
405 488 456 516 Pcr
470 487 630 515 Christum?
644 486 715 522 Quin
735 486 857 514 Christus
879 485 907 514 id
921 484 998 513 nobis

261 533 363 568 intulit,
380 543 431 561 non
455 533 508 561 lex.
527 532 625 563 Viden’
643 543 757 571 quorum
774 532 851 560 nohis
865 531 996 560 bonorum

260 578 383 607 Christus
401 585 493 607 auctor
513 578 604 614 fuerit,
620 588 734 616 quorum
749 584 838 606 autem
855 577 924 606 lex?
941 577 996 605 Nec

607 153 635 175 S.
662 152 802 176 JOANMS
827 151 1006 175 CHRYSOST.

259 623 347 652 solum
361 623 442 659 dixit,
459 623 617 652 Abundavit
631 623 726 661 gratia,
739 622 797 660 sed,
811 623 995 661 Superabnn-
1015 644 1021 653 A

259 669 342 698 davit
360 681 370 696 :
384 680 446 698 vere
460 669 531 698 enim
546 669 785 708 superabundavit,
799 669 907 707 quando
921 668 996 697 mille

259 715 401 754 suppliciis
414 714 521 754 dignos,
538 722 644 754 repente
656 716 681 743 in
696 715 866 754 adoptionem
880 722 996 743 transtu-

259 759 302 788 lit.
328 761 399 789 Eccc
412 771 519 796 rursus,
541 763 582 796 in,
598 760 669 789 idem
685 761 818 799 significat
834 760 916 798 quod,
933 770 992 798 per.

259 806 318 834 Non
334 806 405 835 enim
428 807 481 834 fide
495 817 562 845 opus
582 814 620 835 est
637 813 751 844 tantum,
768 806 814 836 sed
828 807 908 835 etiam
924 807 994 835 cari-

259 858 311 879 tate
331 864 337 880 :
357 862 419 880 nam
435 852 545 891 plurimi
559 862 630 880 nunc
651 859 721 888 sunt,
743 853 790 891 qui
805 852 916 881 credunt
933 853 995 890 qui-

258 896 319 925 dem
329 897 468 926 Christum
480 908 535 926 csse
543 899 640 934 Deum,
652 898 698 926 sed
711 899 789 926 illum
801 909 854 927 non
867 898 996 937 diligunt,

259 951 344 979 neque
358 952 388 970 ea
406 953 464 980 quae
482 949 544 970 suut
558 942 707 971 amantium
722 943 834 971 faciunt.
851 943 996 977 Quomodo

259 990 330 1017 enim
343 989 462 1025 fecerint,
484 999 545 1018 cum
567 990 656 1018 omnia
680 990 731 1029 ipsi
745 991 898 1029 praeferant,
911 1001 994 1029 pecu-

260 1033 316 1062 nias
328 1056 337 1069 ,
364 1035 492 1073 genesim,
518 1035 613 1071 fatum,
636 1035 846 1073 observationes,
872 1036 995 1074 auguria,

260 1079 406 1108 vaticinia?
419 1080 487 1108 Cum
499 1087 587 1108 autem
597 1080 632 1109 ad
644 1081 833 1110 contumeliam
844 1082 902 1120 ejus
914 1081 996 1110 viva-

259 1135 331 1162 mus,
347 1125 392 1154 dic
407 1125 485 1162 mihi,
497 1136 555 1164 quae
570 1126 700 1155 dilectio?
714 1127 743 1155 Si
760 1126 820 1165 quis
834 1127 913 1155 habet
927 1127 996 1155 ami-

259 1181 321 1200 cum
332 1194 340 1207 ‚
368 1182 447 1209 quem
471 1171 575 1200 ardenti
601 1173 794 1212 complectatur
818 1174 915 1202 affectu
925 1195 933 1209 ,
958 1173 996 1202 sic

258 1217 353 1245 saltem
367 1217 504 1245 Christum
520 1217 636 1256 diligat5
663 1217 701 1246 sic
720 1218 814 1247 saltem
839 1225 909 1247 amet
923 1229 994 1255 eum,

257 1263 305 1301 qui
327 1273 376 1302 pro
390 1262 508 1292 inimicis
521 1263 624 1292 Filium
639 1274 719 1292 snum
732 1264 817 1300 dedit,
831 1275 892 1293 cum
913 1265 996 1293 nullis

259 1308 362 1336 meritis
377 1309 487 1338 nostris.
502 1308 577 1343 Quid
598 1308 660 1337 dico
676 1310 778 1338 meritis
792 1310 889 1338 nostris
899 1310 913 1338 9
935 1320 996 1339 cum

259 1364 356 1393 magna
379 1354 530 1383 fecissemus
554 1355 624 1383 mala
634 1378 642 1391 ‚
667 1362 693 1384 et
721 1355 822 1384 nefaria
847 1356 904 1384 ausi
929 1356 998 1385 fuis-

259 1410 348 1429 semus
370 1400 426 1428 sine
449 1411 536 1429 causa.
550 1401 600 1429 Ille
618 1401 727 1439 quidem
749 1408 809 1440 post
823 1401 898 1430 mille
913 1401 996 1430 bene-

260 1445 320 1473 ficia
335 1452 361 1474 et
383 1455 460 1474 curas
483 1455 568 1483 neque
590 1446 629 1474 sic
652 1457 700 1474 nos
723 1446 843 1485 abjecit;
862 1447 910 1475 sed
933 1454 997 1476 tunc

260 1490 361 1519 Filium
385 1501 465 1520 suum
478 1491 565 1528 dedit,
589 1502 649 1520 cum
670 1492 771 1531 majora
789 1492 887 1520 scelera
902 1499 996 1532 patra-

261 1546 384 1564 veramus
406 1547 412 1563 ι
431 1546 478 1564 nos
493 1543 581 1565 autem
599 1543 740 1575 postquam
755 1543 826 1565 tanta
842 1539 995 1576 consequuti

260 1591 386 1619 eramrm,
414 1588 555 1620 postquam
577 1582 656 1610 amici
682 1582 746 1610 sacti
771 1582 896 1611 omnibus
919 1583 997 1611 bonis

260 1637 309 1666 per
331 1627 420 1666 ipsum
437 1627 541 1666 dignati
565 1638 669 1664 sumus,
696 1638 728 1656 ne
754 1634 815 1656 tunc
838 1628 946 1666 quidem
968 1636 998 1657 ut

260 1673 377 1701 amicum
391 1672 545 1701 dileximus.
561 1673 654 1711 Ecqua
667 1673 745 1701 nobis
759 1673 807 1702 erit
822 1674 904 1712 spes?
919 1675 998 1703 Forte

261 1719 448 1747 exhorrescitis
480 1718 537 1748 hacc
561 1718 698 1747 audientes
716 1731 724 1756 3
756 1719 802 1747 sed
828 1720 932 1748 utinam
963 1721 998 1749 ad

261 1775 341 1804 opera
355 1764 413 1804 ipsa
435 1763 646 1793 exhorrescatis!
661 1764 697 1793 Et
721 1765 866 1803 quomodo,
885 1766 997 1804 inquies,

262 1813 349 1840 Deum
363 1822 415 1840 non
427 1811 538 1851 perinde
550 1818 628 1850 atque
639 1812 739 1840 amicos
750 1812 913 1851 diligemus?
924 1814 998 1849 Quo-

261 1857 364 1886 modo?
381 1867 431 1896 ego
451 1857 480 1885 id
501 1857 617 1886 conabor
638 1858 794 1895 ostender03
816 1865 842 1887 et
861 1870 955 1898 precor
969 1867 998 1890 ut

261 1903 332 1931 nihil
344 1902 436 1932 videar
455 1903 543 1932 dicere
556 1903 606 1932 nisi
619 1903 813 1941 deliramenta;
833 1915 926 1934 vereor
946 1917 997 1934 au-

262 1956 326 1986 tem,
348 1959 382 1977 ne
401 1949 485 1978 verba
508 1960 568 1978 cum
583 1949 660 1977 factis
673 1950 847 1979 consentiant.
862 1952 1000 1991 Perpende

263 2001 352 2023 autem
377 2006 384 2022 ι
407 2005 458 2034 pro
479 1994 583 2029 amicis,
609 2005 672 2024 vere
691 1995 805 2030 amicis,
829 1996 908 2025 multi
931 2007 1000 2037 saepe

264 2039 362 2068 damna
373 2040 488 2068 libenter
498 2040 615 2079 perpessi
628 2047 689 2068 sunt
699 2051 706 2075 ;
718 2051 767 2079 pro
779 2041 886 2070 Christo
899 2049 998 2080 autem,

266 2095 319 2114 non
332 2085 413 2114 modo
427 2085 524 2114 damna
537 2086 651 2125 perpeti,
668 2086 715 2114 sed
732 2086 812 2115 etiam
828 2089 1001 2127 praesentibus

266 2138 403 2160 contentus
411 2141 466 2160 esse
476 2141 554 2160 nemo
564 2132 692 2160 sustinet:
705 2143 754 2171 pro
765 2133 850 2162 amico
861 2144 930 2173 saepe
941 2145 1001 2164 con-

264 2177 388 2206 tumelias
405 2177 516 2205 tulimus
536 2184 563 2206 et
583 2177 737 2206 inimicitias
754 2179 919 2219 suscepimus
929 2192 937 2217 ;
950 2192 999 2220 pro

265 2221 372 2250 Christo
384 2229 472 2251 autem
483 2233 562 2251 nemo
574 2222 743 2251 inimicitiam
754 2224 875 2263 suscipit,
887 2225 942 2259 secl,
954 2226 1000 2255 Li.

265 2275 305 2297 cet
318 2269 426 2305 frustra,
439 2268 576 2307 inquiunt,
591 2268 688 2297 ameris
696 2280 704 2305 3
716 2269 812 2298 frustra
824 2281 858 2299 ne
869 2271 932 2300 odio
945 2271 998 2300 ha-

264 2313 335 2342 beas.
359 2314 481 2342 Amicum
505 2314 573 2342 fame
588 2314 752 2342 laborantem
767 2325 915 2354 numquam
936 2327 999 2346 con-

265 2362 425 2395 temnemu55
436 2356 573 2386 Christum
583 2368 646 2387 vero
657 2357 778 2396 quotidie
785 2359 935 2389 venientem
946 2371 998 2390 non

297 2468 307 2478 ι
325 2460 428 2485 Videtur
440 2462 598 2494 proverbium
611 2463 654 2488 illo
666 2469 778 2496 tempore
788 2464 869 2490 fuisse.

298 2497 310 2514 ¹³
328 2498 369 2521 Sic
383 2499 456 2523 Colb.
471 2509 534 2525 unus
552 2507 627 2525 reete.
637 2501 689 2534 [Sic
704 2511 803 2536 qnoque
817 2504 917 2530 Comm.
929 2511 953 2529 ct
967 2505 1013 2530 Sa-

1036 152 1177 176 Alterum)
1183 168 1190 176 .
1218 154 1344 178 CONSTA
1350 155 1470 179 NTlNor
1477 170 1484 177 .

1051 212 1159 250 ἠξίωσε,
1170 214 1250 244 πάλιν
1259 215 1342 244 ἐκεῖνο
1353 216 1523 255 ἀσφαλίζεται
1535 216 1565 246 τὸ
1578 217 1629 244 τῶν
1641 215 1770 252 ἀπίστων,
1786 216 1816 244 τὸ

1054 257 1091 295 μὴ
1102 258 1186 297 λέγειν
1198 259 1238 288 ὅτι
1250 263 1268 295 ἡ
1285 261 1436 299 προαίρεσις
1450 262 1597 300 ἀνῄρηται·
1611 261 1727 300 ἐπήγαγε
1742 264 1815 300 γοῦν,

1018 307 1034 330 F
1054 303 1131 333 Μετὰ
1143 304 1254 338 πίστεως
1265 305 1310 334 καὶ
1327 306 1432 342 ἀγάπης
1442 309 1489 342 τῆς
1504 309 1529 336 ἐν
1542 308 1650 347 Χριστῷ
1659 307 1816 342 Ἰησοῦ.Το-

1051 351 1142 378 σοῦτον
1155 350 1245 388 μόνον,
1258 350 1344 388 φησὶν,
1357 353 1434 388 ἡμεῖς
1444 352 1631 391 εἰσηνέγκαμεν
1640 364 1646 371 ·
1659 352 1815 382 ἐπιστεύσα-

1052 405 1112 432 μεν,
1124 395 1164 424 ὅτι
1178 396 1284 425 δύναται
1295 399 1365 434 ἡμᾶς
1376 398 1468 425 σῶσαι.

1092 440 1283 479 Ἀγαπήσωμεν
1305 441 1389 470 τοίνυν
1413 441 1488 470 αὗτὸν
1510 442 1553 470 διὰ
1575 445 1620 472 τοῦ
1636 444 1760 483 Χριστοῦ.
1777 443 1814 472 Τί

1051 487 1127 521 ἐστι,
1152 486 1203 515 Διὰ
1223 490 1267 515 τοῦ
1290 488 1420 526 Χριστοῧ;
1444 486 1510 515 e'Ori
1537 488 1612 521 αὖτὸς
1632 491 1696 527 ἡμῖν
1720 488 1812 518 τούτου

1050 531 1171 570 πρόξενος
1188 532 1304 571 γέγονεν,
1326 533 1375 571 οὐχ
1387 534 1401 560 ὁ
1415 532 1501 570 νόμος.
1520 531 1604 572 “Ορᾷς
1625 533 1702 563 τίνων
1729 533 1776 571 μὲν
1798 535 1812 562 ὃ

1031 577 1162 621 ὖΧριστὸς
1177 577 1258 610 αἴτιος
1268 580 1332 615 ἡμῖν
1348 577 1452 616 γέγονεν
1464 579 1580 615 ἀγαθῶν,
1595 578 1672 607 τίνων
1692 579 1719 607 δὲ
1737 581 1752 608 ὁ
1770 578 1812 608 νό-

1049 634 1096 659 μος
1107 634 1114 657 ;
1128 622 1180 651 Καὶ
1189 623 1238 661 οὐχ
1245 623 1335 655 ἁπλῶς
1348 618 1429 658 εἶπεν,
1441 623 1596 652 ἐπλεόνασεν
1609 626 1626 658 ἡ
1639 624 1728 663 χάρις,
1740 625 1812 660 ἀλλ’,

1048 667 1282 706 Ὑπερεπλεόνασε.
1296 667 1349 696 Καὶ
1359 667 1410 707 γὰρ
1423 668 1502 701 ὅντως
1515 669 1724 707 ὓπερεπλεόνασε
1734 690 1742 705 ,
1754 668 1813 702 τοὺς

1049 713 1149 752 μυρίων
1169 714 1303 742 κολάσεων
1319 714 1405 747 ἀξίους
1415 735 1423 749 ,
1438 714 1545 747 τούτους
1559 716 1594 748 εἷς
1607 715 1736 744 υἱοθεσίαν
1747 717 1812 754 ἀγα-

1047 762 1129 796 γοῧσα
1139 759 1268 798 ἐξαίφνης.
1283 759 1351 788 Ἰδοὺ
1362 760 1440 788 πάλιν
1454 761 1483 790 τὸ
1493 784 1501 798 ,
1517 762 1554 795 ἐν,
1571 760 1615 789 διά
1629 761 1714 789 ἐστιν·
1725 761 1754 790 οὗ
1761 760 1813 800 γὰρ

1048 804 1160 836 πίστεως
1173 805 1211 833 δεῖ
1225 805 1312 843 μόνον,
1322 805 1391 834 ἀλλὰ
1402 806 1447 834 καὶ
1461 806 1577 844 ἀγάπης·
1594 807 1650 835 ἐπεὶ
1662 806 1755 835 πολλοὶ
1767 807 1814 835 καὶ

1049 853 1092 878 νῦν
1103 851 1178 884 εἰσιν,
1190 850 1231 879 ὅτι
1246 851 1294 888 μέν
1310 853 1379 880 ἐστιν
1393 854 1407 881 ὁ
1421 852 1534 891 Χριστὸς
1547 852 1614 885 Θεὸς
1625 852 1790 885 πιστεύοντες
1802 874 1810 888 ,

1049 897 1095 924 οὐκ
1120 897 1272 934 ἀγαπῶντες
1298 897 1324 925 δὲ
1350 898 1440 933 αὐτὸν,
1463 898 1522 927 οὐδὲ
1544 897 1578 927 τὰ
1599 899 1650 926 τῶν
1669 898 1813 937 φιλούντων

1049 941 1208 980 πράσσοντες
1217 954 1223 960 ·
1238 945 1294 976 πῶς
1307 942 1358 982 γὰρ
1368 964 1376 978 ,
1392 943 1453 972 ὅταν
1468 943 1556 972 πάντα
1566 945 1644 972 αὐτοῦ
1652 945 1812 982 προτιμῶσι,

1048 987 1174 1025 χρήματα
1187 1009 1194 1023 ,
1206 987 1317 1026 γένεσιν,
1331 988 1501 1028 εἱμαρμένην,
1513 987 1708 1027 παρατήρησιν,
1718 989 1813 1027 κλῃδο-

1048 1032 1170 1070 νισμοὺς,
1186 1033 1351 1071 οἰωνισμούς
1362 1033 1449 1062 (Ὅταν
1462 1034 1489 1063 δὲ
1499 1035 1534 1066 εἷς
1542 1033 1615 1072 ὕὸριν
1626 1034 1705 1062 αὐτοῦ
1718 1035 1814 1071 ζῶμεν,

1050 1078 1107 1107 εἰπέ
1121 1091 1182 1116 μοι,
1195 1079 1258 1107 ποία
1274 1080 1379 1117 ἀγάπη,
1395 1079 1430 1108 Εἴ
1441 1091 1481 1112 τις
1495 1078 1550 1118 ἔχει
1564 1077 1638 1118 φίλον
1658 1079 1753 1118 θερμὸν
1767 1079 1812 1108 καὶ

1050 1123 1187 1163 διάπυρον,
1215 1125 1264 1153 κᾶν
1291 1125 1359 1154 οὕτω
1391 1125 1498 1164 φιλείτω
1528 1125 1572 1154 τὸν
1602 1125 1716 1164 Χριστόν
1729 1137 1736 1143 ·
1763 1124 1812 1154 κᾶν

1049 1170 1117 1198 οὕτω
1139 1170 1247 1208 φιλείτω
1261 1170 1304 1199 τὸν
1319 1170 1386 1210 ὑπὲρ
1401 1173 1453 1199 τῶν
1468 1172 1568 1209 ἐχθρῶν
1587 1170 1632 1199 τὸν
1651 1171 1714 1200 Υἱὸν
1734 1171 1812 1200 αὖτοῦ

1048 1215 1179 1244 δεδωκότα
1188 1238 1196 1251 ,
1209 1215 1281 1244 οὐδὲν
1296 1218 1372 1253 ἡμῶν
1384 1215 1607 1256 κατωρθωκότων.
1621 1215 1656 1245 Τί
1667 1216 1752 1255 λέγω,
1767 1228 1814 1245 κα·

1048 1261 1241 1299 τωρθωκότων;
1265 1261 1368 1300 μεγάλοι
1388 1261 1434 1299 μὲν
1458 1258 1501 1290 οἷν
1526 1261 1711 1301 ἐργασαμένων
1725 1262 1810 1297 κακὰ,

1049 1306 1094 1334 καὶ
1109 1307 1308 1344 τετολμηκότων
1323 1307 1460 1345 ἀτόλμητα
1472 1309 1526 1336 ἀντ’
1543 1307 1652 1340 οὐδενός.
1675 1307 1728 1336 Καὶ
1739 1309 1753 1336 ὁ
1764 1307 1811 1345 μὲν

1051 1352 1117 1390 μετὰ
1136 1352 1181 1385 τὰς
1196 1353 1290 1391 μυρίας
1304 1352 1453 1391 εὐεργεσίας
1467 1352 1512 1381 καὶ
1527 1352 1683 1391 κηδεμονίας
1696 1352 1753 1382 οὐδὲ
1767 1352 1814 1381 οὕ-

1049 1410 1099 1430 τως
1112 1398 1226 1438 ἔῤῥιψεν,
1238 1398 1307 1427 ἀλλὰ
1318 1398 1376 1427 τότε
1391 1398 1507 1435 μάλιστα
1517 1398 1560 1427 τὸν
1572 1398 1636 1426 Υἵὸν
1647 1397 1755 1435 ἔδωκεν,
1769 1398 1812 1427 ὅτε

1051 1443 1159 1482 μείζονα
1173 1443 1336 1481 ἠδικήσαμεν
1346 1455 1352 1461 ·
1368 1446 1445 1481 ἡμεῖς
1457 1443 1484 1472 δὲ
1497 1443 1564 1481 μετὰ
1577 1444 1607 1472 τὸ
1625 1443 1754 1472 τοσούτων
1767 1456 1811 1472 τυ-

1049 1492 1115 1527 χεῖν,
1133 1487 1201 1526 μετὰ
1213 1488 1243 1517 τὸ
1256 1488 1377 1526 γενέσθαι
1393 1488 1477 1527 φίλοι,
1497 1488 1564 1526 μετὰ
1583 1489 1614 1517 τὸ
1633 1489 1739 1517 πάντων
1760 1491 1813 1518 τῶν

1050 1535 1154 1570 ἀγαθῶν
1169 1534 1310 1568 ἀξιωθῆναι
1324 1534 1356 1561 δι’
1370 1535 1462 1569 αὐτοῦ,
1481 1534 1538 1562 οὐδὲ
1559 1535 1594 1567 ὡς
1609 1533 1683 1572 φίλον
1705 1534 1814 1572 ἠγαπη-

1051 1590 1142 1616 σαμεν,
1158 1579 1211 1607 Καὶ
1224 1579 1263 1611 τίς
1274 1581 1337 1616 ἡμῖν
1347 1580 1421 1607 ἔσται
1431 1578 1517 1614 ἐλπίςς
1526 1578 1607 1618 Τάχα
1619 1579 1738 1618 φρίττετε
1749 1579 1814 1618 πρὸς

1050 1624 1080 1652 τὸ
1095 1625 1166 1662 ῥῆμα
1177 1636 1183 1642 ·
1199 1625 1257 1653 ἀλλ’
1280 1624 1332 1652 εἴθε
1353 1624 1417 1663 πρὸς
1434 1624 1468 1652 τὰ
1490 1624 1645 1663 πράγματα.
1667 1616 1721 1653 Keil
1738 1625 1813 1661 πῶς,

1051 1669 1140 1707 φησὶν,
1154 1669 1211 1699 οὐδὲ
1221 1672 1256 1702 ὡς
1266 1670 1324 1702 τοὺς
1335 1669 1424 1710 φίλους
1435 1669 1503 1698 οὕτω
1518 1669 1662 1708 φιλήσομεν
1673 1669 1716 1699 τὸν
1730 1670 1814 1706 Θεόν;

1050 1715 1128 1750 Πῶς,
1141 1714 1192 1753 ἐγὼ
1204 1716 1364 1754 πειράσομαι
1380 1715 1475 1748 δεῖξαι·
1490 1715 1535 1744 καὶ
1549 1715 1661 1754 εὔχομαι
1673 1715 1720 1753 μὲν
1732 1716 1814 1754 μηδὲν

1052 1760 1123 1794 δόξαι
1145 1760 1242 1799 λέγειν,
1273 1761 1341 1790 ἀλλὰ
1361 1762 1466 1799 ληρεῖν,
1487 1760 1616 1800 φοὸοῧμοιι
1638 1761 1665 1789 δὲ
1689 1761 1725 1799 μὴ
1747 1761 1817 1791 κατὰ

1051 1806 1213 1844 πραγμάτων
1227 1803 1244 1845 ᾗ
1259 1806 1293 1835 τὰ
1306 1807 1434 1845 λεγόμενα
1450 1807 1565 1846 ῥήματα.
1580 1806 1680 1835 Σκόπει
1694 1806 1736 1835 δέ·
1750 1807 1816 1846 ὑπὲρ

1051 1850 1145 1889 φίλων,
1162 1854 1213 1880 τῶν
1226 1852 1307 1885 ὅντως
1326 1852 1416 1891 φίλων,
1436 1852 1528 1882 πολλοὶ
1543 1852 1587 1880 καὶ
1599 1854 1763 1889 ζημιωθῆναι
1778 1852 1816 1881 εἴ-

1051 1897 1126 1924 λοντο
1136 1897 1278 1930 πολλάκις·
1295 1901 1339 1927 τοῦ
1354 1897 1380 1926 δὲ
1393 1898 1508 1936 Χριστοῦ
1523 1897 1608 1926 ἕνεκεν
1631 1898 1660 1926 οὗ
1677 1897 1753 1935 μόνον
1767 1899 1816 1933 ζη-

1053 1945 1182 1979 μιωθῆναι
1192 1966 1200 1980 ,
1217 1944 1284 1973 ἀλλὰ
1296 1949 1348 1976 τοῖς
1360 1939 1431 1973 οἶσιν
1446 1945 1581 1982 ἀρκεῖσθαι
1591 1943 1672 1976 οὐδεὶς
1683 1943 1815 1983 ἀνέχεται.

1052 1986 1137 2026 Ὑπὲρ
1158 1988 1233 2027 φίλου
1252 1990 1378 2022 πολλάκις
1392 1989 1438 2018 καὶ
1459 1988 1630 2027 ὑίρίσθημεν,
1654 1989 1700 2017 καὶ
1719 1989 1814 2030 ἔχθρας

1019 2037 1038 2059 D
1054 2033 1244 2072 ἀνεδεξάμεθα·
1261 2034 1303 2064 διὰ
1319 2035 1346 2063 δὲ
1359 2034 1402 2063 τὸν
1417 2034 1530 2074 Χριστὸν
1545 2033 1624 2067 οὐδεὶς
1637 2033 1731 2074 ἔχθραν
1747 2036 1814 2064 ἀνα-

1054 2078 1176 2118 δέχεται,
1197 2081 1275 2108 ἰ’ἀλλ’
1294 2082 1368 2118 εἰκῇ,
1389 2080 1470 2118 φησὶ,
1492 2080 1580 2118 φιλοῧ·
1601 2081 1659 2117 εἰκῇ
1675 2079 1711 2118 μὴ
1727 2083 1815 2117 μισοῧ.

1053 2124 1106 2152 Τὸν
1121 2123 1194 2163 φίλον
1207 2124 1373 2162 λιμώττοντα
1389 2125 1510 2154 οὐδέποτε
1524 2124 1702 2163 περιοψόμεθα
1711 2135 1718 2142 ·
1732 2124 1776 2153 τὸν
1787 2125 1815 2155 δὲ

1053 2169 1166 2209 Χριστὸν
1180 2170 1239 2199 καθ’
1250 2170 1352 2210 ἡμέραν
1367 2172 1430 2207 ἡμῖν
1446 2169 1587 2208 προσιόντα
1601 2170 1652 2208 οὐχ
1662 2169 1728 2209 ὑπέρ
1745 2181 1816 2204 τινος

1053 2215 1168 2254 μεγάλου
1177 2237 1185 2250 ,
1197 2214 1209 2230 ¹²
1221 2215 1281 2244 ἀλλ’
1291 2215 1357 2254 ὑπὲρ
1371 2215 1450 2254 ἄρτου
1463 2215 1542 2253 μόνου
1550 2237 1559 2252 ,
1571 2214 1630 2244 οῦδὲ
1640 2214 1813 2254 προσιέμεθα,

1052 2263 1098 2292 καὶ
1111 2267 1196 2293 ταῦτα
1219 2264 1382 2303 ἐρευγόμενοι
1404 2264 1546 2301 δυσωδίας,
1567 2263 1614 2293 καὶ
1637 2262 1816 2301 διασπώμενοι

1051 2312 1097 2340 καὶ
1107 2311 1321 2351 γαστριζόμενοι,
1339 2312 1383 2340 καὶ
1399 2312 1443 2341 τὸν
1461 2312 1579 2351 χθεσινὸν
1590 2307 1658 2340 οἶνον
1672 2311 1819 2341 ἀποπνέον-

1052 2374 1093 2395 τες
1104 2383 1112 2395 ,
1127 2361 1172 2390 καὶ
1191 2363 1352 2401 τρυφῶντες,
1367 2361 1412 2390 καὶ
1426 2363 1450 2391 οἱ
1464 2361 1511 2400 μὲν
1525 2361 1633 2401 πόρναις
1646 2361 1777 2398 διδόντες,
1790 2363 1815 2391 οἱ

1061 2467 1118 2500 vil.]
1130 2467 1176 2492 Alii
1189 2470 1242 2493 ἀλλ’
1252 2469 1297 2494 οὐδ’
1317 2469 1374 2502 ὑπὲρ
1385 2472 1457 2502 ἄρτου
1467 2472 1537 2500 μόνου
1545 2487 1551 2499 ,
1564 2466 1638 2492 male.
1657 2465 1724 2501 [ῐηιο
1737 2467 1808 2499 bene,

1062 2507 1082 2530 si
1095 2507 1237 2539 proximum
1250 2509 1300 2533 οὐδὲ
1309 2506 1455 2539 omittitur-‚1
