1893 2860
90 242 105 261 l.'
119 252 144 261 ...2

88 838 106 852 ι.
120 832 176 856 Ite-x.

164 251 167 261 ι
176 243 187 263 3

191 832 224 855 «S.

85 932 105 945 2.
120 926 167 949 [ἰεῦ
189 933 206 949 Ι

85 962 122 977 20.

141 958 177 978 ⁷25.

126 989 225 1009 Jonailuae

245 163 309 208 7⁴3⁰
578 173 605 194 s.
634 172 771 195 sonus
799 171 978 194 cunrsosr.

246 235 401 264 Plenitudo
416 235 489 262 cm'm
507 233 588 272 Iegis.
604 233 701 270 inquit,
722 239 763 261 est
779 234 888 261 caritas
905 243 912 258 :
934 232 975 260 ni-

244 281 281 309 hil
297 281 405 308 insuave
418 279 444 307 in
458 279 512 307 illa.
525 278 690 314 Quomodo?
705 279 814 307 Peccata
827 278 897 306 enim
910 278 976 316 ipsa,

241 325 363 357 avaritia,
381 324 486 363 rapina,
507 323 620 357 invidia,
635 323 798 360 convicium,
814 322 976 361 arrogantia,

240 370 399 409 perjurium,
418 368 594 404 mendacium,
610 368 667 397 baec
681 369 780 402 omnia,
794 374 922 407 praesente
934 378 976 396 ea·
993 372 1011 395 D

240 417 326 449 ritate,
346 415 431 443 soluta
444 421 523 443 sunt:
540 415 658 454 pejerant
671 415 743 443 enim
758 414 876 454 perjuri,
889 420 919 442 ut
934 424 976 442 ra-

240 462 329 500 piant;
343 462 377 489 ab
392 468 479 490 amato
500 468 588 489 autem
603 461 670 489 nihil
689 461 831 499 quisquam
845 459 975 499 rapuerit,

240 508 292 535 imo
305 508 393 546 potius
406 507 445 535 illi
459 517 504 534 sua
519 505 641 543 dederit;
656 506 770 544 gratiam
782 505 853 534 enim
865 504 905 533 illi
919 515 974 532 ma-

239 553 279 590 gis
294 553 432 589 habemus,
448 563 529 590 quam
545 551 567 580 si
581 551 616 580 ab
630 551 677 580 illo
691 551 894 590 accepissemus.
912 550 976 578 llaec

239 598 310 626 scitis
333 608 424 626 omnes
441 598 487 636 qui
504 598 603 626 amicos
620 596 751 625 habuistis
774 608 780 627 ;
805 596 904 624 amieos
923 606 975 624 non

238 644 344 672 nomine
357 651 459 672 mutum
472 644 543 681 dico,
558 643 604 672 scd
617 654 659 672 eos
672 643 717 681 qui
731 649 760 671 ut
771 649 875 682 oportet
885 649 975 670 amant

238 690 290 718 sibi
305 689 422 718 amicitia
435 690 599 729 conjunctos.
616 690 644 718 Si
660 689 705 727 qui
720 699 783 717 vero
797 688 822 717 id
843 688 974 726 ignorent,

238 746 253 764 a
273 735 416 765 scientibus
429 735 556 764 ediscant.
572 736 649 763 Nunc
668 745 702 763 ex
716 734 863 773 Scripturis
877 733 974 762 amici—

237 781 302 809 tiam
322 780 399 809 vobis
414 780 599 808 admirabilem
622 780 760 808 enarrabo.
784 779 875 808 Saulis
903 779 975 807 (ilius

237 826 366 856 Jonnthas
383 826 513 855 Davidem
527 826 636 861 amavit,
652 826 691 853 Et
705 825 846 863 colligata
859 831 901 853 est
914 825 970 859 illi,

238 872 336 910 inquit,
352 874 453 900 anima
464 873 526 910 ejus
537 883 548 903 ,·
568 871 603 898 ita
617 877 647 898 ut
662 870 809 898 lamentans
823 870 901 898 illum
918 871 973 898 Da-

238 918 285 947 vid
300 918 408 953 diecret,
420 918 527 946 Incidit
539 920 570 945 in
582 928 626 945 me
641 917 757 945 dilectio
771 923 831 951 tua,
845 919 918 946 sicut
930 918 973 945 di-

238 964 323 992 lectio
337 963 499 991 mulierum.
513 964 549 990 In
562 967 682 990 mortem
695 962 869 990 vulneratus
879 971 909 990 es
921 964 974 989 mi-

83 1026 101 1037 c
103 1027 116 1038 1
119 1027 131 1038 n
141 1020 194 1040 m..
198 1020 224 1040 te
237 1010 276 1038 hi.
294 1008 369 1044 Quid
383 1008 466 1046 eigo?
482 1018 546 1036 nmn
561 1006 699 1035 invidebat
711 1006 769 1035 illi.
763 1007 776 1026 ‘'
790 1006 912 1043 Minime,
926 1007 973 1035 etsi

82 1051 185 1071 ..minti-1.

92 2209 112 2221 3.
133 2201 185 2223 l.‘eg.

210 2208 216 2222 t

91 2240 129 2254 γι.

236 1053 374 1083 invidendi
397 1054 437 1082 illi
459 1064 537 1082 causa
559 1052 662 1080 aderat.
679 1052 786 1087 Quare.
780 1052 793 1071 '³
816 1051 861 1080 Ex
883 1062 973 1081 terum

234 1099 385 1128 conditione
399 1099 510 1127 videbat
524 1099 575 1138 ipsi
589 1108 702 1136 regnum
716 1097 895 1127 obventurum
907 1108 971 1134 csse,

233 1151 373 1182 tamenque
387 1144 456 1172 nihil
476 1144 527 1172 tale
550 1153 642 1182 passus
660 1149 709 1179 est,
727 1152 811 1180 neque
825 1141 906 1179 dixit,
921 1142 972 1171 Hic

233 1197 270 1218 est
283 1191 329 1228 qui
347 1200 388 1218 me
404 1196 513 1229 paterno
528 1199 608 1228 regno
622 1188 758 1228 privabit;
779 1188 825 1217 sed
840 1199 970 1228 coopera-

232 1236 311 1264 batur
331 1243 359 1264 ut
374 1235 515 1274 imperium
535 1235 575 1263 illi
591 1234 738 1270 obveniret,
758 1241 783 1263 et
798 1235 878 1263 amici
892 1245 969 1264 causa

232 1292 264 1310 ne
278 1281 347 1320 patri
359 1280 466 1319 quidem
480 1277 614 1320 parcebat.
630 1280 682 1309 Sed
697 1290 728 1308 ne
742 1280 801 1318 quis
815 1280 894 1308 illum
908 1291 970 1319 par-

232 1326 344 1355 ricidam
357 1333 430 1366 putet
444 1338 450 1354 2
467 1337 550 1364 neque
562 1326 633 1354 enim
649 1326 717 1364 patri
733 1326 859 1364 injuriam
875 1326 970 1354 infere-

232 1372 275 1400 bat
287 1395 293 1407 ,
309 1372 355 1400 sed
368 1372 426 1411 ejus
440 1371 549 1400 insidias
561 1379 584 1400 et
599 1371 742 1410 injustitias
757 1381 876 1400 coercere
889 1382 970 1400 cona—
978 1397 1013 1417 703

232 1419 321 1446 batur.
340 1418 428 1456 Magis
440 1417 479 1445 illi
495 1418 627 1457 parcebat,
642 1428 724 1455 qnam
737 1417 849 1446 laedebat
861 1418 949 1456 ipsum
962 1429 968 1445 t
987 1425 1006 1446 Α

234 1473 285 1492 non
301 1463 420 1501 permisit
435 1463 512 1491 illum
528 1463 653 1501 injustam
668 1469 772 1501 patrare
787 1463 895 1492 caedem.
912 1464 968 1493 Vo-

233 1509 283 1537 luit
298 1508 377 1536 etiam
401 1519 469 1547 saepe
483 1508 550 1536 mori
568 1515 676 1546 propter
701 1508 799 1546 ipsum.
814 1508 874 1536 Non
888 1519 970 1537 accu-

235 1555 314 1589 savit,
330 1553 374 1582 sed
392 1560 494 1592 patrem
514 1563 620 1591 quoque
634 1553 784 1590 loquentem
799 1553 947 1582 confutavit
963 1566 968 1581 :

235 1611 287 1629 non
304 1599 413 1636 invidit,
432 1599 476 1628 sed
491 1599 570 1627 etiam
585 1609 634 1637 pro
648 1598 751 1627 Davide
766 1609 874 1638 operam
894 1600 972 1628 adhi-

236 1646 297 1674 buit
320 1657 325 1672 :
343 1655 395 1673 non
417 1644 496 1673 modo
513 1644 638 1683 pecunias
652 1643 703 1683 ipsi
718 1643 810 1680 dedit,
831 1643 878 1672 sed
892 1645 973 1673 etiam

237 1692 348 1720 salutem
371 1690 422 1729 ipsi
446 1689 559 1729 paravit.
579 1689 653 1723 Quid
672 1689 733 1718 dico
749 1690 898 1728 pecunias?
913 1690 972 1718 ani-

238 1747 308 1765 mam
322 1745 427 1773 quoque
441 1745 516 1762 suam
529 1744 577 1774 pro
590 1734 636 1762 illo
646 1735 744 1773 posuit.
760 1735 845 1763 Amici
859 1735 900 1763 sui
912 1746 973 1764 cau-

239 1793 267 1810 sa
282 1792 333 1811 non
348 1781 478 1810 reveritus
489 1787 527 1808 est
541 1786 654 1819 patrem,
671 1780 733 1818 qnia
746 1780 791 1808 ille
809 1791 848 1809 res
862 1780 974 1819 injustas

239 1827 444 1867 aggrediebatur
455 1849 462 1861 ‚
488 1826 544 1865 ipse
557 1836 621 1855 vero
636 1826 736 1854 nullius
752 1826 907 1865 hujusmodi
922 1828 974 1856 sibi

239 1874 362 1903 conscius
375 1880 439 1901 erat.
453 1873 529 1900 Talis
542 1879 597 1900 erat
607 1872 664 1910 ejus
674 1882 735 1900 eum
750 1872 822 1911 justo
836 1873 896 1901 viro
911 1873 975 1901 ami-

240 1919 302 1948 citia
325 1932 330 1946 ε
350 1917 501 1947 istiusmodi
525 1917 635 1946 vix-erat
650 1917 787 1946 Jonathas.
806 1919 867 1947 Jam
891 1919 976 1947 Davi-

241 1967 302 1995 dem
317 1964 500 2004 inspiciamus.
517 1965 575 1992 Non
590 1963 665 1992 licuit
686 1963 726 1991 illi
747 1974 794 2002 per
810 1971 914 2003 tempus
929 1965 974 1994 vi-

241 2024 297 2041 cem
312 2011 397 2040 amico
412 2010 520 2039 reddere
534 2021 540 2036 t
555 2016 702 2048 praereptus
716 2010 786 2038 enim
805 2010 850 2038 ille
863 2010 913 2039 fuit
927 2022 975 2039 an—

241 2067 347 2096 tequam
370 2056 461 2085 David
482 2062 611 2093 regnaret,
629 2062 654 2083 et
675 2055 978 2095 benefic11s,antequam

241 2103 378 2132 beneficiis
392 2102 503 2130 affectus
517 2101 668 2140 imperaret,
690 2101 811 2130 sublatus
830 2108 877 2131 est.
904 2103 978 2138 Quid

243 2150 327 2189 ergo?
344 2147 493 2177 Videamus
515 2146 649 2185 quomodo
670 2147 759 2186 justus
781 2147 827 2176 ille
849 2155 978 2186 quantum

225 2196 317 2224 ‚licuit
333 2193 479 2222 amicitiam
500 2193 655 2222 declaravit.
679 2194 788 2229 Bonus,
811 2193 910 2232 inquit,
927 2197 979 2222 mi-

244 2243 276 2270 1ιὶ
298 2241 466 2273 Jonazhas;
488 2242 519 2267 in
543 2246 661 2267 mortem
682 2240 856 2268 vulneratus
877 2250 906 2268 es
926 2243 978 2268 mi-

244 2289 283 2315 hi.
304 2288 375 2316 Num
398 2287 447 2314 hoc
467 2285 591 2313 tantum?
613 2286 671 2313 Non
686 2284 823 2314 modicum
837 2293 907 2314 certe
926 2286 977 2314 hoc

243 2340 280 2361 est
302 2345 308 2360 z
326 2332 371 2361 sed
392 2332 436 2360 ille
449 2332 528 2360 etiam
545 2331 633 2359 filium
647 2338 822 2370 nepotemque
845 2332 902 2371 ejus
926 2342 975 2360 sae—
995 2337 1012 2359 C

246 2389 277 2416 pe
299 2390 313 2406 a
336 2379 461 2417 periculis
485 2377 592 2417 eripuit,
620 2377 703 2416 patris
726 2378 838 2416 gratiam
869 2379 895 2407 in
921 2389 974 2407 me-

277 2478 287 2495 l>
306 2477 391 2507 [Fort.
406 2482 432 2506 ὡς
443 2483 478 2503 καὶ
490 2483 620 2512 θρηνοῦντα.
629 2479 751 2505 Commel.
764 2481 799 2504 sle
812 2478 887 2504 habet
898 2483 910 2508 ἡ
923 2484 990 2512 ψυχὴ,

239 2520 278 2541 καὶ
293 2520 375 2550 θρηνῶν
390 2520 454 2542 :thiu
467 2521 539 2549 ἕλε-μυ
553 2518 560 2550 ]

1009 172 1026 192 A
1033 171 1149 194 netuli?
1156 187 1162 194 .
1191 172 1252 195 CON
1259 173 1442 197 STANTtNOP
1450 189 1456 196 -

1030 231 1086 260 οὐδὲ
1099 232 1170 270 ἴχνος
1185 233 1304 271 φαίνεται
1317 245 1322 251 ·
1341 234 1427 262 πάντα
1442 235 1545 274 εἰρήνης
1558 233 1641 271 μεστοί
1653 246 1657 250 ·
1673 232 1786 271 Πλήρω-

1030 290 1067 315 μα
1075 277 1126 316 γὰρ
1134 278 1223 314 νόμου,
1233 278 1322 316 φησὶν,
1330 281 1346 313 ἡ
1359 280 1449 317 ἀγάπη
1457 291 1463 296 ·
1474 279 1546 308 οὐδὲν
1556 279 1632 314 ἀηδὲς
1643 279 1704 316 παρ’
1716 280 1791 317 αὐτῇ.

1030 324 1109 357 Πῶς;
1124 323 1195 351 Αὖτὰ
1218 323 1270 362 γὰρ
1289 323 1322 351 τὰ
1346 324 1540 362 ἁμαρτήματα,
1566 324 1699 357 πλεονεξία
1715 346 1722 360 ,
1741 324 1791 362 ἁρ-

1029 367 1114 406 παγὴ,
1130 367 1231 406 φθόνος,
1251 368 1411 407 κακηγορία,
1427 369 1535 397 ἀπόνοια
1546 392 1553 406 ,
1575 369 1693 408 ἐπιορκία
1704 391 1711 404 ,
1729 370 1792 407 ψεῦ-

1029 414 1084 449 δος,
1100 416 1182 441 ταῦτα
1202 413 1288 442 πάντα
1311 413 1486 449 καταλύεται,
1505 417 1551 449 τῆς
1570 416 1673 454 ἀγάπης
1698 414 1790 449 οὔσης·

1028 460 1178 498 ἐπιορκοῦσι
1194 459 1244 497 γὰρ
1255 459 1278 487 οἳ
1295 460 1476 498 ἐπιορκοῦντες
1488 460 1605 499 ἁρπάσαι
1620 460 1772 498 βουλόμενοι
1784 471 1790 477 ·

1028 505 1071 533 τὸν
1087 504 1113 533 δὲ
1137 504 1311 542 ἀγαπώμενον
1332 504 1414 537 οὐδεὶς
1434 504 1464 532 ἂν
1479 504 1630 543 ἁρπάσειεν,
1654 505 1722 534 ἀλλὰ
1746 505 1791 533 καὶ

1028 549 1154 588 προσδοίη
1165 549 1197 577 τὰ
1211 551 1302 578 ἑαυτοῦ
1313 551 1350 588 τῷ
1363 549 1511 588 φιλουμένῳ
1523 561 1528 566 ·
1545 550 1621 588 χάριν
1632 550 1683 590 γὰρ
1696 551 1791 589 ἔχομεν

1029 597 1138 632 μᾶλλον,
1154 595 1170 629 ἢ
1186 597 1208 624 εἰ
1229 596 1355 633 λάῧοιμεν
1370 596 1432 635 παρ’
1448 596 1538 624 αὐτοῦ.
1552 595 1624 624 ‘lete
1640 600 1722 625 ταῦτα
1736 596 1792 626 ὅσοι

1028 641 1115 679 φίλους
1135 641 1269 679 ἐσχήκατε
1281 652 1287 658 ·
1302 640 1390 679 φίλους
1413 642 1441 669 οὗ
1459 640 1540 679 μέχρι
1558 640 1683 678 ὀνόματος
1702 642 1772 681 λέγω
1785 664 1792 677 ,

1028 686 1085 713 00³&
1098 687 1127 714 ἐκ
1141 687 1220 724 ψιλῆς
1234 686 1411 725 προσηγορίας
1420 709 1427 721 ,
1444 686 1501 714 ἀλλ’
1517 686 1541 714 εἴ
1554 698 1592 718 τις
1606 686 1743 725 ἠγάπησεν
1758 689 1793 720 ὡς

1029 733 1133 769 ἀγαπᾷν
1148 731 1216 767 ἔδει,
1231 731 1256 760 εἴ
1270 743 1308 765 τις
1322 731 1466 770 προσεόέῡη
1481 731 1540 759 τινί.
1563 732 1596 760 Εἰ
1621 731 1649 760 δέ
1664 743 1732 766 τινες
1747 734 1793 761 οὐκ

1029 776 1101 804 ἴσασι
1114 797 1121 811 ,
1137 775 1210 815 παρὰ
1226 779 1276 805 τῶν
1296 777 1400 806 εἰδότων
1417 776 1581 815 μαθέτωσαν.
1595 778 1650 806 Νῦν
1663 777 1792 816 διηγήσο-

1028 833 1076 859 μαι
1089 822 1150 858 ὑμῖν
1167 821 1219 850 ἀπὸ
1230 824 1281 850 τῶν
1295 823 1406 861 Γραφῶν
1422 822 1509 862 φιλίαν
1522 823 1684 860 θαυμαστήν.
1699 822 1733 852 Ὁ
1746 825 1792 851 τοῦ

1027 867 1116 897 Σαοὺλ
1129 868 1182 898 υἱὸς
1194 868 1318 897 ἸωνάΟαν
1330 868 1437 907 ἐφίλησε
1451 869 1494 898 τὸν
1509 868 1605 902 Δαυὶδ,
1620 868 1672 897 Καὶ
1688 868 1790 898 συνεδέ-

1029 917 1059 948 Or,
1072 915 1143 952 αὐτῷ
1152 936 1159 949 ,
1171 914 1259 952 φησὶν,
1270 916 1287 948 ἡ
1297 913 1370 952 ψυχὴ
1385 914 1480 948 οὕτως,
1495 913 1508 929 b
1518 916 1553 946 ὡς
1565 913 1610 942 καὶ
1625 916 1725 952 θρηνῶν
1740 915 1790 942 αὖ-

1029 959 1071 987 τὸν
1088 959 1182 997 λέγειν,
1196 959 1341 988 Ἐπέπεσεν
1361 960 1402 987 ἐπ’
1415 959 1461 996 ἐμὲ
1475 962 1492 994 ἡ
1507 958 1639 996 ἀγάπησίς
1657 970 1713 995 σου,
1725 961 1760 992 ὡς
1773 962 1790 994 ἡ

1027 1004 1160 1043 ἀγάπησις
1176 1006 1228 1032 τῶν
1243 1006 1383 1042 γυναικῶν
1399 1005 1445 1037 Εἷς
1460 1004 1567 1032 θάνατον
1583 1004 1792 1043 ἐτραυματίσθης

1027 1050 1093 1087 ε’μοί.
1116 1049 1151 1077 'li
1173 1052 1233 1083 οὐν;
1249 1050 1346 1082 ἐκεῖνος
1370 1050 1421 1088 ἄρα
1437 1049 1574 1088 ε”ρῡόνησεν
1590 1050 1678 1088 αὖτῷ;
1700 1050 1792 1079 Οὖδα-

1028 1098 1095 1133 μῶς,
1108 1095 1194 1124 καίτοι
1207 1107 1235 1133 γε
1247 1098 1314 1133 εῖχεν
1328 1094 1443 1133 ἀνάγκην
1456 1098 1501 1123 τοῦ
1515 1097 1624 1133 φθονεῖν.
1635 1095 1714 1131 Πῶς;
1728 1095 1792 1125 Απὸ

1026 1141 1076 1179 γὰρ
1091 1143 1142 1169 τῶν
1159 1141 1321 1179 πραγμάτων
1337 1140 1405 1179 ἑώρα
1426 1140 1474 1175 τὴν
1492 1140 1626 1178 βασιλείαν
1647 1140 1792 1196 ἐρχομένην

1026 1188 1060 1219 εἷς
1074 1186 1160 1222 αὐτὸν,
1175 1197 1219 1214 και
1234 1186 1304 1224 ὅμως
1319 1185 1390 1214 οὐδὲν
1405 1185 1484 1215 ἔπαθε
1498 1188 1631 1214 τοιοῦτον·
1646 1187 1692 1215 οὔκ
1708 1190 1791 1222 εἶπεν,

1025 1228 1097 1264 οὗτός
1122 1234 1192 1261 ἐστιν
1218 1234 1231 1260 6
1255 1231 1301 1269 ἔμε
1318 1231 1506 1270 ἀποστερησων
1531 1233 1579 1266 τῆς
1594 1232 1729 1269 βασιλείας
1745 1235 1792 1268 τῆς

1024 1279 1172 1317 πατρικῆς,
1197 1277 1265 1306 ἀλλὰ
1282 1276 1519 1315 συγκατεσκεύαζεν
1543 1277 1612 1316 αὐτῷ
1627 1277 1675 1312 τὴν
1697 1277 1793 1317 ἀρχὴν,

1024 1325 1068 1353 καὶ
1094 1327 1138 1353 τοῦ
1165 1324 1262 1363 πατρὸς
1281 1327 1327 1353 οὐκ
1349 1324 1462 1362 ἐφείδετο
1477 1323 1520 1351 διὰ
1543 1323 1588 1352 τὸν
1614 1323 1698 1362 φίλον.
1713 1324 1792 1353 Ἀλλὰ

1026 1371 1062 1407 μή
1079 1383 1119 1402 τις
1139 1371 1215 1399 αὐτὸν
1243 1369 1404 1409 πατραλοίαν
1429 1368 1568 1405 νομιζέτω·
1592 1370 1621 1397 οὐ
1641 1369 1691 1408 γὰρ
1705 1369 1792 1403 ἠδίκει

1024 1417 1069 1445 τὸν
1093 1417 1195 1454 πατέρα
1206 1439 1213 1451 ,
1239 1416 1307 1444 ἀλλὰ
1334 1415 1380 1447 τὰς
1407 1414 1548 1447 ἒπιὸουλὰς
1575 1415 1620 1443 καὶ
1649 1415 1697 1448 τὰς
1731 1416 1792 1444 ἀδι-

1024 1463 1082 1495 κίας
1096 1466 1212 1501 κατεῖχε.
1234 1463 1342 1489 Μᾶλλον
1359 1460 1473 1499 ἐφείδετο
1485 1484 1492 1496 ,
1509 1459 1624 1495 ἢήδίκει
1634 1473 1640 1478 ·
1655 1463 1702 1490 οὐκ
1721 1463 1791 1501 ἆφῆ-

1025 1519 1068 1536 κεν
1092 1508 1169 1536 αὐτὸν
1197 1509 1232 1539 εἷς
1260 1506 1335 1545 φόνον
1355 1506 1444 1534 ἄδικον
1463 1505 1580 1540 ἐκὸἧναι.
1596 1505 1726 1542 Ἢθέλησε
1746 1507 1792 1536 καὶ

1415 1551 1501 1580 αὐτόν.
1529 1552 1569 1580 Οὐ
1592 1552 1792 1591 κατηγόρησεν,

1027 1598 1094 1627 ἀλλὰ
1125 1599 1169 1627 καὶ
1198 1598 1241 1626 τὸν
1261 1597 1364 1637 πατέρα
1389 1597 1560 1634 ἐπεστόμισεν
1574 1608 1579 1614 ·
1608 1598 1656 1626 οὐκ
1682 1598 1789 1636 ἐφθόνη-

1582 1643 1610 1671 οὖ
1645 1644 1792 1682 χρημάτων

1027 1691 1097 1728 αὐτῷ
1111 1689 1242 1727 μετέδωκε
1265 1688 1351 1726 μόνον,
1371 1688 1439 1717 ἀλλὰ
1453 1688 1497 1716 καὶ
1519 1688 1660 1727 σωτηρίας.
1672 1688 1708 1717 Τί
1723 1689 1793 1728 λέγω

1026 1555 1164 1581 ἀποθανεῖν
1192 1552 1318 1584 πολλάκις
1348 1552 1380 1579 δι’

1027 1656 1087 1679 σεν,
1117 1643 1184 1672 ἀλλὰ
1216 1644 1260 1671 καὶ
1288 1642 1528 1681 συγκατεσκεύασεν
1547 1654 1553 1660 ’

1027 1736 1190 1776 χρημάτ(ι)ν;
1214 1735 1258 1763 καὶ
1282 1735 1328 1769 τὴν
1350 1734 1437 1773 ψυχὴν
1461 1733 1527 1772 ὑπὲρ
1548 1735 1628 1763 αὐτοῦ
1647 1735 1792 1774 προήκατο.

1028 1784 1085 1811 Οὐκ
1099 1781 1196 1819 ᾐδέσθη
1212 1781 1254 1809 τὸν
1269 1780 1442 1819 γεγεννηκότα
1463 1779 1505 1808 διὰ
1522 1779 1566 1807 τὸν
1579 1779 1661 1818 φίλον,
1675 1781 1765 1817 ἐπειδὴ
1779 1783 1793 1810 6

1029 1828 1075 1865 μὲν
1092 1827 1189 1859 ἀδίκοις
1211 1826 1342 1864 ἐπεχείρει
1356 1826 1521 1864 πράγμασιν,
1542 1827 1555 1853 6
1578 1825 1604 1853 δὲ
1620 1826 1693 1855 οὐδὲν
1708 1828 1794 1866 ἑαυτῷ

1029 1874 1131 1912 συνῄδει
1154 1876 1277 1901 τοιοῦτον.
1292 1871 1365 1899 Ἐκεῖ
1386 1871 1431 1908 μὲν
1447 1866 1488 1898 οὖν
1506 1870 1573 1908 μετὰ
1588 1874 1632 1900 τοῦ
1647 1872 1747 1900 δικαίου
1761 1869 1794 1908 ἦν

1029 1919 1134 1975 ἧςριλία
1147 1931 1152 1936 ·
1174 1914 1247 1950 οἶτος
1262 1912 1306 1945 οὖν
1328 1918 1341 1944 6
1363 1916 1497 1944 Ἰωνάθκν.
1514 1915 1626 1954 Ἴδωμεν
1650 1916 1677 1946 δὲ
1702 1918 1793 1946 λοιπὸν

1031 1978 1074 1994 και
1099 1965 1143 1993 τὸν
1164 1963 1253 1992 Δαυίδ.
1269 1964 1327 1991 Οὐκ
1350 1961 1451 2000 ἐγένετο
1466 1962 1514 1989 αὐτ
1515 1974 1536 1989 ω
1550 1962 1640 2000 καιρὸς
1654 1963 1795 1992 ἀποδουναι

1031 2024 1077 2043 τας
1094 2009 1206 2047 ἀιιοιὲοίς
1217 2021 1222 2026 ·
1242 2007 1457 2064 προανηρποίσῡη
1465 2006 1515 2045 γαρ
1536 2007 1631 2039 ἐκεῖνος
1643 2010 1689 2043 τῆς
1709 2010 1795 2048 ἀρχῆς

1032 2059 1077 2086 τοῦ
1100 2055 1196 2089 Δαυιδ,
1209 2054 1254 2082 καὶ
1268 2065 1328 2092 πριν
1343 2052 1360 2086 ἢ
1371 2064 1414 2081 τον
1429 2064 1457 2080 ευ
1472 2052 1588 2080 παθόντα
1603 2054 1685 2082 ἐλθεῖν
1700 2055 1735 2086 εἷς
1747 2054 1795 2089 τὴν

1035 2101 1168 2141 βασιλείαν
1181 2103 1194 2129 6
1206 2102 1232 2128 εὖ
1248 2101 1328 2128 ποιῶν
1349 2098 1478 2126 ἀπώλετο.
1494 2097 1530 2126 Τί
1548 2100 1607 2134 οῦν;
1620 2099 1646 2126 ἐν
1659 2101 1723 2132 οῖς
1709 2112 1741 2135 ην
1753 2100 1796 2129 δυ-

1033 2148 1108 2177 νατὸν
1130 2159 1174 2176 και
1188 2145 1276 2181 ἐξῆν,”
1267 2155 1363 2180 ιοωμεν
1376 2144 1431 2176 πῦς
1444 2143 1607 2172 ἐπεδείκνυτο
1618 2144 1666 2179 τὴν
1682 2145 1771 2184 φιλίαν
1782 2149 1796 2176 ὁ

1033 2195 1141 2226 δίκαιος.
1157 2192 1243 2224 Καλὸς
1264 2190 1338 2229 ἐμοι,
1355 2201 1442 2229 φησιν,
1461 2189 1604 2218 Ἶωνοίθαν·
1627 2191 1664 2222 εἷς
1687 2191 1797 2221 θάνατον

1033 2239 1260 2297 ἐτραυματίσῡης’
1250 2237 1319 2275 εμοί.
1336 2239 1397 2275 Ἄρα
1409 2237 1484 2264 τοῦτο
1497 2235 1592 2273 μόνον;
1601 2236 1630 2264 οὐ
1642 2237 1734 2277 μικρὸν
1746 2249 1797 2278 γαρ

1032 2298 1077 2314 και
1088 2288 1182 2314 τοῦτο·
1201 2283 1271 2318 πλὴν
1283 2282 1350 2311 ἄλλα
1368 2293 1413 2310 και
1427 2294 1470 2310 τον
1483 2282 1536 2310 υἱὸν
1557 2282 1672 2318 ἐκείνου,
1687 2283 1732 2312 καὶ
1753 2296 1796 2313 τον

1032 2334 1045 2347 *
1057 2332 1160 2370 ἔγγονον
1177 2330 1303 2361 πολλάκις
1327 2327 1450 2356 κινδύνων
1466 2328 1620 2368 ἐξήρπασεν,
1636 2332 1795 2370 ἀπομνημο-

1030 2379 1109 2407 νεύων
1128 2380 1172 2405 τοῦ
1197 2375 1295 2412 πατρὸς
1309 2374 1355 2408 τὴν
1369 2374 1447 2413 χάριν
1459 2386 1465 2391 ·
1485 2374 1530 2402 καὶ
1555 2375 1662 2404 διετέλει
1676 2376 1795 2416 καθάπερ

1075 2481 1081 2488 ·
1101 2478 1199 2509 [ἔκγονον
1212 2482 1290 2507 marg.
1304 2473 1380 2498 San-11.
1398 2473 1436 2497 hic
1447 2479 1471 2498 et
1482 2473 1568 2507 unfra]
