<?xml version="1.0" encoding="UTF-8"?>
<!DOCTYPE html PUBLIC "-//W3C//DTD XHTML 1.0 Transitional//EN"
    "http://www.w3.org/TR/xhtml1/DTD/xhtml1-transitional.dtd">
<html xmlns="http://www.w3.org/1999/xhtml" xml:lang="en" lang="en">
 <head>
  <title>
</title>
<meta http-equiv="Content-Type" content="text/html;charset=utf-8" />
  <meta name='ocr-system' content='tesseract 3.04.00' />
  <meta name='ocr-capabilities' content='ocr_page ocr_carea ocr_par ocr_line ocrx_word'/>
</head>
<body>
  <div class='ocr_page' id='page_1' title='image "./operaomniaquaeex11johnuoft/operaomniaquaeex11johnuoft_0828.png"; bbox 0 0 1893 2860; ppageno 0'>
   <div class='ocr_carea' id='block_1_1' title="bbox 240 153 969 200">
    <p class='ocr_par' dir='ltr' id='par_1_1' title="bbox 240 153 969 200">
     <span class='ocr_line' id='line_1_1' title="bbox 240 153 969 200; baseline -0.003 -12"><span class='ocrx_word' id='word_1_1' title='bbox 240 153 307 200; x_wconf 75' lang='lat'>758</span> <span class='ocrx_word' id='word_1_2' title='bbox 567 163 596 186; x_wconf 89' lang='lat' dir='ltr'>s.</span> <span class='ocrx_word' id='word_1_3' title='bbox 624 163 763 186; x_wconf 60' lang='lat' dir='ltr'>somnis</span> <span class='ocrx_word' id='word_1_4' title='bbox 789 163 969 187; x_wconf 72' lang='lat' dir='ltr'>cunvsosr.</span> 
     </span>
    </p>
   </div>
   <div class='ocr_carea' id='block_1_2' title="bbox 228 227 972 908">
    <p class='ocr_par' dir='ltr' id='par_1_2' title="bbox 228 227 972 908">
     <span class='ocr_line' id='line_1_2' title="bbox 239 227 972 263; baseline 0 -6"><span class='ocrx_word' id='word_1_5' title='bbox 239 235 307 257; x_wconf 79' lang='lat' dir='ltr'>terra</span> <span class='ocrx_word' id='word_1_6' title='bbox 329 234 395 256; x_wconf 74' lang='lat' dir='ltr'>essct</span> <span class='ocrx_word' id='word_1_7' title='bbox 418 227 511 263; x_wconf 86' lang='lat' dir='ltr'>homo,</span> <span class='ocrx_word' id='word_1_8' title='bbox 531 227 676 256; x_wconf 85' lang='lat' dir='ltr'>necessaria</span> <span class='ocrx_word' id='word_1_9' title='bbox 697 227 733 256; x_wconf 90' lang='lat' dir='ltr'>ad</span> <span class='ocrx_word' id='word_1_10' title='bbox 753 228 837 257; x_wconf 74' lang='lat' dir='ltr'>vitam</span> <span class='ocrx_word' id='word_1_11' title='bbox 855 238 907 257; x_wconf 91' lang='lat' dir='ltr'>non</span> <span class='ocrx_word' id='word_1_12' title='bbox 922 228 972 257; x_wconf 88' lang='lat' dir='ltr'>tibi</span> 
     </span>
     <span class='ocr_line' id='line_1_3' title="bbox 237 273 972 312; baseline 0.001 -11"><span class='ocrx_word' id='word_1_13' title='bbox 237 279 412 312; x_wconf 75' lang='lat' dir='ltr'>suppeterent.</span> <span class='ocrx_word' id='word_1_14' title='bbox 427 273 559 300; x_wconf 87' lang='lat' dir='ltr'>Ponamus</span> <span class='ocrx_word' id='word_1_15' title='bbox 579 273 649 301; x_wconf 87' lang='lat' dir='ltr'>enim</span> <span class='ocrx_word' id='word_1_16' title='bbox 669 283 759 302; x_wconf 87' lang='lat' dir='ltr'>omnes</span> <span class='ocrx_word' id='word_1_17' title='bbox 772 273 798 302; x_wconf 90' lang='lat' dir='ltr'>in</span> <span class='ocrx_word' id='word_1_18' title='bbox 810 274 875 302; x_wconf 85' lang='lat' dir='ltr'>orbe</span> <span class='ocrx_word' id='word_1_19' title='bbox 885 273 972 302; x_wconf 79' lang='lat' dir='ltr'>homi-</span> 
     </span>
     <span class='ocr_line' id='line_1_4' title="bbox 236 318 971 357; baseline 0.004 -12"><span class='ocrx_word' id='word_1_20' title='bbox 236 329 280 346; x_wconf 76' lang='lat' dir='ltr'>nes</span> <span class='ocrx_word' id='word_1_21' title='bbox 297 329 351 345; x_wconf 78' lang='lat' dir='ltr'>esse</span> <span class='ocrx_word' id='word_1_22' title='bbox 361 318 460 346; x_wconf 75' lang='lat' dir='ltr'>deletos</span> <span class='ocrx_word' id='word_1_23' title='bbox 471 340 476 351; x_wconf 85' lang='lat'><em>‚</em></span> <span class='ocrx_word' id='word_1_24' title='bbox 489 324 513 346; x_wconf 89' lang='lat' dir='ltr'>ct</span> <span class='ocrx_word' id='word_1_25' title='bbox 530 325 615 346; x_wconf 85' lang='lat' dir='ltr'>totum</span> <span class='ocrx_word' id='word_1_26' title='bbox 633 329 729 346; x_wconf 88' lang='lat' dir='ltr'>aurum</span> <span class='ocrx_word' id='word_1_27' title='bbox 745 325 769 347; x_wconf 90' lang='lat' dir='ltr'>ct</span> <span class='ocrx_word' id='word_1_28' title='bbox 784 326 922 357; x_wconf 78' lang='lat' dir='ltr'>argentum</span> <span class='ocrx_word' id='word_1_29' title='bbox 937 319 971 348; x_wconf 84' lang='lat' dir='ltr'>ad</span> 
     </span>
     <span class='ocr_line' id='line_1_5' title="bbox 236 362 971 404; baseline 0.001 -13"><span class='ocrx_word' id='word_1_30' title='bbox 236 370 259 391; x_wconf 84' lang='lat' dir='ltr'>te</span> <span class='ocrx_word' id='word_1_31' title='bbox 274 374 319 391; x_wconf 83' lang='lat' dir='ltr'>ceu</span> <span class='ocrx_word' id='word_1_32' title='bbox 333 369 425 402; x_wconf 82' lang='lat' dir='ltr'>sponte</span> <span class='ocrx_word' id='word_1_33' title='bbox 435 362 553 391; x_wconf 83' lang='lat' dir='ltr'>delatum</span> <span class='ocrx_word' id='word_1_34' title='bbox 565 373 620 391; x_wconf 84' lang='lat' dir='ltr'>esse</span> <span class='ocrx_word' id='word_1_35' title='bbox 631 366 703 397; x_wconf 87' lang='lat' dir='ltr'>(nam</span> <span class='ocrx_word' id='word_1_36' title='bbox 717 364 797 392; x_wconf 81' lang='lat' dir='ltr'>stulta</span> <span class='ocrx_word' id='word_1_37' title='bbox 812 371 837 392; x_wconf 88' lang='lat' dir='ltr'>et</span> <span class='ocrx_word' id='word_1_38' title='bbox 848 364 971 404; x_wconf 88' lang='lat' dir='ltr'>impossi-</span> 
     </span>
     <span class='ocr_line' id='line_1_6' title="bbox 235 410 970 449; baseline 0.003 -11"><span class='ocrx_word' id='word_1_39' title='bbox 235 410 298 438; x_wconf 84' lang='lat' dir='ltr'>bilia</span> <span class='ocrx_word' id='word_1_40' title='bbox 309 410 511 448; x_wconf 78' lang='lat' dir='ltr'>imaginantur),</span> <span class='ocrx_word' id='word_1_41' title='bbox 525 417 550 438; x_wconf 87' lang='lat' dir='ltr'>et</span> <span class='ocrx_word' id='word_1_42' title='bbox 558 420 620 449; x_wconf 86' lang='lat' dir='ltr'>opes</span> <span class='ocrx_word' id='word_1_43' title='bbox 633 411 741 439; x_wconf 86' lang='lat' dir='ltr'>illorum</span> <span class='ocrx_word' id='word_1_44' title='bbox 753 421 853 448; x_wconf 82' lang='lat' dir='ltr'>omnes,</span> <span class='ocrx_word' id='word_1_45' title='bbox 865 422 970 449; x_wconf 88' lang='lat' dir='ltr'>aurum,</span> 
     </span>
     <span class='ocr_line' id='line_1_7' title="bbox 233 455 970 496; baseline 0.004 -13"><span class='ocrx_word' id='word_1_46' title='bbox 233 463 383 494; x_wconf 72' lang='lat' dir='ltr'>argentum.</span> <span class='ocrx_word' id='word_1_47' title='bbox 399 455 496 483; x_wconf 89' lang='lat' dir='ltr'>sericas</span> <span class='ocrx_word' id='word_1_48' title='bbox 517 462 613 492; x_wconf 81' lang='lat' dir='ltr'>vestes,</span> <span class='ocrx_word' id='word_1_49' title='bbox 634 467 712 484; x_wconf 87' lang='lat' dir='ltr'>aurea</span> <span class='ocrx_word' id='word_1_50' title='bbox 728 457 817 485; x_wconf 82' lang='lat' dir='ltr'>omnia</span> <span class='ocrx_word' id='word_1_51' title='bbox 836 463 929 496; x_wconf 87' lang='lat' dir='ltr'>sponte</span> <span class='ocrx_word' id='word_1_52' title='bbox 943 457 970 486; x_wconf 92' lang='lat' dir='ltr'>in</span> 
     </span>
     <span class='ocr_line' id='line_1_8' title="bbox 233 501 969 540; baseline 0.004 -11"><span class='ocrx_word' id='word_1_53' title='bbox 233 512 327 530; x_wconf 86' lang='lat' dir='ltr'>manus</span> <span class='ocrx_word' id='word_1_54' title='bbox 342 509 400 530; x_wconf 85' lang='lat' dir='ltr'>tuas</span> <span class='ocrx_word' id='word_1_55' title='bbox 415 501 527 538; x_wconf 78' lang='lat' dir='ltr'>venisse,</span> <span class='ocrx_word' id='word_1_56' title='bbox 538 512 597 540; x_wconf 80' lang='lat' dir='ltr'>quae</span> <span class='ocrx_word' id='word_1_57' title='bbox 612 502 734 531; x_wconf 75' lang='lat' dir='ltr'>utilitas?</span> <span class='ocrx_word' id='word_1_58' title='bbox 745 503 783 532; x_wconf 88' lang='lat' dir='ltr'>sic</span> <span class='ocrx_word' id='word_1_59' title='bbox 797 510 821 531; x_wconf 84' lang='lat' dir='ltr'>tc</span> <span class='ocrx_word' id='word_1_60' title='bbox 831 514 901 532; x_wconf 88' lang='lat' dir='ltr'>mors</span> <span class='ocrx_word' id='word_1_61' title='bbox 912 514 969 532; x_wconf 85' lang='lat' dir='ltr'>ma-</span> 
     </span>
     <span class='ocr_line' id='line_1_9' title="bbox 232 548 968 588; baseline 0.003 -12"><span class='ocrx_word' id='word_1_62' title='bbox 232 548 304 577; x_wconf 76' lang='lat' dir='ltr'>xime</span> <span class='ocrx_word' id='word_1_63' title='bbox 327 548 480 585; x_wconf 79' lang='lat' dir='ltr'>invaderet,</span> <span class='ocrx_word' id='word_1_64' title='bbox 502 559 563 576; x_wconf 88' lang='lat' dir='ltr'>cum</span> <span class='ocrx_word' id='word_1_65' title='bbox 588 549 701 588; x_wconf 86' lang='lat' dir='ltr'>pistores</span> <span class='ocrx_word' id='word_1_66' title='bbox 724 556 749 578; x_wconf 91' lang='lat' dir='ltr'>et</span> <span class='ocrx_word' id='word_1_67' title='bbox 772 549 894 588; x_wconf 80' lang='lat' dir='ltr'>agricolae</span> <span class='ocrx_word' id='word_1_68' title='bbox 917 560 968 579; x_wconf 88' lang='lat' dir='ltr'>non</span> 
     </span>
     <span class='ocr_line' id='line_1_10' title="bbox 231 594 969 634; baseline 0.001 -12"><span class='ocrx_word' id='word_1_69' title='bbox 231 601 315 623; x_wconf 77' lang='lat' dir='ltr'>essent</span> <span class='ocrx_word' id='word_1_70' title='bbox 329 616 335 630; x_wconf 93' lang='lat'>‚</span> <span class='ocrx_word' id='word_1_71' title='bbox 353 600 377 623; x_wconf 87' lang='lat' dir='ltr'>et</span> <span class='ocrx_word' id='word_1_72' title='bbox 393 594 454 622; x_wconf 77' lang='lat' dir='ltr'>serae</span> <span class='ocrx_word' id='word_1_73' title='bbox 469 594 561 622; x_wconf 86' lang='lat' dir='ltr'>omnia</span> <span class='ocrx_word' id='word_1_74' title='bbox 582 594 764 633; x_wconf 83' lang='lat' dir='ltr'>depascerent,</span> <span class='ocrx_word' id='word_1_75' title='bbox 785 595 969 634; x_wconf 62' lang='lat' dir='ltr'>daemonesque</span> 
     </span>
     <span class='ocr_line' id='line_1_11' title="bbox 230 641 968 681; baseline 0.001 -12"><span class='ocrx_word' id='word_1_76' title='bbox 230 641 347 669; x_wconf 80' lang='lat' dir='ltr'>animam</span> <span class='ocrx_word' id='word_1_77' title='bbox 364 647 436 669; x_wconf 84' lang='lat' dir='ltr'>tuam</span> <span class='ocrx_word' id='word_1_78' title='bbox 453 647 524 669; x_wconf 87' lang='lat' dir='ltr'>metu</span> <span class='ocrx_word' id='word_1_79' title='bbox 546 647 723 670; x_wconf 70' lang='lat' dir='ltr'>concuterent.</span> <span class='ocrx_word' id='word_1_80' title='bbox 736 641 770 670; x_wconf 86' lang='lat' dir='ltr'>Et</span> <span class='ocrx_word' id='word_1_81' title='bbox 786 642 843 681; x_wconf 88' lang='lat' dir='ltr'>jam</span> <span class='ocrx_word' id='word_1_82' title='bbox 859 642 968 680; x_wconf 87' lang='lat' dir='ltr'>quidem</span> 
     </span>
     <span class='ocr_line' id='line_1_12' title="bbox 230 686 967 716; baseline 0.003 -2"><span class='ocrx_word' id='word_1_83' title='bbox 230 686 306 715; x_wconf 87' lang='lat' dir='ltr'>illam</span> <span class='ocrx_word' id='word_1_84' title='bbox 325 686 458 715; x_wconf 63' lang='lat' dir='ltr'>daemones</span> <span class='ocrx_word' id='word_1_85' title='bbox 479 686 559 715; x_wconf 90' lang='lat' dir='ltr'>multi</span> <span class='ocrx_word' id='word_1_86' title='bbox 581 693 764 715; x_wconf 78' lang='lat' dir='ltr'>tenent:tunc</span> <span class='ocrx_word' id='word_1_87' title='bbox 788 694 876 715; x_wconf 86' lang='lat' dir='ltr'>antem</span> <span class='ocrx_word' id='word_1_88' title='bbox 895 693 919 716; x_wconf 87' lang='lat' dir='ltr'>te</span> <span class='ocrx_word' id='word_1_89' title='bbox 940 687 967 716; x_wconf 92' lang='lat' dir='ltr'>in</span> 
     </span>
     <span class='ocr_line' id='line_1_13' title="bbox 229 733 967 773; baseline 0 -10"><span class='ocrx_word' id='word_1_90' title='bbox 229 734 372 763; x_wconf 73' lang='lat' dir='ltr'>amentiam</span> <span class='ocrx_word' id='word_1_91' title='bbox 390 733 562 769; x_wconf 87' lang='lat' dir='ltr'>inducerent,</span> <span class='ocrx_word' id='word_1_92' title='bbox 586 734 728 772; x_wconf 85' lang='lat' dir='ltr'>statimque</span> <span class='ocrx_word' id='word_1_93' title='bbox 751 734 899 773; x_wconf 78' lang='lat' dir='ltr'>perderent.</span> <span class='ocrx_word' id='word_1_94' title='bbox 914 734 967 763; x_wconf 86' lang='lat' dir='ltr'>Sed</span> 
     </span>
     <span class='ocr_line' id='line_1_14' title="bbox 229 779 966 819; baseline 0.001 -12"><span class='ocrx_word' id='word_1_95' title='bbox 229 779 280 808; x_wconf 93' lang='lat' dir='ltr'>hoc</span> <span class='ocrx_word' id='word_1_96' title='bbox 294 779 392 808; x_wconf 89' lang='lat' dir='ltr'>nollem</span> <span class='ocrx_word' id='word_1_97' title='bbox 401 801 409 816; x_wconf 90' lang='lat'>‚</span> <span class='ocrx_word' id='word_1_98' title='bbox 427 779 546 817; x_wconf 72' lang='lat' dir='ltr'>inquies,</span> <span class='ocrx_word' id='word_1_99' title='bbox 561 779 607 807; x_wconf 84' lang='lat' dir='ltr'>sed</span> <span class='ocrx_word' id='word_1_100' title='bbox 621 780 718 808; x_wconf 74' lang='lat' dir='ltr'>vellem</span> <span class='ocrx_word' id='word_1_101' title='bbox 730 790 786 808; x_wconf 86' lang='lat' dir='ltr'>esse</span> <span class='ocrx_word' id='word_1_102' title='bbox 798 779 928 819; x_wconf 78' lang='lat' dir='ltr'>agricolas</span> <span class='ocrx_word' id='word_1_103' title='bbox 941 786 966 808; x_wconf 90' lang='lat' dir='ltr'>et</span> 
     </span>
     <span class='ocr_line' id='line_1_15' title="bbox 228 826 965 865; baseline -0.001 -10"><span class='ocrx_word' id='word_1_104' title='bbox 228 826 350 865; x_wconf 85' lang='lat' dir='ltr'>pistores.</span> <span class='ocrx_word' id='word_1_105' title='bbox 368 829 400 854; x_wconf 75' lang='lat' dir='ltr'>At</span> <span class='ocrx_word' id='word_1_106' title='bbox 417 826 456 854; x_wconf 91' lang='lat' dir='ltr'>illi</span> <span class='ocrx_word' id='word_1_107' title='bbox 475 836 602 865; x_wconf 80' lang='lat' dir='ltr'>expensas</span> <span class='ocrx_word' id='word_1_108' title='bbox 618 827 713 855; x_wconf 79' lang='lat' dir='ltr'>facturi</span> <span class='ocrx_word' id='word_1_109' title='bbox 729 833 823 855; x_wconf 84' lang='lat' dir='ltr'>essent.</span> <span class='ocrx_word' id='word_1_110' title='bbox 838 826 892 855; x_wconf 86' lang='lat' dir='ltr'>Sed</span> <span class='ocrx_word' id='word_1_111' title='bbox 906 826 965 854; x_wconf 91' lang='lat' dir='ltr'>nol-</span> 
     </span>
     <span class='ocr_line' id='line_1_16' title="bbox 228 870 965 908; baseline 0 -10"><span class='ocrx_word' id='word_1_112' title='bbox 228 870 280 898; x_wconf 85' lang='lat' dir='ltr'>lem</span> <span class='ocrx_word' id='word_1_113' title='bbox 294 870 354 898; x_wconf 89' lang='lat' dir='ltr'>illos</span> <span class='ocrx_word' id='word_1_114' title='bbox 368 880 496 908; x_wconf 77' lang='lat' dir='ltr'>expensas</span> <span class='ocrx_word' id='word_1_115' title='bbox 509 871 601 898; x_wconf 84' lang='lat' dir='ltr'>facere.</span> <span class='ocrx_word' id='word_1_116' title='bbox 617 870 662 898; x_wconf 76' lang='lat' dir='ltr'>Sic</span> <span class='ocrx_word' id='word_1_117' title='bbox 675 870 834 898; x_wconf 87' lang='lat' dir='ltr'>insatiabilis</span> <span class='ocrx_word' id='word_1_118' title='bbox 851 871 907 898; x_wconf 80' lang='lat' dir='ltr'>haec</span> <span class='ocrx_word' id='word_1_119' title='bbox 918 880 965 898; x_wconf 89' lang='lat' dir='ltr'>cn-</span> 
     </span>
    </p>
   </div>
   <div class='ocr_carea' id='block_1_3' title="bbox 999 165 1447 193">
    <p class='ocr_par' dir='ltr' id='par_1_3' title="bbox 999 165 1447 193">
     <span class='ocr_line' id='line_1_17' title="bbox 999 165 1447 193; baseline 0.013 -6"><span class='ocrx_word' id='word_1_120' title='bbox 999 165 1154 191; x_wconf 60' lang='lat' dir='ltr'>Attenuat).</span> <span class='ocrx_word' id='word_1_121' title='bbox 1182 168 1308 192; x_wconf 73' lang='lat' dir='ltr'>CONSTA</span> <span class='ocrx_word' id='word_1_122' title='bbox 1314 169 1434 193; x_wconf 78' lang='lat' dir='ltr'>NTINOP</span> <span class='ocrx_word' id='word_1_123' title='bbox 1441 185 1447 192; x_wconf 87' lang='lat'><strong><em>.</em></strong></span> 
     </span>
    </p>
   </div>
   <div class='ocr_carea' id='block_1_4' title="bbox 1026 230 1790 321">
    <p class='ocr_par' dir='ltr' id='par_1_4' title="bbox 1026 230 1790 321">
     <span class='ocr_line' id='line_1_18' title="bbox 1026 230 1790 275; baseline 0.008 -16"><span class='ocrx_word' id='word_1_124' title='bbox 1026 230 1057 259; x_wconf 78' lang='grc' dir='ltr'>ἅν</span> <span class='ocrx_word' id='word_1_125' title='bbox 1071 243 1111 260; x_wconf 88' lang='grc' dir='ltr'>σοι</span> <span class='ocrx_word' id='word_1_126' title='bbox 1121 232 1154 261; x_wconf 77' lang='grc' dir='ltr'>τὰ</span> <span class='ocrx_word' id='word_1_127' title='bbox 1165 235 1212 267; x_wconf 83' lang='grc' dir='ltr'>τῆς</span> <span class='ocrx_word' id='word_1_128' title='bbox 1225 235 1292 268; x_wconf 76' lang='grc' dir='ltr'>ζωῆς</span> <span class='ocrx_word' id='word_1_129' title='bbox 1306 235 1506 273; x_wconf 78' lang='grc' dir='ltr'>συγκεκρότητο.</span> <span class='ocrx_word' id='word_1_130' title='bbox 1521 237 1619 274; x_wconf 75' lang='grc' dir='ltr'>Θῶμεν</span> <span class='ocrx_word' id='word_1_131' title='bbox 1630 237 1681 275; x_wconf 80' lang='grc' dir='ltr'>γὰρ</span> <span class='ocrx_word' id='word_1_132' title='bbox 1691 236 1790 269; x_wconf 78' lang='grc' dir='ltr'>πάντας</span> 
     </span>
     <span class='ocr_line' id='line_1_19' title="bbox 1026 276 1790 321; baseline 0.008 -17"><span class='ocrx_word' id='word_1_133' title='bbox 1026 276 1107 315; x_wconf 74' lang='grc' dir='ltr'>ἄρδην</span> <span class='ocrx_word' id='word_1_134' title='bbox 1128 278 1268 317; x_wconf 61' lang='grc' dir='ltr'>ἠφανίσθαι</span> <span class='ocrx_word' id='word_1_135' title='bbox 1284 279 1342 312; x_wconf 75' lang='grc' dir='ltr'>τοὺς</span> <span class='ocrx_word' id='word_1_136' title='bbox 1361 281 1428 308; x_wconf 76' lang='grc' dir='ltr'>κατὰ</span> <span class='ocrx_word' id='word_1_137' title='bbox 1451 281 1499 316; x_wconf 83' lang='grc' dir='ltr'>τὴν</span> <span class='ocrx_word' id='word_1_138' title='bbox 1515 281 1669 320; x_wconf 77' lang='grc' dir='ltr'>οἰκουμένην</span> <span class='ocrx_word' id='word_1_139' title='bbox 1686 282 1790 321; x_wconf 77' lang='grc' dir='ltr'>ἀνθρώ-</span> 
     </span>
    </p>
   </div>
   <div class='ocr_carea' id='block_1_5' title="bbox 990 323 1790 367">
    <p class='ocr_par' dir='ltr' id='par_1_5' title="bbox 990 323 1790 367">
     <span class='ocr_line' id='line_1_20' title="bbox 990 323 1790 367; baseline 0.008 -17"><span class='ocrx_word' id='word_1_140' title='bbox 990 329 1007 351; x_wconf 74' lang='lat' dir='ltr'>E</span> <span class='ocrx_word' id='word_1_141' title='bbox 1026 333 1101 358; x_wconf 75' lang='grc' dir='ltr'>πους,</span> <span class='ocrx_word' id='word_1_142' title='bbox 1116 326 1172 351; x_wconf 85' lang='grc' dir='ltr'>εἰτα</span> <span class='ocrx_word' id='word_1_143' title='bbox 1183 323 1212 351; x_wconf 82' lang='grc' dir='ltr'>τὸ</span> <span class='ocrx_word' id='word_1_144' title='bbox 1224 323 1328 363; x_wconf 83' lang='grc' dir='ltr'>χρυσίον</span> <span class='ocrx_word' id='word_1_145' title='bbox 1344 325 1428 353; x_wconf 79' lang='grc' dir='ltr'>αὐτῶν</span> <span class='ocrx_word' id='word_1_146' title='bbox 1439 327 1483 354; x_wconf 84' lang='grc' dir='ltr'>καὶ</span> <span class='ocrx_word' id='word_1_147' title='bbox 1499 326 1528 355; x_wconf 81' lang='grc' dir='ltr'>τὸ</span> <span class='ocrx_word' id='word_1_148' title='bbox 1541 323 1661 367; x_wconf 78' lang='grc' dir='ltr'>ἀργύριον</span> <span class='ocrx_word' id='word_1_149' title='bbox 1677 327 1790 364; x_wconf 72' lang='grc' dir='ltr'>αὐτομά-</span> 
     </span>
    </p>
   </div>
   <div class='ocr_carea' id='block_1_6' title="bbox 1021 369 1790 772">
    <p class='ocr_par' dir='ltr' id='par_1_6' title="bbox 1021 369 1790 772">
     <span class='ocr_line' id='line_1_21' title="bbox 1025 369 1790 412; baseline 0.008 -16"><span class='ocrx_word' id='word_1_150' title='bbox 1025 380 1076 401; x_wconf 85' lang='grc' dir='ltr'>τως</span> <span class='ocrx_word' id='word_1_151' title='bbox 1091 381 1146 401; x_wconf 81' lang='grc' dir='ltr'>πως</span> <span class='ocrx_word' id='word_1_152' title='bbox 1163 371 1198 402; x_wconf 86' lang='grc' dir='ltr'>εἰς</span> <span class='ocrx_word' id='word_1_153' title='bbox 1222 369 1250 397; x_wconf 79' lang='grc' dir='ltr'>σὲ</span> <span class='ocrx_word' id='word_1_154' title='bbox 1265 370 1478 408; x_wconf 74' lang='grc' dir='ltr'>περιεληλυθέναι</span> <span class='ocrx_word' id='word_1_155' title='bbox 1493 373 1556 407; x_wconf 77' lang='grc' dir='ltr'>(καὶ</span> <span class='ocrx_word' id='word_1_156' title='bbox 1578 373 1628 412; x_wconf 87' lang='grc' dir='ltr'>γὰρ</span> <span class='ocrx_word' id='word_1_157' title='bbox 1648 372 1725 411; x_wconf 73' lang='grc' dir='ltr'>μωρὰ</span> <span class='ocrx_word' id='word_1_158' title='bbox 1745 373 1790 401; x_wconf 77' lang='grc' dir='ltr'>καὶ</span> 
     </span>
     <span class='ocr_line' id='line_1_22' title="bbox 1026 413 1789 453; baseline 0.007 -12"><span class='ocrx_word' id='word_1_159' title='bbox 1026 413 1142 442; x_wconf 78' lang='grc' dir='ltr'>ἀδύνατα</span> <span class='ocrx_word' id='word_1_160' title='bbox 1158 415 1361 453; x_wconf 62' lang='grc' dir='ltr'>φαντάζονται),</span> <span class='ocrx_word' id='word_1_161' title='bbox 1378 415 1422 443; x_wconf 82' lang='grc' dir='ltr'>καὶ</span> <span class='ocrx_word' id='word_1_162' title='bbox 1436 416 1478 444; x_wconf 80' lang='grc' dir='ltr'>τὸν</span> <span class='ocrx_word' id='word_1_163' title='bbox 1493 418 1603 446; x_wconf 78' lang='grc' dir='ltr'>πλοῦτον</span> <span class='ocrx_word' id='word_1_164' title='bbox 1619 418 1732 453; x_wconf 83' lang='grc' dir='ltr'>ἐκείνων,</span> <span class='ocrx_word' id='word_1_165' title='bbox 1746 417 1789 446; x_wconf 77' lang='grc' dir='ltr'>τὸν</span> 
     </span>
     <span class='ocr_line' id='line_1_23' title="bbox 1024 459 1788 501; baseline 0.005 -13"><span class='ocrx_word' id='word_1_166' title='bbox 1024 460 1131 497; x_wconf 80' lang='grc' dir='ltr'>χρυσὸν,</span> <span class='ocrx_word' id='word_1_167' title='bbox 1149 460 1192 488; x_wconf 82' lang='grc' dir='ltr'>τὸν</span> <span class='ocrx_word' id='word_1_168' title='bbox 1216 460 1338 499; x_wconf 77' lang='grc' dir='ltr'>ἄργυρον,</span> <span class='ocrx_word' id='word_1_169' title='bbox 1354 459 1387 488; x_wconf 85' lang='grc' dir='ltr'>τὰ</span> <span class='ocrx_word' id='word_1_170' title='bbox 1400 460 1493 498; x_wconf 83' lang='grc' dir='ltr'>ἱμάτια</span> <span class='ocrx_word' id='word_1_171' title='bbox 1507 461 1540 489; x_wconf 79' lang='grc' dir='ltr'>τὰ</span> <span class='ocrx_word' id='word_1_172' title='bbox 1555 463 1668 501; x_wconf 79' lang='grc' dir='ltr'>σηρικὰ,</span> <span class='ocrx_word' id='word_1_173' title='bbox 1681 464 1714 492; x_wconf 76' lang='grc' dir='ltr'>τὰ</span> <span class='ocrx_word' id='word_1_174' title='bbox 1729 463 1788 492; x_wconf 77' lang='grc' dir='ltr'>διοί-</span> 
     </span>
     <span class='ocr_line' id='line_1_24' title="bbox 1024 505 1788 547; baseline 0.007 -15"><span class='ocrx_word' id='word_1_175' title='bbox 1024 515 1109 542; x_wconf 76' lang='grc' dir='ltr'>χρυσα</span> <span class='ocrx_word' id='word_1_176' title='bbox 1128 505 1215 533; x_wconf 79' lang='grc' dir='ltr'>πάντα</span> <span class='ocrx_word' id='word_1_177' title='bbox 1237 505 1391 543; x_wconf 77' lang='grc' dir='ltr'>αὐτομάτιι)ς</span> <span class='ocrx_word' id='word_1_178' title='bbox 1406 505 1498 538; x_wconf 81' lang='grc' dir='ltr'>εἰςτὰς</span> <span class='ocrx_word' id='word_1_179' title='bbox 1515 506 1561 539; x_wconf 76' lang='grc' dir='ltr'>σὰς</span> <span class='ocrx_word' id='word_1_180' title='bbox 1579 512 1670 547; x_wconf 78' lang='grc' dir='ltr'>χεῖρας</span> <span class='ocrx_word' id='word_1_181' title='bbox 1685 509 1767 537; x_wconf 79' lang='grc' dir='ltr'>ἐλθεῖν</span> <span class='ocrx_word' id='word_1_182' title='bbox 1781 519 1788 526; x_wconf 88' lang='grc'><em>·</em></span> 
     </span>
     <span class='ocr_line' id='line_1_25' title="bbox 1023 549 1787 588; baseline 0.004 -11"><span class='ocrx_word' id='word_1_183' title='bbox 1023 549 1049 577; x_wconf 86' lang='grc' dir='ltr'>τί</span> <span class='ocrx_word' id='word_1_184' title='bbox 1063 550 1092 578; x_wconf 79' lang='grc' dir='ltr'>τὸ</span> <span class='ocrx_word' id='word_1_185' title='bbox 1107 549 1210 588; x_wconf 72' lang='grc' dir='ltr'>κέρδοςς</span> <span class='ocrx_word' id='word_1_186' title='bbox 1225 551 1306 582; x_wconf 81' lang='grc' dir='ltr'>οὕτως</span> <span class='ocrx_word' id='word_1_187' title='bbox 1319 550 1349 578; x_wconf 84' lang='grc' dir='ltr'>ἂν</span> <span class='ocrx_word' id='word_1_188' title='bbox 1374 551 1489 588; x_wconf 81' lang='grc' dir='ltr'>μάλιστα</span> <span class='ocrx_word' id='word_1_189' title='bbox 1507 551 1614 585; x_wconf 78' lang='grc' dir='ltr'>θάνατός</span> <span class='ocrx_word' id='word_1_190' title='bbox 1628 565 1657 581; x_wconf 84' lang='grc' dir='ltr'>σε</span> <span class='ocrx_word' id='word_1_191' title='bbox 1673 553 1787 582; x_wconf 81' lang='grc' dir='ltr'>κατέλα-</span> 
     </span>
     <span class='ocr_line' id='line_1_26' title="bbox 1023 594 1786 635; baseline 0.007 -13"><span class='ocrx_word' id='word_1_192' title='bbox 1023 594 1078 630; x_wconf 75' lang='grc' dir='ltr'>6εν,</span> <span class='ocrx_word' id='word_1_193' title='bbox 1097 596 1249 635; x_wconf 81' lang='grc' dir='ltr'>ἀρτοκόπων</span> <span class='ocrx_word' id='word_1_194' title='bbox 1271 596 1317 624; x_wconf 79' lang='grc' dir='ltr'>οὐκ</span> <span class='ocrx_word' id='word_1_195' title='bbox 1335 596 1426 632; x_wconf 80' lang='grc' dir='ltr'>ὄντων,</span> <span class='ocrx_word' id='word_1_196' title='bbox 1439 598 1560 635; x_wconf 81' lang='grc' dir='ltr'>γεωργῶν</span> <span class='ocrx_word' id='word_1_197' title='bbox 1575 599 1620 626; x_wconf 87' lang='grc' dir='ltr'>οὔκ</span> <span class='ocrx_word' id='word_1_198' title='bbox 1634 598 1724 633; x_wconf 79' lang='grc' dir='ltr'>ὄντων,</span> <span class='ocrx_word' id='word_1_199' title='bbox 1739 601 1786 634; x_wconf 85' lang='grc' dir='ltr'>θη-</span> 
     </span>
     <span class='ocr_line' id='line_1_27' title="bbox 1024 640 1786 680; baseline 0.005 -12"><span class='ocrx_word' id='word_1_200' title='bbox 1024 640 1084 679; x_wconf 87' lang='grc' dir='ltr'>ρίων</span> <span class='ocrx_word' id='word_1_201' title='bbox 1105 641 1310 678; x_wconf 80' lang='grc' dir='ltr'>ἐπινεμομένων,</span> <span class='ocrx_word' id='word_1_202' title='bbox 1339 642 1468 679; x_wconf 78' lang='grc' dir='ltr'>δαιμόνων</span> <span class='ocrx_word' id='word_1_203' title='bbox 1494 642 1716 680; x_wconf 75' lang='grc' dir='ltr'>ἐκδειματούντων</span> <span class='ocrx_word' id='word_1_204' title='bbox 1745 656 1786 673; x_wconf 84' lang='grc' dir='ltr'>σοι</span> 
     </span>
     <span class='ocr_line' id='line_1_28' title="bbox 1021 685 1786 727; baseline 0.007 -14"><span class='ocrx_word' id='word_1_205' title='bbox 1021 685 1068 720; x_wconf 78' lang='grc' dir='ltr'>τὴν</span> <span class='ocrx_word' id='word_1_206' title='bbox 1090 686 1186 724; x_wconf 75' lang='grc' dir='ltr'>ψυχήν.</span> <span class='ocrx_word' id='word_1_207' title='bbox 1202 687 1254 715; x_wconf 72' lang='grc' dir='ltr'>Καὶ</span> <span class='ocrx_word' id='word_1_208' title='bbox 1274 690 1316 716; x_wconf 78' lang='grc' dir='ltr'>νῦν</span> <span class='ocrx_word' id='word_1_209' title='bbox 1334 686 1380 725; x_wconf 78' lang='grc' dir='ltr'>μὲν</span> <span class='ocrx_word' id='word_1_210' title='bbox 1398 687 1476 722; x_wconf 83' lang='grc' dir='ltr'>αὐτὴν</span> <span class='ocrx_word' id='word_1_211' title='bbox 1502 688 1643 727; x_wconf 80' lang='grc' dir='ltr'>κατέχουσι</span> <span class='ocrx_word' id='word_1_212' title='bbox 1665 688 1786 726; x_wconf 76' lang='grc' dir='ltr'>δαίμονες</span> 
     </span>
     <span class='ocr_line' id='line_1_29' title="bbox 1021 731 1785 772; baseline 0.005 -13"><span class='ocrx_word' id='word_1_213' title='bbox 1021 731 1065 759; x_wconf 81' lang='grc' dir='ltr'>καὶ</span> <span class='ocrx_word' id='word_1_214' title='bbox 1084 732 1192 760; x_wconf 86' lang='grc' dir='ltr'>πολλοί·</span> <span class='ocrx_word' id='word_1_215' title='bbox 1204 731 1263 760; x_wconf 82' lang='grc' dir='ltr'>τότε</span> <span class='ocrx_word' id='word_1_216' title='bbox 1278 732 1305 761; x_wconf 77' lang='grc' dir='ltr'>δὲ</span> <span class='ocrx_word' id='word_1_217' title='bbox 1326 733 1357 761; x_wconf 78' lang='grc' dir='ltr'>ἄν</span> <span class='ocrx_word' id='word_1_218' title='bbox 1377 745 1406 762; x_wconf 86' lang='grc' dir='ltr'>σε</span> <span class='ocrx_word' id='word_1_219' title='bbox 1425 733 1470 761; x_wconf 79' lang='grc' dir='ltr'>καὶ</span> <span class='ocrx_word' id='word_1_220' title='bbox 1484 734 1519 765; x_wconf 86' lang='grc' dir='ltr'>εἷς</span> <span class='ocrx_word' id='word_1_221' title='bbox 1535 733 1659 769; x_wconf 79' lang='grc' dir='ltr'>ἔκπληξιν</span> <span class='ocrx_word' id='word_1_222' title='bbox 1674 733 1785 772; x_wconf 81' lang='grc' dir='ltr'>ἤγαγον,</span> 
     </span>
    </p>
   </div>
   <div class='ocr_carea' id='block_1_7' title="bbox 986 777 1784 818">
    <p class='ocr_par' dir='ltr' id='par_1_7' title="bbox 986 777 1784 818">
     <span class='ocr_line' id='line_1_30' title="bbox 1039 777 1754 793; baseline 0.003 -6"><span class='ocrx_word' id='word_1_223' title='bbox 1039 777 1051 786; x_wconf 43' lang='grc' dir='ltr'>ἢ</span> <span class='ocrx_word' id='word_1_224' title='bbox 1105 779 1112 787; x_wconf 63' lang='grc' dir='ltr'><strong><em>τ</em></strong></span> <span class='ocrx_word' id='word_1_225' title='bbox 1134 777 1145 793; x_wconf 60' lang='grc' dir='ltr'>,Ι</span> <span class='ocrx_word' id='word_1_226' title='bbox 1209 778 1216 788; x_wconf 63' lang='lat' dir='ltr'>a</span> <span class='ocrx_word' id='word_1_227' title='bbox 1250 777 1256 787; x_wconf 82' lang='lat' dir='ltr'><em>l</em></span> <span class='ocrx_word' id='word_1_228' title='bbox 1365 778 1372 788; x_wconf 63' lang='lat' dir='ltr'>s</span> <span class='ocrx_word' id='word_1_229' title='bbox 1427 779 1433 789; x_wconf 62' lang='grc' dir='ltr'>ν</span> <span class='ocrx_word' id='word_1_230' title='bbox 1471 780 1478 789; x_wconf 66' lang='lat'>³</span> <span class='ocrx_word' id='word_1_231' title='bbox 1526 780 1533 789; x_wconf 70' lang='lat'><em>3</em></span> <span class='ocrx_word' id='word_1_232' title='bbox 1609 779 1614 787; x_wconf 73' lang='grc' dir='ltr'><strong><em>Ι</em></strong></span> <span class='ocrx_word' id='word_1_233' title='bbox 1748 779 1754 789; x_wconf 78' lang='grc' dir='ltr'>ι</span> 
     </span>
     <span class='ocr_line' id='line_1_31' title="bbox 986 779 1784 818; baseline 0.004 -14"><span class='ocrx_word' id='word_1_234' title='bbox 986 790 1002 812; x_wconf 79' lang='lat'>1:</span> <span class='ocrx_word' id='word_1_235' title='bbox 1021 788 1068 804; x_wconf 89' lang='grc' dir='ltr'>καν</span> <span class='ocrx_word' id='word_1_236' title='bbox 1089 779 1180 810; x_wconf 70' lang='grc' dir='ltr'>ευθεως</span> <span class='ocrx_word' id='word_1_237' title='bbox 1202 779 1350 807; x_wconf 83' lang='grc' dir='ltr'>απωλεσαν.</span> <span class='ocrx_word' id='word_1_238' title='bbox 1370 780 1424 807; x_wconf 83' lang='grc' dir='ltr'>Αλλ</span> <span class='ocrx_word' id='word_1_239' title='bbox 1454 790 1500 807; x_wconf 78' lang='grc' dir='ltr'>ουκ</span> <span class='ocrx_word' id='word_1_240' title='bbox 1522 779 1678 816; x_wconf 72' lang='grc' dir='ltr'>εὸουλομην,</span> <span class='ocrx_word' id='word_1_241' title='bbox 1694 790 1784 818; x_wconf 82' lang='grc' dir='ltr'>φησιν,</span> 
     </span>
    </p>
   </div>
   <div class='ocr_carea' id='block_1_8' title="bbox 1018 818 1784 908">
    <p class='ocr_par' dir='ltr' id='par_1_8' title="bbox 1018 818 1784 908">
     <span class='ocr_line' id='line_1_32' title="bbox 1020 818 1784 863; baseline 0.004 -13"><span class='ocrx_word' id='word_1_242' title='bbox 1020 823 1077 850; x_wconf 82' lang='grc' dir='ltr'>ἀλλ’</span> <span class='ocrx_word' id='word_1_243' title='bbox 1090 818 1155 851; x_wconf 65' lang='grc' dir='ltr'>εἶναι</span> <span class='ocrx_word' id='word_1_244' title='bbox 1169 824 1213 851; x_wconf 82' lang='grc' dir='ltr'>καὶ</span> <span class='ocrx_word' id='word_1_245' title='bbox 1227 823 1356 863; x_wconf 73' lang='grc' dir='ltr'>γεωργοὺς</span> <span class='ocrx_word' id='word_1_246' title='bbox 1373 824 1417 852; x_wconf 79' lang='grc' dir='ltr'>καὶ</span> <span class='ocrx_word' id='word_1_247' title='bbox 1435 824 1603 863; x_wconf 79' lang='grc' dir='ltr'>ἀρτοκόπους.</span> <span class='ocrx_word' id='word_1_248' title='bbox 1617 824 1686 853; x_wconf 81' lang='grc' dir='ltr'>Ἀλλ’</span> <span class='ocrx_word' id='word_1_249' title='bbox 1702 825 1784 863; x_wconf 85' lang='grc' dir='ltr'>ἔμελ-</span> 
     </span>
     <span class='ocr_line' id='line_1_33' title="bbox 1018 869 1783 908; baseline 0.005 -13"><span class='ocrx_word' id='word_1_250' title='bbox 1018 869 1061 896; x_wconf 87' lang='grc' dir='ltr'>λον</span> <span class='ocrx_word' id='word_1_251' title='bbox 1086 869 1201 896; x_wconf 66' lang='grc' dir='ltr'>κάκεῖνοι</span> <span class='ocrx_word' id='word_1_252' title='bbox 1221 869 1347 908; x_wconf 74' lang='grc' dir='ltr'>δαπανᾷν.</span> <span class='ocrx_word' id='word_1_253' title='bbox 1373 869 1441 898; x_wconf 75' lang='grc' dir='ltr'>Ἀλλ’</span> <span class='ocrx_word' id='word_1_254' title='bbox 1459 870 1504 898; x_wconf 75' lang='grc' dir='ltr'>οὐκ</span> <span class='ocrx_word' id='word_1_255' title='bbox 1523 869 1668 907; x_wconf 69' lang='grc' dir='ltr'>ἐὸουλόμην</span> <span class='ocrx_word' id='word_1_256' title='bbox 1692 870 1783 903; x_wconf 74' lang='grc' dir='ltr'>αὐτοὺς</span> 
     </span>
    </p>
   </div>
   <div class='ocr_carea' id='block_1_9' title="bbox 226 914 1782 1000">
    <p class='ocr_par' dir='ltr' id='par_1_9' title="bbox 226 914 1782 1000">
     <span class='ocr_line' id='line_1_34' title="bbox 227 914 1782 955; baseline 0.001 -12"><span class='ocrx_word' id='word_1_257' title='bbox 227 915 324 954; x_wconf 77' lang='lat' dir='ltr'>piditas</span> <span class='ocrx_word' id='word_1_258' title='bbox 346 923 394 943; x_wconf 84' lang='lat' dir='ltr'>est.</span> <span class='ocrx_word' id='word_1_259' title='bbox 412 914 486 950; x_wconf 83' lang='lat' dir='ltr'>Quid</span> <span class='ocrx_word' id='word_1_260' title='bbox 500 925 563 944; x_wconf 78' lang='lat' dir='ltr'>vero</span> <span class='ocrx_word' id='word_1_261' title='bbox 577 915 620 943; x_wconf 86' lang='lat' dir='ltr'>his</span> <span class='ocrx_word' id='word_1_262' title='bbox 635 916 720 954; x_wconf 79' lang='lat' dir='ltr'>magis</span> <span class='ocrx_word' id='word_1_263' title='bbox 742 915 889 944; x_wconf 88' lang='lat' dir='ltr'>ridiculum</span> <span class='ocrx_word' id='word_1_264' title='bbox 907 916 964 944; x_wconf 81' lang='lat' dir='ltr'>fue·</span> <span class='ocrx_word' id='word_1_265' title='bbox 973 935 1008 954; x_wconf 72' lang='lat'>702¹</span> <span class='ocrx_word' id='word_1_266' title='bbox 1020 914 1146 952; x_wconf 73' lang='grc' dir='ltr'>δαπανᾷν.</span> <span class='ocrx_word' id='word_1_267' title='bbox 1159 914 1250 946; x_wconf 74' lang='grc' dir='ltr'>Οὕτως</span> <span class='ocrx_word' id='word_1_268' title='bbox 1271 914 1408 954; x_wconf 79' lang='grc' dir='ltr'>ἀκόρεστος</span> <span class='ocrx_word' id='word_1_269' title='bbox 1421 917 1438 949; x_wconf 78' lang='grc' dir='ltr'><strong>ἡ</strong></span> <span class='ocrx_word' id='word_1_270' title='bbox 1451 915 1576 953; x_wconf 80' lang='grc' dir='ltr'>ἐπιθυμία</span> <span class='ocrx_word' id='word_1_271' title='bbox 1594 915 1669 951; x_wconf 81' lang='grc' dir='ltr'>αὕτη.</span> <span class='ocrx_word' id='word_1_272' title='bbox 1685 915 1721 945; x_wconf 88' lang='grc' dir='ltr'>Τί</span> <span class='ocrx_word' id='word_1_273' title='bbox 1731 916 1782 955; x_wconf 82' lang='grc' dir='ltr'>γὰρ</span> 
     </span>
     <span class='ocr_line' id='line_1_35' title="bbox 226 956 1782 1000; baseline 0.003 -11"><span class='ocrx_word' id='word_1_274' title='bbox 226 961 281 990; x_wconf 71' lang='lat' dir='ltr'>rit?</span> <span class='ocrx_word' id='word_1_275' title='bbox 297 961 424 991; x_wconf 76' lang='lat' dir='ltr'>Vidistin&#39;</span> <span class='ocrx_word' id='word_1_276' title='bbox 442 960 520 989; x_wconf 89' lang='lat' dir='ltr'>illum</span> <span class='ocrx_word' id='word_1_277' title='bbox 536 972 563 989; x_wconf 83' lang='lat' dir='ltr'>ea</span> <span class='ocrx_word' id='word_1_278' title='bbox 579 961 648 990; x_wconf 87' lang='lat' dir='ltr'>velle</span> <span class='ocrx_word' id='word_1_279' title='bbox 662 972 720 999; x_wconf 84' lang='lat' dir='ltr'>quae</span> <span class='ocrx_word' id='word_1_280' title='bbox 735 972 790 990; x_wconf 84' lang='lat' dir='ltr'>esse</span> <span class='ocrx_word' id='word_1_281' title='bbox 804 961 962 1000; x_wconf 73' lang='lat' dir='ltr'>nequeunt?</span> <span class='ocrx_word' id='word_1_282' title='bbox 981 963 1000 985; x_wconf 83' lang='grc' dir='ltr'><strong>Α</strong></span> <span class='ocrx_word' id='word_1_283' title='bbox 1018 960 1049 988; x_wconf 81' lang='grc' dir='ltr'>ἂν</span> <span class='ocrx_word' id='word_1_284' title='bbox 1069 959 1108 995; x_wconf 88' lang='grc' dir='ltr'>εἴη</span> <span class='ocrx_word' id='word_1_285' title='bbox 1124 959 1220 988; x_wconf 82' lang='grc' dir='ltr'>τούτων</span> <span class='ocrx_word' id='word_1_286' title='bbox 1245 960 1518 999; x_wconf 77' lang='grc' dir='ltr'>καταγελαστότερον;</span> <span class='ocrx_word' id='word_1_287' title='bbox 1540 956 1615 994; x_wconf 70' lang='grc' dir='ltr'>Εἶδες</span> <span class='ocrx_word' id='word_1_288' title='bbox 1631 961 1782 1000; x_wconf 67' lang='grc' dir='ltr'>ἀμηχανίαν</span> 
     </span>
    </p>
   </div>
   <div class='ocr_carea' id='block_1_10' title="bbox 217 1006 962 1909">
    <p class='ocr_par' dir='ltr' id='par_1_10' title="bbox 217 1006 962 1909">
     <span class='ocr_line' id='line_1_36' title="bbox 225 1006 962 1045; baseline 0.001 -11"><span class='ocrx_word' id='word_1_289' title='bbox 225 1006 283 1035; x_wconf 80' lang='lat' dir='ltr'>vult</span> <span class='ocrx_word' id='word_1_290' title='bbox 294 1007 393 1035; x_wconf 88' lang='lat' dir='ltr'>multos</span> <span class='ocrx_word' id='word_1_291' title='bbox 407 1016 461 1035; x_wconf 85' lang='lat' dir='ltr'>esse</span> <span class='ocrx_word' id='word_1_292' title='bbox 474 1006 520 1045; x_wconf 88' lang='lat' dir='ltr'>qui</span> <span class='ocrx_word' id='word_1_293' title='bbox 531 1006 582 1034; x_wconf 87' lang='lat' dir='ltr'>sibi</span> <span class='ocrx_word' id='word_1_294' title='bbox 595 1006 756 1044; x_wconf 77' lang='lat' dir='ltr'>ministrent,</span> <span class='ocrx_word' id='word_1_295' title='bbox 768 1013 793 1035; x_wconf 90' lang='lat' dir='ltr'>et</span> <span class='ocrx_word' id='word_1_296' title='bbox 803 1006 875 1035; x_wconf 84' lang='lat' dir='ltr'>dolet</span> <span class='ocrx_word' id='word_1_297' title='bbox 889 1007 962 1045; x_wconf 86' lang='lat' dir='ltr'>quod</span> 
     </span>
     <span class='ocr_line' id='line_1_37' title="bbox 225 1052 960 1091; baseline 0.001 -11"><span class='ocrx_word' id='word_1_298' title='bbox 225 1053 265 1081; x_wconf 91' lang='lat' dir='ltr'>illi</span> <span class='ocrx_word' id='word_1_299' title='bbox 277 1053 337 1081; x_wconf 91' lang='lat' dir='ltr'>cibo</span> <span class='ocrx_word' id='word_1_300' title='bbox 348 1059 452 1091; x_wconf 77' lang='lat' dir='ltr'>egeant,</span> <span class='ocrx_word' id='word_1_301' title='bbox 461 1052 588 1090; x_wconf 84' lang='lat' dir='ltr'>quodque</span> <span class='ocrx_word' id='word_1_302' title='bbox 602 1052 741 1081; x_wconf 84' lang='lat' dir='ltr'>facultates</span> <span class='ocrx_word' id='word_1_303' title='bbox 754 1063 815 1081; x_wconf 84' lang='lat' dir='ltr'>suas</span> <span class='ocrx_word' id='word_1_304' title='bbox 830 1052 960 1082; x_wconf 83' lang='lat' dir='ltr'>minuant.</span> 
     </span>
     <span class='ocr_line' id='line_1_38' title="bbox 225 1097 961 1137; baseline 0.001 -11"><span class='ocrx_word' id='word_1_305' title='bbox 225 1098 298 1133; x_wconf 88' lang='lat' dir='ltr'>Quid</span> <span class='ocrx_word' id='word_1_306' title='bbox 314 1109 376 1136; x_wconf 82' lang='lat' dir='ltr'>ergo</span> <span class='ocrx_word' id='word_1_307' title='bbox 393 1098 437 1126; x_wconf 88' lang='lat' dir='ltr'>dic</span> <span class='ocrx_word' id='word_1_308' title='bbox 452 1097 517 1126; x_wconf 90' lang='lat' dir='ltr'>mihi</span> <span class='ocrx_word' id='word_1_309' title='bbox 527 1098 541 1125; x_wconf 68' lang='grc' dir='ltr'>ἶ)</span> <span class='ocrx_word' id='word_1_310' title='bbox 556 1097 596 1126; x_wconf 80' lang='lat' dir='ltr'>vis</span> <span class='ocrx_word' id='word_1_311' title='bbox 611 1097 731 1137; x_wconf 80' lang='lat' dir='ltr'>lapideos</span> <span class='ocrx_word' id='word_1_312' title='bbox 746 1108 801 1126; x_wconf 90' lang='lat' dir='ltr'>esse</span> <span class='ocrx_word' id='word_1_313' title='bbox 815 1097 935 1126; x_wconf 84' lang='lat' dir='ltr'>homines</span> <span class='ocrx_word' id='word_1_314' title='bbox 948 1099 961 1127; x_wconf 73' lang='lat'>.³</span> 
     </span>
     <span class='ocr_line' id='line_1_39' title="bbox 223 1144 960 1184; baseline 0.001 -11"><span class='ocrx_word' id='word_1_315' title='bbox 223 1144 286 1173; x_wconf 81' lang='lat' dir='ltr'>Haee</span> <span class='ocrx_word' id='word_1_316' title='bbox 302 1145 388 1173; x_wconf 88' lang='lat' dir='ltr'>omnia</span> <span class='ocrx_word' id='word_1_317' title='bbox 406 1145 490 1172; x_wconf 88' lang='lat' dir='ltr'>risum</span> <span class='ocrx_word' id='word_1_318' title='bbox 503 1145 637 1172; x_wconf 73' lang='lat' dir='ltr'>moventia</span> <span class='ocrx_word' id='word_1_319' title='bbox 652 1151 728 1181; x_wconf 89' lang='lat' dir='ltr'>sunt,</span> <span class='ocrx_word' id='word_1_320' title='bbox 739 1144 847 1182; x_wconf 83' lang='lat' dir='ltr'>fluctus,</span> <span class='ocrx_word' id='word_1_321' title='bbox 859 1145 960 1184; x_wconf 83' lang='lat' dir='ltr'>procel-</span> 
     </span>
     <span class='ocr_line' id='line_1_40' title="bbox 222 1191 957 1231; baseline 0.003 -12"><span class='ocrx_word' id='word_1_322' title='bbox 222 1191 258 1226; x_wconf 87' lang='lat' dir='ltr'>la,</span> <span class='ocrx_word' id='word_1_323' title='bbox 269 1191 372 1227; x_wconf 87' lang='lat' dir='ltr'>hiems,</span> <span class='ocrx_word' id='word_1_324' title='bbox 389 1197 544 1230; x_wconf 81' lang='lat' dir='ltr'>tempestas,</span> <span class='ocrx_word' id='word_1_325' title='bbox 560 1191 644 1219; x_wconf 87' lang='lat' dir='ltr'>multa</span> <span class='ocrx_word' id='word_1_326' title='bbox 660 1191 755 1220; x_wconf 78' lang='lat' dir='ltr'>animoe</span> <span class='ocrx_word' id='word_1_327' title='bbox 769 1192 937 1231; x_wconf 81' lang='lat' dir='ltr'>perturbatio</span> <span class='ocrx_word' id='word_1_328' title='bbox 951 1204 957 1220; x_wconf 89' lang='lat'>:</span> 
     </span>
     <span class='ocr_line' id='line_1_41' title="bbox 221 1237 960 1276; baseline 0.003 -11"><span class='ocrx_word' id='word_1_329' title='bbox 221 1247 325 1276; x_wconf 82' lang='lat' dir='ltr'>semper</span> <span class='ocrx_word' id='word_1_330' title='bbox 344 1237 437 1272; x_wconf 65' lang='lat' dir='ltr'>esurit,</span> <span class='ocrx_word' id='word_1_331' title='bbox 461 1247 565 1276; x_wconf 84' lang='lat' dir='ltr'>semper</span> <span class='ocrx_word' id='word_1_332' title='bbox 578 1237 646 1266; x_wconf 90' lang='lat' dir='ltr'>sitit.</span> <span class='ocrx_word' id='word_1_333' title='bbox 666 1238 718 1266; x_wconf 89' lang='lat' dir='ltr'>Dic</span> <span class='ocrx_word' id='word_1_334' title='bbox 735 1248 797 1266; x_wconf 76' lang='lat' dir='ltr'>vero</span> <span class='ocrx_word' id='word_1_335' title='bbox 818 1238 896 1273; x_wconf 87' lang='lat' dir='ltr'>mihi,</span> <span class='ocrx_word' id='word_1_336' title='bbox 913 1249 960 1267; x_wconf 86' lang='lat' dir='ltr'>an-</span> 
     </span>
     <span class='ocr_line' id='line_1_42' title="bbox 220 1283 958 1323; baseline 0.003 -12"><span class='ocrx_word' id='word_1_337' title='bbox 220 1293 272 1311; x_wconf 90' lang='lat' dir='ltr'>non</span> <span class='ocrx_word' id='word_1_338' title='bbox 291 1283 372 1322; x_wconf 83' lang='lat' dir='ltr'>hujus</span> <span class='ocrx_word' id='word_1_339' title='bbox 396 1283 597 1318; x_wconf 79' lang='lat' dir='ltr'>miserebimur,</span> <span class='ocrx_word' id='word_1_340' title='bbox 613 1293 697 1322; x_wconf 86' lang='lat' dir='ltr'>neque</span> <span class='ocrx_word' id='word_1_341' title='bbox 716 1284 863 1313; x_wconf 72' lang='lat' dir='ltr'>flebimus?</span> <span class='ocrx_word' id='word_1_342' title='bbox 876 1285 958 1323; x_wconf 87' lang='lat' dir='ltr'>Atqui</span> 
     </span>
     <span class='ocr_line' id='line_1_43' title="bbox 219 1326 959 1366; baseline 0.003 -11"><span class='ocrx_word' id='word_1_343' title='bbox 219 1327 245 1355; x_wconf 93' lang='lat' dir='ltr'>in</span> <span class='ocrx_word' id='word_1_344' title='bbox 258 1327 414 1366; x_wconf 86' lang='lat' dir='ltr'>corporibus</span> <span class='ocrx_word' id='word_1_345' title='bbox 431 1327 487 1355; x_wconf 75' lang='lat' dir='ltr'>haec</span> <span class='ocrx_word' id='word_1_346' title='bbox 504 1326 561 1355; x_wconf 88' lang='lat' dir='ltr'>lues</span> <span class='ocrx_word' id='word_1_347' title='bbox 575 1334 613 1355; x_wconf 89' lang='lat' dir='ltr'>est</span> <span class='ocrx_word' id='word_1_348' title='bbox 628 1327 798 1365; x_wconf 80' lang='lat' dir='ltr'>gravissima,</span> <span class='ocrx_word' id='word_1_349' title='bbox 810 1339 891 1366; x_wconf 86' lang='lat' dir='ltr'>quam</span> <span class='ocrx_word' id='word_1_350' title='bbox 903 1339 959 1357; x_wconf 91' lang='lat' dir='ltr'>me-</span> 
     </span>
     <span class='ocr_line' id='line_1_44' title="bbox 218 1370 959 1410; baseline 0.001 -10"><span class='ocrx_word' id='word_1_351' title='bbox 218 1370 272 1400; x_wconf 87' lang='lat' dir='ltr'>dici</span> <span class='ocrx_word' id='word_1_352' title='bbox 286 1371 424 1409; x_wconf 74' lang='grc' dir='ltr'>βουλιμίαν</span> <span class='ocrx_word' id='word_1_353' title='bbox 439 1377 551 1407; x_wconf 72' lang='lat' dir='ltr'>vocant,</span> <span class='ocrx_word' id='word_1_354' title='bbox 567 1381 627 1399; x_wconf 89' lang='lat' dir='ltr'>cum</span> <span class='ocrx_word' id='word_1_355' title='bbox 643 1371 702 1409; x_wconf 89' lang='lat' dir='ltr'>quis</span> <span class='ocrx_word' id='word_1_356' title='bbox 720 1371 787 1400; x_wconf 87' lang='lat' dir='ltr'>cibis</span> <span class='ocrx_word' id='word_1_357' title='bbox 809 1372 959 1410; x_wconf 82' lang='lat' dir='ltr'>ingurgita-</span> 
     </span>
     <span class='ocr_line' id='line_1_45' title="bbox 218 1414 957 1453; baseline 0.003 -11"><span class='ocrx_word' id='word_1_358' title='bbox 218 1421 261 1443; x_wconf 84' lang='lat' dir='ltr'>tus</span> <span class='ocrx_word' id='word_1_359' title='bbox 276 1421 301 1442; x_wconf 92' lang='lat' dir='ltr'>et</span> <span class='ocrx_word' id='word_1_360' title='bbox 315 1415 458 1453; x_wconf 85' lang='lat' dir='ltr'>impletus,</span> <span class='ocrx_word' id='word_1_361' title='bbox 475 1414 572 1442; x_wconf 88' lang='lat' dir='ltr'>famem</span> <span class='ocrx_word' id='word_1_362' title='bbox 587 1414 680 1443; x_wconf 86' lang='lat' dir='ltr'>sedare</span> <span class='ocrx_word' id='word_1_363' title='bbox 700 1416 809 1453; x_wconf 87' lang='lat' dir='ltr'>nequit:</span> <span class='ocrx_word' id='word_1_364' title='bbox 821 1415 848 1444; x_wconf 91' lang='lat' dir='ltr'>in</span> <span class='ocrx_word' id='word_1_365' title='bbox 869 1416 957 1444; x_wconf 86' lang='lat' dir='ltr'>anima</span> 
     </span>
     <span class='ocr_line' id='line_1_46' title="bbox 219 1459 956 1499; baseline 0.003 -12"><span class='ocrx_word' id='word_1_366' title='bbox 219 1466 307 1488; x_wconf 88' lang='lat' dir='ltr'>autem</span> <span class='ocrx_word' id='word_1_367' title='bbox 323 1459 356 1487; x_wconf 92' lang='lat' dir='ltr'>de</span> <span class='ocrx_word' id='word_1_368' title='bbox 368 1459 414 1487; x_wconf 87' lang='lat' dir='ltr'>tali</span> <span class='ocrx_word' id='word_1_369' title='bbox 428 1459 522 1487; x_wconf 83' lang='lat' dir='ltr'>morbo</span> <span class='ocrx_word' id='word_1_370' title='bbox 534 1470 585 1487; x_wconf 91' lang='lat' dir='ltr'>non</span> <span class='ocrx_word' id='word_1_371' title='bbox 597 1459 831 1499; x_wconf 74' lang='lat' dir='ltr'>lacrymabimur?</span> <span class='ocrx_word' id='word_1_372' title='bbox 844 1461 956 1489; x_wconf 86' lang='lat' dir='ltr'>Insatia-</span> 
     </span>
     <span class='ocr_line' id='line_1_47' title="bbox 219 1504 956 1545; baseline 0.004 -13"><span class='ocrx_word' id='word_1_373' title='bbox 219 1504 311 1533; x_wconf 78' lang='lat' dir='ltr'>bilitas</span> <span class='ocrx_word' id='word_1_374' title='bbox 325 1504 394 1533; x_wconf 82' lang='lat' dir='ltr'>enim</span> <span class='ocrx_word' id='word_1_375' title='bbox 417 1504 444 1532; x_wconf 87' lang='lat' dir='ltr'>in</span> <span class='ocrx_word' id='word_1_376' title='bbox 469 1504 556 1533; x_wconf 83' lang='lat' dir='ltr'>anima</span> <span class='ocrx_word' id='word_1_377' title='bbox 577 1512 616 1533; x_wconf 89' lang='lat' dir='ltr'>est</span> <span class='ocrx_word' id='word_1_378' title='bbox 638 1506 758 1544; x_wconf 69' lang='lat' dir='ltr'>pecuniae</span> <span class='ocrx_word' id='word_1_379' title='bbox 773 1506 882 1545; x_wconf 89' lang='lat' dir='ltr'>cupido,</span> <span class='ocrx_word' id='word_1_380' title='bbox 898 1517 956 1544; x_wconf 78' lang='lat' dir='ltr'>quae</span> 
     </span>
     <span class='ocr_line' id='line_1_48' title="bbox 219 1550 955 1589; baseline 0.003 -11"><span class='ocrx_word' id='word_1_381' title='bbox 219 1550 311 1578; x_wconf 84' lang='lat' dir='ltr'>multis</span> <span class='ocrx_word' id='word_1_382' title='bbox 330 1550 439 1588; x_wconf 85' lang='lat' dir='ltr'>quidem</span> <span class='ocrx_word' id='word_1_383' title='bbox 460 1550 599 1589; x_wconf 80' lang='lat' dir='ltr'>impletur,</span> <span class='ocrx_word' id='word_1_384' title='bbox 615 1562 761 1589; x_wconf 78' lang='lat' dir='ltr'>numquam</span> <span class='ocrx_word' id='word_1_385' title='bbox 781 1559 868 1580; x_wconf 86' lang='lat' dir='ltr'>antem</span> <span class='ocrx_word' id='word_1_386' title='bbox 883 1552 955 1580; x_wconf 86' lang='lat' dir='ltr'>sisti-</span> 
     </span>
     <span class='ocr_line' id='line_1_49' title="bbox 220 1595 954 1635; baseline 0.004 -12"><span class='ocrx_word' id='word_1_387' title='bbox 220 1602 272 1631; x_wconf 86' lang='lat' dir='ltr'>tur,</span> <span class='ocrx_word' id='word_1_388' title='bbox 286 1595 332 1623; x_wconf 87' lang='lat' dir='ltr'>sed</span> <span class='ocrx_word' id='word_1_389' title='bbox 345 1606 360 1623; x_wconf 87' lang='lat' dir='ltr'>a</span> <span class='ocrx_word' id='word_1_390' title='bbox 373 1595 518 1634; x_wconf 80' lang='lat' dir='ltr'>cupiditate</span> <span class='ocrx_word' id='word_1_391' title='bbox 536 1606 640 1635; x_wconf 87' lang='lat' dir='ltr'>semper</span> <span class='ocrx_word' id='word_1_392' title='bbox 655 1597 829 1625; x_wconf 84' lang='lat' dir='ltr'>distenditur.</span> <span class='ocrx_word' id='word_1_393' title='bbox 848 1599 916 1626; x_wconf 88' lang='lat' dir='ltr'>Nam</span> <span class='ocrx_word' id='word_1_394' title='bbox 932 1598 954 1626; x_wconf 89' lang='lat' dir='ltr'>si</span> 
     </span>
     <span class='ocr_line' id='line_1_50' title="bbox 218 1641 955 1682; baseline 0.004 -13"><span class='ocrx_word' id='word_1_395' title='bbox 218 1641 366 1670; x_wconf 86' lang='lat' dir='ltr'>elleborum</span> <span class='ocrx_word' id='word_1_396' title='bbox 389 1651 492 1670; x_wconf 81' lang='lat' dir='ltr'>sumere</span> <span class='ocrx_word' id='word_1_397' title='bbox 514 1649 656 1681; x_wconf 84' lang='lat' dir='ltr'>oporteret,</span> <span class='ocrx_word' id='word_1_398' title='bbox 680 1650 726 1671; x_wconf 86' lang='lat' dir='ltr'>aut</span> <span class='ocrx_word' id='word_1_399' title='bbox 748 1643 852 1681; x_wconf 85' lang='lat' dir='ltr'>aliquid</span> <span class='ocrx_word' id='word_1_400' title='bbox 877 1643 955 1682; x_wconf 85' lang='lat' dir='ltr'>longe</span> 
     </span>
     <span class='ocr_line' id='line_1_51' title="bbox 219 1686 955 1726; baseline 0.004 -12"><span class='ocrx_word' id='word_1_401' title='bbox 219 1686 345 1724; x_wconf 82' lang='lat' dir='ltr'>gravius,</span> <span class='ocrx_word' id='word_1_402' title='bbox 360 1693 388 1714; x_wconf 93' lang='lat' dir='ltr'>ut</span> <span class='ocrx_word' id='word_1_403' title='bbox 410 1687 445 1714; x_wconf 84' lang='lat' dir='ltr'>ab</span> <span class='ocrx_word' id='word_1_404' title='bbox 467 1687 518 1715; x_wconf 89' lang='lat' dir='ltr'>hoc</span> <span class='ocrx_word' id='word_1_405' title='bbox 542 1688 636 1716; x_wconf 88' lang='lat' dir='ltr'>morbo</span> <span class='ocrx_word' id='word_1_406' title='bbox 656 1688 844 1726; x_wconf 77' lang='lat' dir='ltr'>liberaremur,</span> <span class='ocrx_word' id='word_1_407' title='bbox 868 1699 955 1717; x_wconf 87' lang='lat' dir='ltr'>annon</span> 
     </span>
     <span class='ocr_line' id='line_1_52' title="bbox 218 1731 955 1771; baseline 0.004 -12"><span class='ocrx_word' id='word_1_408' title='bbox 218 1731 342 1760; x_wconf 82' lang='lat' dir='ltr'>alacriter</span> <span class='ocrx_word' id='word_1_409' title='bbox 364 1731 452 1760; x_wconf 88' lang='lat' dir='ltr'>omnia</span> <span class='ocrx_word' id='word_1_410' title='bbox 467 1732 620 1771; x_wconf 82' lang='lat' dir='ltr'>accipienda</span> <span class='ocrx_word' id='word_1_411' title='bbox 635 1733 743 1761; x_wconf 78' lang='lat' dir='ltr'>essent?</span> <span class='ocrx_word' id='word_1_412' title='bbox 756 1734 779 1761; x_wconf 86' lang='lat' dir='ltr'>N</span> <span class='ocrx_word' id='word_1_413' title='bbox 783 1744 816 1762; x_wconf 90' lang='lat' dir='ltr'>on</span> <span class='ocrx_word' id='word_1_414' title='bbox 831 1740 868 1762; x_wconf 89' lang='lat' dir='ltr'>est</span> <span class='ocrx_word' id='word_1_415' title='bbox 884 1741 955 1762; x_wconf 85' lang='lat' dir='ltr'>tanta</span> 
     </span>
     <span class='ocr_line' id='line_1_53' title="bbox 218 1777 956 1817; baseline 0.005 -13"><span class='ocrx_word' id='word_1_416' title='bbox 218 1777 393 1815; x_wconf 81' lang='lat' dir='ltr'>pecuniarum</span> <span class='ocrx_word' id='word_1_417' title='bbox 414 1788 518 1805; x_wconf 85' lang='lat' dir='ltr'>summa</span> <span class='ocrx_word' id='word_1_418' title='bbox 533 1789 591 1816; x_wconf 86' lang='lat' dir='ltr'>quae</span> <span class='ocrx_word' id='word_1_419' title='bbox 607 1779 691 1817; x_wconf 88' lang='lat' dir='ltr'>possit</span> <span class='ocrx_word' id='word_1_420' title='bbox 712 1779 888 1808; x_wconf 75' lang='lat' dir='ltr'>insatiabilem</span> <span class='ocrx_word' id='word_1_421' title='bbox 908 1780 956 1808; x_wconf 87' lang='lat' dir='ltr'>im-</span> 
     </span>
     <span class='ocr_line' id='line_1_54' title="bbox 218 1822 955 1863; baseline 0.004 -13"><span class='ocrx_word' id='word_1_422' title='bbox 218 1822 292 1861; x_wconf 87' lang='lat' dir='ltr'>plere</span> <span class='ocrx_word' id='word_1_423' title='bbox 311 1829 442 1851; x_wconf 62' lang='lat' dir='ltr'>ventrem.</span> <span class='ocrx_word' id='word_1_424' title='bbox 456 1823 515 1852; x_wconf 87' lang='lat' dir='ltr'>Non</span> <span class='ocrx_word' id='word_1_425' title='bbox 536 1823 617 1862; x_wconf 89' lang='lat' dir='ltr'>pudet</span> <span class='ocrx_word' id='word_1_426' title='bbox 637 1835 700 1863; x_wconf 86' lang='lat' dir='ltr'>ergo</span> <span class='ocrx_word' id='word_1_427' title='bbox 721 1835 769 1853; x_wconf 86' lang='lat' dir='ltr'>nos</span> <span class='ocrx_word' id='word_1_428' title='bbox 784 1825 817 1862; x_wconf 87' lang='lat' dir='ltr'>si,</span> <span class='ocrx_word' id='word_1_429' title='bbox 834 1824 900 1853; x_wconf 83' lang='lat' dir='ltr'>dum</span> <span class='ocrx_word' id='word_1_430' title='bbox 914 1825 955 1853; x_wconf 83' lang='lat' dir='ltr'>illi</span> 
     </span>
     <span class='ocr_line' id='line_1_55' title="bbox 217 1867 956 1909; baseline 0.005 -14"><span class='ocrx_word' id='word_1_431' title='bbox 217 1867 286 1896; x_wconf 89' lang='lat' dir='ltr'>circa</span> <span class='ocrx_word' id='word_1_432' title='bbox 303 1868 428 1907; x_wconf 82' lang='lat' dir='ltr'>pecunias</span> <span class='ocrx_word' id='word_1_433' title='bbox 444 1875 547 1897; x_wconf 81' lang='lat' dir='ltr'>tantum</span> <span class='ocrx_word' id='word_1_434' title='bbox 561 1869 672 1907; x_wconf 84' lang='lat' dir='ltr'>furunt,</span> <span class='ocrx_word' id='word_1_435' title='bbox 688 1880 735 1898; x_wconf 92' lang='lat' dir='ltr'>nos</span> <span class='ocrx_word' id='word_1_436' title='bbox 750 1881 811 1909; x_wconf 79' lang='lat' dir='ltr'>erga</span> <span class='ocrx_word' id='word_1_437' title='bbox 825 1872 911 1899; x_wconf 84' lang='lat' dir='ltr'>Deum</span> <span class='ocrx_word' id='word_1_438' title='bbox 924 1881 956 1899; x_wconf 86' lang='lat' dir='ltr'>nc</span> 
     </span>
    </p>
   </div>
   <div class='ocr_carea' id='block_1_11' title="bbox 1012 1004 1782 1410">
    <p class='ocr_par' dir='ltr' id='par_1_11' title="bbox 1012 1004 1782 1410">
     <span class='ocr_line' id='line_1_56' title="bbox 1016 1004 1782 1044; baseline 0.003 -11"><span class='ocrx_word' id='word_1_439' title='bbox 1016 1005 1197 1044; x_wconf 81' lang='grc' dir='ltr'>πραγμάτων;</span> <span class='ocrx_word' id='word_1_440' title='bbox 1214 1005 1334 1043; x_wconf 78' lang='grc' dir='ltr'>βούλεται</span> <span class='ocrx_word' id='word_1_441' title='bbox 1354 1004 1423 1044; x_wconf 73' lang='grc' dir='ltr'>ἔχειν</span> <span class='ocrx_word' id='word_1_442' title='bbox 1438 1005 1550 1038; x_wconf 80' lang='grc' dir='ltr'>πολλοὺς</span> <span class='ocrx_word' id='word_1_443' title='bbox 1564 1005 1624 1039; x_wconf 78' lang='grc' dir='ltr'>τοὺς</span> <span class='ocrx_word' id='word_1_444' title='bbox 1646 1007 1782 1036; x_wconf 84' lang='grc' dir='ltr'>διακονου-</span> 
     </span>
     <span class='ocr_line' id='line_1_57' title="bbox 1016 1047 1780 1092; baseline 0.003 -13"><span class='ocrx_word' id='word_1_445' title='bbox 1016 1051 1106 1089; x_wconf 82' lang='grc' dir='ltr'>μένους</span> <span class='ocrx_word' id='word_1_446' title='bbox 1122 1052 1192 1091; x_wconf 77' lang='grc' dir='ltr'>αὒτῷ</span> <span class='ocrx_word' id='word_1_447' title='bbox 1203 1074 1210 1087; x_wconf 94' lang='grc'>,</span> <span class='ocrx_word' id='word_1_448' title='bbox 1226 1052 1269 1080; x_wconf 79' lang='grc' dir='ltr'>καὶ</span> <span class='ocrx_word' id='word_1_449' title='bbox 1281 1053 1355 1090; x_wconf 79' lang='grc' dir='ltr'>ἀλγεῖ</span> <span class='ocrx_word' id='word_1_450' title='bbox 1370 1051 1409 1080; x_wconf 81' lang='grc' dir='ltr'>ὅτι</span> <span class='ocrx_word' id='word_1_451' title='bbox 1421 1054 1518 1091; x_wconf 70' lang='grc' dir='ltr'>τροφῆς</span> <span class='ocrx_word' id='word_1_452' title='bbox 1533 1047 1603 1080; x_wconf 61' lang='grc' dir='ltr'>οὗτοι</span> <span class='ocrx_word' id='word_1_453' title='bbox 1616 1052 1780 1092; x_wconf 82' lang='grc' dir='ltr'>μετέχουσιν,</span> 
     </span>
     <span class='ocr_line' id='line_1_58' title="bbox 1015 1094 1781 1138; baseline 0.003 -13"><span class='ocrx_word' id='word_1_454' title='bbox 1015 1098 1061 1126; x_wconf 82' lang='grc' dir='ltr'>ἅτε</span> <span class='ocrx_word' id='word_1_455' title='bbox 1076 1099 1240 1130; x_wconf 74' lang='grc' dir='ltr'>ἐλαττοῦντες</span> <span class='ocrx_word' id='word_1_456' title='bbox 1256 1099 1332 1126; x_wconf 78' lang='grc' dir='ltr'>αὐτοῦ</span> <span class='ocrx_word' id='word_1_457' title='bbox 1351 1097 1399 1132; x_wconf 66' lang='grc' dir='ltr'>τὴν</span> <span class='ocrx_word' id='word_1_458' title='bbox 1413 1098 1512 1126; x_wconf 74' lang='grc' dir='ltr'>οὐσίαν.</span> <span class='ocrx_word' id='word_1_459' title='bbox 1527 1097 1563 1127; x_wconf 88' lang='grc' dir='ltr'>Τί</span> <span class='ocrx_word' id='word_1_460' title='bbox 1577 1094 1631 1134; x_wconf 69' lang='grc' dir='ltr'>οῧν,</span> <span class='ocrx_word' id='word_1_461' title='bbox 1645 1097 1703 1127; x_wconf 79' lang='grc' dir='ltr'>εἶπέ</span> <span class='ocrx_word' id='word_1_462' title='bbox 1719 1110 1781 1138; x_wconf 75' lang='grc' dir='ltr'>μοι;</span> 
     </span>
     <span class='ocr_line' id='line_1_59' title="bbox 1015 1139 1780 1183; baseline 0 -11"><span class='ocrx_word' id='word_1_463' title='bbox 1015 1143 1102 1182; x_wconf 86' lang='grc' dir='ltr'>βούλει</span> <span class='ocrx_word' id='word_1_464' title='bbox 1128 1142 1240 1176; x_wconf 78' lang='grc' dir='ltr'>λιῡίνους</span> <span class='ocrx_word' id='word_1_465' title='bbox 1270 1139 1336 1172; x_wconf 72' lang='grc' dir='ltr'>εἶναι</span> <span class='ocrx_word' id='word_1_466' title='bbox 1363 1142 1421 1176; x_wconf 74' lang='grc' dir='ltr'>τοὺς</span> <span class='ocrx_word' id='word_1_467' title='bbox 1448 1143 1616 1183; x_wconf 79' lang='grc' dir='ltr'>ἀνθρώπους;</span> <span class='ocrx_word' id='word_1_468' title='bbox 1644 1143 1780 1173; x_wconf 79' lang='grc' dir='ltr'>Χλευασία</span> 
     </span>
     <span class='ocr_line' id='line_1_60' title="bbox 1013 1189 1781 1229; baseline 0.001 -12"><span class='ocrx_word' id='word_1_469' title='bbox 1013 1192 1095 1217; x_wconf 76' lang='grc' dir='ltr'>ταῦτα</span> <span class='ocrx_word' id='word_1_470' title='bbox 1110 1189 1213 1224; x_wconf 75' lang='grc' dir='ltr'>πάντα,</span> <span class='ocrx_word' id='word_1_471' title='bbox 1230 1189 1351 1227; x_wconf 81' lang='grc' dir='ltr'>κύματα,</span> <span class='ocrx_word' id='word_1_472' title='bbox 1375 1189 1420 1217; x_wconf 79' lang='grc' dir='ltr'>καὶ</span> <span class='ocrx_word' id='word_1_473' title='bbox 1441 1189 1506 1224; x_wconf 75' lang='grc' dir='ltr'>ζᾶλη</span> <span class='ocrx_word' id='word_1_474' title='bbox 1516 1212 1523 1226; x_wconf 87' lang='grc'>,</span> <span class='ocrx_word' id='word_1_475' title='bbox 1545 1189 1589 1218; x_wconf 78' lang='grc' dir='ltr'>καὶ</span> <span class='ocrx_word' id='word_1_476' title='bbox 1602 1189 1714 1229; x_wconf 76' lang='grc' dir='ltr'>χειμὼν,</span> <span class='ocrx_word' id='word_1_477' title='bbox 1735 1189 1781 1218; x_wconf 70' lang='grc' dir='ltr'>καὶ</span> 
     </span>
     <span class='ocr_line' id='line_1_61' title="bbox 1012 1234 1779 1274; baseline 0.001 -12"><span class='ocrx_word' id='word_1_478' title='bbox 1012 1235 1137 1273; x_wconf 83' lang='grc' dir='ltr'>τρικυμία</span> <span class='ocrx_word' id='word_1_479' title='bbox 1147 1258 1154 1270; x_wconf 86' lang='lat'>‚</span> <span class='ocrx_word' id='word_1_480' title='bbox 1167 1235 1212 1264; x_wconf 73' lang='grc' dir='ltr'>καὶ</span> <span class='ocrx_word' id='word_1_481' title='bbox 1228 1234 1309 1267; x_wconf 76' lang='grc' dir='ltr'>πολὺς</span> <span class='ocrx_word' id='word_1_482' title='bbox 1323 1237 1336 1263; x_wconf 85' lang='grc' dir='ltr'><strong><em>ὃ</em></strong></span> <span class='ocrx_word' id='word_1_483' title='bbox 1353 1234 1460 1274; x_wconf 69' lang='grc' dir='ltr'>θόρυὸος</span> <span class='ocrx_word' id='word_1_484' title='bbox 1475 1237 1506 1274; x_wconf 78' lang='grc' dir='ltr'>τῇ</span> <span class='ocrx_word' id='word_1_485' title='bbox 1524 1236 1595 1274; x_wconf 69' lang='grc' dir='ltr'>ψυχῇ</span> <span class='ocrx_word' id='word_1_486' title='bbox 1605 1247 1612 1253; x_wconf 88' lang='grc'><strong><em>·</em></strong></span> <span class='ocrx_word' id='word_1_487' title='bbox 1632 1235 1673 1263; x_wconf 84' lang='grc' dir='ltr'>ἀεὶ</span> <span class='ocrx_word' id='word_1_488' title='bbox 1687 1240 1779 1274; x_wconf 74' lang='grc' dir='ltr'>πεινᾷ,</span> 
     </span>
     <span class='ocr_line' id='line_1_62' title="bbox 1014 1280 1779 1319; baseline 0.004 -12"><span class='ocrx_word' id='word_1_489' title='bbox 1014 1280 1054 1308; x_wconf 81' lang='grc' dir='ltr'>ἀεὶ</span> <span class='ocrx_word' id='word_1_490' title='bbox 1076 1281 1147 1319; x_wconf 66' lang='grc' dir='ltr'>διψᾷ,</span> <span class='ocrx_word' id='word_1_491' title='bbox 1174 1280 1239 1309; x_wconf 78' lang='grc' dir='ltr'>Εἰπὲ</span> <span class='ocrx_word' id='word_1_492' title='bbox 1258 1280 1289 1315; x_wconf 79' lang='grc' dir='ltr'>δή</span> <span class='ocrx_word' id='word_1_493' title='bbox 1312 1292 1371 1318; x_wconf 82' lang='grc' dir='ltr'>μοι,</span> <span class='ocrx_word' id='word_1_494' title='bbox 1396 1283 1486 1309; x_wconf 72' lang='grc' dir='ltr'>τοῦτον</span> <span class='ocrx_word' id='word_1_495' title='bbox 1503 1281 1550 1309; x_wconf 83' lang='grc' dir='ltr'>οὐκ</span> <span class='ocrx_word' id='word_1_496' title='bbox 1565 1280 1706 1318; x_wconf 70' lang='grc' dir='ltr'>ἒλεήσομεν</span> <span class='ocrx_word' id='word_1_497' title='bbox 1723 1280 1779 1310; x_wconf 76' lang='grc' dir='ltr'>οὐδὲ</span> 
     </span>
     <span class='ocr_line' id='line_1_63' title="bbox 1013 1325 1780 1365; baseline 0.003 -12"><span class='ocrx_word' id='word_1_498' title='bbox 1013 1325 1175 1365; x_wconf 77' lang='grc' dir='ltr'>δακρύσομεν</span> <span class='ocrx_word' id='word_1_499' title='bbox 1187 1339 1193 1361; x_wconf 87' lang='lat'>;</span> <span class='ocrx_word' id='word_1_500' title='bbox 1203 1325 1273 1355; x_wconf 74' lang='grc' dir='ltr'>Ἀλλ’</span> <span class='ocrx_word' id='word_1_501' title='bbox 1286 1327 1312 1354; x_wconf 82' lang='grc' dir='ltr'>ἐν</span> <span class='ocrx_word' id='word_1_502' title='bbox 1324 1325 1370 1364; x_wconf 80' lang='grc' dir='ltr'>μὲν</span> <span class='ocrx_word' id='word_1_503' title='bbox 1381 1331 1434 1359; x_wconf 87' lang='grc' dir='ltr'>τοῖς</span> <span class='ocrx_word' id='word_1_504' title='bbox 1448 1325 1554 1364; x_wconf 74' lang='grc' dir='ltr'>σώμασι</span> <span class='ocrx_word' id='word_1_505' title='bbox 1564 1326 1594 1355; x_wconf 78' lang='grc' dir='ltr'>τὸ</span> <span class='ocrx_word' id='word_1_506' title='bbox 1606 1329 1720 1355; x_wconf 76' lang='grc' dir='ltr'>τοιοῦτον</span> <span class='ocrx_word' id='word_1_507' title='bbox 1736 1326 1780 1355; x_wconf 83' lang='grc' dir='ltr'>κό-</span> 
     </span>
     <span class='ocr_line' id='line_1_64' title="bbox 1012 1371 1779 1410; baseline 0.001 -11"><span class='ocrx_word' id='word_1_508' title='bbox 1012 1371 1087 1403; x_wconf 75' lang='grc' dir='ltr'>λασίς</span> <span class='ocrx_word' id='word_1_509' title='bbox 1103 1373 1172 1400; x_wconf 82' lang='grc' dir='ltr'>ἐστιν</span> <span class='ocrx_word' id='word_1_510' title='bbox 1186 1374 1202 1406; x_wconf 84' lang='grc' dir='ltr'>ἡ</span> <span class='ocrx_word' id='word_1_511' title='bbox 1219 1372 1407 1410; x_wconf 73' lang='grc' dir='ltr'>χαλεπωτάτη,</span> <span class='ocrx_word' id='word_1_512' title='bbox 1424 1371 1549 1409; x_wconf 84' lang='grc' dir='ltr'>βουλιμία</span> <span class='ocrx_word' id='word_1_513' title='bbox 1563 1371 1691 1409; x_wconf 83' lang='grc' dir='ltr'>λεγομένη</span> <span class='ocrx_word' id='word_1_514' title='bbox 1705 1372 1779 1410; x_wconf 86' lang='grc' dir='ltr'>παρὰ</span> 
     </span>
    </p>
   </div>
   <div class='ocr_carea' id='block_1_12' title="bbox 975 1416 1779 1456">
    <p class='ocr_par' dir='ltr' id='par_1_12' title="bbox 975 1416 1779 1456">
     <span class='ocr_line' id='line_1_65' title="bbox 975 1416 1779 1456; baseline 0.004 -13"><span class='ocrx_word' id='word_1_515' title='bbox 975 1421 993 1443; x_wconf 86' lang='grc' dir='ltr'>Β</span> <span class='ocrx_word' id='word_1_516' title='bbox 1012 1418 1063 1444; x_wconf 83' lang='grc' dir='ltr'>τῶν</span> <span class='ocrx_word' id='word_1_517' title='bbox 1077 1418 1181 1455; x_wconf 84' lang='grc' dir='ltr'>ἰατρῶν,</span> <span class='ocrx_word' id='word_1_518' title='bbox 1196 1417 1258 1446; x_wconf 76' lang='grc' dir='ltr'>ὅταν</span> <span class='ocrx_word' id='word_1_519' title='bbox 1278 1429 1317 1449; x_wconf 86' lang='grc' dir='ltr'>τις</span> <span class='ocrx_word' id='word_1_520' title='bbox 1331 1418 1435 1445; x_wconf 83' lang='grc' dir='ltr'>πολλῶν</span> <span class='ocrx_word' id='word_1_521' title='bbox 1452 1416 1656 1456; x_wconf 74' lang='grc' dir='ltr'>ἐμφορούμενος,</span> <span class='ocrx_word' id='word_1_522' title='bbox 1671 1420 1716 1446; x_wconf 75' lang='grc' dir='ltr'>τοῦ</span> <span class='ocrx_word' id='word_1_523' title='bbox 1737 1419 1779 1446; x_wconf 91' lang='grc' dir='ltr'>λι-</span> 
     </span>
    </p>
   </div>
   <div class='ocr_carea' id='block_1_13' title="bbox 1008 1461 1779 1911">
    <p class='ocr_par' dir='ltr' id='par_1_13' title="bbox 1008 1461 1779 1911">
     <span class='ocr_line' id='line_1_66' title="bbox 1012 1461 1778 1501; baseline 0.003 -11"><span class='ocrx_word' id='word_1_524' title='bbox 1012 1461 1124 1499; x_wconf 82' lang='grc' dir='ltr'>μώττειν</span> <span class='ocrx_word' id='word_1_525' title='bbox 1141 1461 1177 1500; x_wconf 84' lang='grc' dir='ltr'>μὴ</span> <span class='ocrx_word' id='word_1_526' title='bbox 1193 1462 1394 1497; x_wconf 78' lang='grc' dir='ltr'>ἀπαλλάττηται</span> <span class='ocrx_word' id='word_1_527' title='bbox 1405 1474 1411 1479; x_wconf 91' lang='grc'><strong><em>·</em></strong></span> <span class='ocrx_word' id='word_1_528' title='bbox 1426 1462 1469 1490; x_wconf 79' lang='grc' dir='ltr'>ἐπὶ</span> <span class='ocrx_word' id='word_1_529' title='bbox 1485 1462 1511 1491; x_wconf 74' lang='grc' dir='ltr'>δὲ</span> <span class='ocrx_word' id='word_1_530' title='bbox 1526 1465 1574 1497; x_wconf 69' lang='grc' dir='ltr'>τῆς</span> <span class='ocrx_word' id='word_1_531' title='bbox 1584 1464 1670 1501; x_wconf 70' lang='grc' dir='ltr'>ψυχῆς</span> <span class='ocrx_word' id='word_1_532' title='bbox 1684 1464 1713 1492; x_wconf 82' lang='grc' dir='ltr'>οὗ</span> <span class='ocrx_word' id='word_1_533' title='bbox 1727 1463 1778 1492; x_wconf 77' lang='grc' dir='ltr'>δα-</span> 
     </span>
     <span class='ocr_line' id='line_1_67' title="bbox 1010 1507 1779 1547; baseline 0.001 -11"><span class='ocrx_word' id='word_1_534' title='bbox 1010 1508 1139 1547; x_wconf 82' lang='grc' dir='ltr'>κρύσομεν</span> <span class='ocrx_word' id='word_1_535' title='bbox 1154 1508 1184 1536; x_wconf 86' lang='grc' dir='ltr'>τὸ</span> <span class='ocrx_word' id='word_1_536' title='bbox 1199 1507 1261 1536; x_wconf 73' lang='grc' dir='ltr'>αὐτὸ</span> <span class='ocrx_word' id='word_1_537' title='bbox 1278 1511 1354 1536; x_wconf 69' lang='grc' dir='ltr'>τοῦτο</span> <span class='ocrx_word' id='word_1_538' title='bbox 1367 1508 1448 1541; x_wconf 73' lang='grc' dir='ltr'>πάθος</span> <span class='ocrx_word' id='word_1_539' title='bbox 1461 1519 1468 1544; x_wconf 79' lang='lat'><em>3</em></span> <span class='ocrx_word' id='word_1_540' title='bbox 1485 1508 1614 1546; x_wconf 76' lang='grc' dir='ltr'>Βουλιμία</span> <span class='ocrx_word' id='word_1_541' title='bbox 1627 1508 1677 1547; x_wconf 80' lang='grc' dir='ltr'>γὰρ</span> <span class='ocrx_word' id='word_1_542' title='bbox 1691 1509 1779 1547; x_wconf 73' lang='grc' dir='ltr'>ψυχῆς</span> 
     </span>
     <span class='ocr_line' id='line_1_68' title="bbox 1011 1553 1776 1592; baseline 0.001 -11"><span class='ocrx_word' id='word_1_543' title='bbox 1011 1555 1026 1587; x_wconf 82' lang='grc' dir='ltr'>ἡ</span> <span class='ocrx_word' id='word_1_544' title='bbox 1041 1553 1211 1592; x_wconf 75' lang='grc' dir='ltr'>φιλαργυρία,</span> <span class='ocrx_word' id='word_1_545' title='bbox 1227 1554 1243 1588; x_wconf 83' lang='grc' dir='ltr'>ἣ</span> <span class='ocrx_word' id='word_1_546' title='bbox 1259 1554 1363 1582; x_wconf 80' lang='grc' dir='ltr'>πολλῶν</span> <span class='ocrx_word' id='word_1_547' title='bbox 1379 1554 1425 1590; x_wconf 80' lang='grc' dir='ltr'>μὲν</span> <span class='ocrx_word' id='word_1_548' title='bbox 1449 1553 1635 1591; x_wconf 83' lang='grc' dir='ltr'>ἐμπίπλαται,</span> <span class='ocrx_word' id='word_1_549' title='bbox 1655 1553 1776 1583; x_wconf 83' lang='grc' dir='ltr'>οὐδέποτε</span> 
     </span>
     <span class='ocr_line' id='line_1_69' title="bbox 1011 1598 1776 1636; baseline 0.003 -10"><span class='ocrx_word' id='word_1_550' title='bbox 1011 1598 1037 1627; x_wconf 76' lang='grc' dir='ltr'>δὲ</span> <span class='ocrx_word' id='word_1_551' title='bbox 1051 1598 1172 1634; x_wconf 75' lang='grc' dir='ltr'>ἵσταται,</span> <span class='ocrx_word' id='word_1_552' title='bbox 1188 1600 1245 1627; x_wconf 83' lang='grc' dir='ltr'>ἀλλ’</span> <span class='ocrx_word' id='word_1_553' title='bbox 1258 1599 1308 1627; x_wconf 77' lang='grc' dir='ltr'>ὑπὸ</span> <span class='ocrx_word' id='word_1_554' title='bbox 1319 1600 1370 1633; x_wconf 75' lang='grc' dir='ltr'>τῆς</span> <span class='ocrx_word' id='word_1_555' title='bbox 1382 1599 1519 1636; x_wconf 75' lang='grc' dir='ltr'>ἐπιθυμίας</span> <span class='ocrx_word' id='word_1_556' title='bbox 1531 1599 1571 1628; x_wconf 82' lang='grc' dir='ltr'>ἀεὶ</span> <span class='ocrx_word' id='word_1_557' title='bbox 1585 1599 1776 1628; x_wconf 84' lang='grc' dir='ltr'>κατατείνεται.</span> 
     </span>
     <span class='ocr_line' id='line_1_70' title="bbox 1010 1643 1778 1683; baseline 0.003 -11"><span class='ocrx_word' id='word_1_558' title='bbox 1010 1645 1043 1672; x_wconf 80' lang='grc' dir='ltr'>Εἰ</span> <span class='ocrx_word' id='word_1_559' title='bbox 1059 1643 1110 1683; x_wconf 78' lang='grc' dir='ltr'>γὰρ</span> <span class='ocrx_word' id='word_1_560' title='bbox 1134 1644 1270 1682; x_wconf 64' lang='grc' dir='ltr'>ἑλλέὸὀρον</span> <span class='ocrx_word' id='word_1_561' title='bbox 1287 1644 1337 1672; x_wconf 72' lang='grc' dir='ltr'>ἔδει</span> <span class='ocrx_word' id='word_1_562' title='bbox 1358 1649 1437 1679; x_wconf 83' lang='grc' dir='ltr'>πιεῖν,</span> <span class='ocrx_word' id='word_1_563' title='bbox 1454 1644 1471 1679; x_wconf 83' lang='grc' dir='ltr'>ἢ</span> <span class='ocrx_word' id='word_1_564' title='bbox 1488 1645 1610 1683; x_wconf 79' lang='grc' dir='ltr'>μυριάκις</span> <span class='ocrx_word' id='word_1_565' title='bbox 1631 1644 1778 1679; x_wconf 78' lang='grc' dir='ltr'>ὑποστῆναί</span> 
     </span>
     <span class='ocr_line' id='line_1_71' title="bbox 1008 1690 1777 1730; baseline 0.003 -12"><span class='ocrx_word' id='word_1_566' title='bbox 1008 1702 1034 1718; x_wconf 93' lang='grc' dir='ltr'>τι</span> <span class='ocrx_word' id='word_1_567' title='bbox 1055 1690 1145 1719; x_wconf 83' lang='grc' dir='ltr'>τούτου</span> <span class='ocrx_word' id='word_1_568' title='bbox 1160 1690 1310 1730; x_wconf 75' lang='grc' dir='ltr'>βαρύτερον,</span> <span class='ocrx_word' id='word_1_569' title='bbox 1326 1691 1393 1719; x_wconf 81' lang='grc' dir='ltr'>ὥστε</span> <span class='ocrx_word' id='word_1_570' title='bbox 1415 1692 1602 1729; x_wconf 65' lang='grc' dir='ltr'>ἀπαλλαγῆναι</span> <span class='ocrx_word' id='word_1_571' title='bbox 1616 1694 1662 1720; x_wconf 74' lang='grc' dir='ltr'>τοῦ</span> <span class='ocrx_word' id='word_1_572' title='bbox 1679 1691 1777 1724; x_wconf 83' lang='grc' dir='ltr'>πάθους</span> 
     </span>
     <span class='ocr_line' id='line_1_72' title="bbox 1010 1736 1777 1774; baseline 0.001 -10"><span class='ocrx_word' id='word_1_573' title='bbox 1010 1736 1113 1769; x_wconf 83' lang='grc' dir='ltr'>τούτου,</span> <span class='ocrx_word' id='word_1_574' title='bbox 1133 1737 1179 1764; x_wconf 81' lang='grc' dir='ltr'>οὐκ</span> <span class='ocrx_word' id='word_1_575' title='bbox 1195 1736 1246 1764; x_wconf 71' lang='grc' dir='ltr'>ἔδει</span> <span class='ocrx_word' id='word_1_576' title='bbox 1269 1736 1407 1774; x_wconf 78' lang='grc' dir='ltr'>προθύμως</span> <span class='ocrx_word' id='word_1_577' title='bbox 1421 1736 1632 1773; x_wconf 75' lang='grc' dir='ltr'>καταδέξασθαι;</span> <span class='ocrx_word' id='word_1_578' title='bbox 1649 1738 1706 1766; x_wconf 85' lang='grc' dir='ltr'>Οὐκ</span> <span class='ocrx_word' id='word_1_579' title='bbox 1721 1736 1777 1766; x_wconf 81' lang='grc' dir='ltr'>ἔστι</span> 
     </span>
     <span class='ocr_line' id='line_1_73' title="bbox 1009 1780 1777 1820; baseline 0.004 -12"><span class='ocrx_word' id='word_1_580' title='bbox 1009 1780 1153 1820; x_wconf 71' lang='grc' dir='ltr'>χρημάτων</span> <span class='ocrx_word' id='word_1_581' title='bbox 1165 1782 1278 1817; x_wconf 62' lang='grc' dir='ltr'>πλῆθος,</span> <span class='ocrx_word' id='word_1_582' title='bbox 1293 1781 1306 1810; x_wconf 81' lang='grc' dir='ltr'>ὃ</span> <span class='ocrx_word' id='word_1_583' title='bbox 1320 1781 1367 1816; x_wconf 75' lang='grc' dir='ltr'>τὴν</span> <span class='ocrx_word' id='word_1_584' title='bbox 1383 1781 1522 1820; x_wconf 80' lang='grc' dir='ltr'>ἀκόρεστον</span> <span class='ocrx_word' id='word_1_585' title='bbox 1542 1782 1620 1817; x_wconf 75' lang='grc' dir='ltr'>νηδὺν</span> <span class='ocrx_word' id='word_1_586' title='bbox 1641 1784 1777 1820; x_wconf 72' lang='grc' dir='ltr'>ἐμπλῆσαι</span> 
     </span>
     <span class='ocr_line' id='line_1_74' title="bbox 1010 1826 1776 1866; baseline 0.003 -12"><span class='ocrx_word' id='word_1_587' title='bbox 1010 1826 1125 1855; x_wconf 75' lang='grc' dir='ltr'>δύναται.</span> <span class='ocrx_word' id='word_1_588' title='bbox 1136 1827 1193 1854; x_wconf 79' lang='grc' dir='ltr'>Οὔκ</span> <span class='ocrx_word' id='word_1_589' title='bbox 1205 1826 1410 1861; x_wconf 75' lang='grc' dir='ltr'>αἰδεσθησόμεθα</span> <span class='ocrx_word' id='word_1_590' title='bbox 1421 1827 1506 1855; x_wconf 86' lang='grc' dir='ltr'>τοίνυν</span> <span class='ocrx_word' id='word_1_591' title='bbox 1517 1829 1606 1865; x_wconf 72' lang='grc' dir='ltr'>ἡμεῖς,</span> <span class='ocrx_word' id='word_1_592' title='bbox 1619 1829 1642 1856; x_wconf 85' lang='grc' dir='ltr'>εἷ</span> <span class='ocrx_word' id='word_1_593' title='bbox 1656 1827 1716 1866; x_wconf 78' lang='grc' dir='ltr'>περὶ</span> <span class='ocrx_word' id='word_1_594' title='bbox 1729 1827 1776 1865; x_wconf 74' lang='grc' dir='ltr'>μὲν</span> 
     </span>
     <span class='ocr_line' id='line_1_75' title="bbox 1009 1871 1776 1911; baseline 0.004 -12"><span class='ocrx_word' id='word_1_595' title='bbox 1009 1872 1154 1910; x_wconf 75' lang='grc' dir='ltr'>χρημάτων</span> <span class='ocrx_word' id='word_1_596' title='bbox 1171 1871 1237 1900; x_wconf 78' lang='grc' dir='ltr'>οὕτω</span> <span class='ocrx_word' id='word_1_597' title='bbox 1256 1872 1322 1904; x_wconf 79' lang='grc' dir='ltr'>τινὲς</span> <span class='ocrx_word' id='word_1_598' title='bbox 1343 1872 1492 1910; x_wconf 83' lang='grc' dir='ltr'>μεμήνασι,</span> <span class='ocrx_word' id='word_1_599' title='bbox 1507 1873 1568 1911; x_wconf 83' lang='grc' dir='ltr'>περὶ</span> <span class='ocrx_word' id='word_1_600' title='bbox 1591 1872 1618 1902; x_wconf 80' lang='grc' dir='ltr'>δὲ</span> <span class='ocrx_word' id='word_1_601' title='bbox 1641 1873 1685 1901; x_wconf 76' lang='grc' dir='ltr'>τὸν</span> <span class='ocrx_word' id='word_1_602' title='bbox 1708 1874 1776 1902; x_wconf 83' lang='grc' dir='ltr'>Θεὸν</span> 
     </span>
    </p>
   </div>
   <div class='ocr_carea' id='block_1_14' title="bbox 217 1915 1777 1957">
    <p class='ocr_par' dir='ltr' id='par_1_14' title="bbox 217 1915 1777 1957">
     <span class='ocr_line' id='line_1_76' title="bbox 217 1915 1777 1957; baseline 0.002 -14"><span class='ocrx_word' id='word_1_603' title='bbox 217 1915 355 1944; x_wconf 88' lang='lat' dir='ltr'>minimam</span> <span class='ocrx_word' id='word_1_604' title='bbox 366 1915 475 1954; x_wconf 87' lang='lat' dir='ltr'>quidem</span> <span class='ocrx_word' id='word_1_605' title='bbox 487 1916 636 1946; x_wconf 86' lang='lat' dir='ltr'>dilectionis</span> <span class='ocrx_word' id='word_1_606' title='bbox 654 1924 756 1957; x_wconf 86' lang='lat' dir='ltr'>partem</span> <span class='ocrx_word' id='word_1_607' title='bbox 767 1918 952 1956; x_wconf 74' lang='lat' dir='ltr'>exhibeamus,</span> <span class='ocrx_word' id='word_1_608' title='bbox 972 1934 990 1957; x_wconf 74' lang='lat' dir='ltr'>C</span> <span class='ocrx_word' id='word_1_609' title='bbox 1009 1921 1084 1956; x_wconf 78' lang='grc' dir='ltr'>ἡμεῖς</span> <span class='ocrx_word' id='word_1_610' title='bbox 1098 1917 1154 1947; x_wconf 54' lang='grc' dir='ltr'>οὒῗὲ</span> <span class='ocrx_word' id='word_1_611' title='bbox 1166 1918 1196 1946; x_wconf 82' lang='grc' dir='ltr'>τὸ</span> <span class='ocrx_word' id='word_1_612' title='bbox 1207 1918 1350 1946; x_wconf 69' lang='grc' dir='ltr'>πολλοστὸν</span> <span class='ocrx_word' id='word_1_613' title='bbox 1365 1917 1442 1956; x_wconf 81' lang='grc' dir='ltr'>μέρος</span> <span class='ocrx_word' id='word_1_614' title='bbox 1456 1921 1502 1952; x_wconf 64' lang='grc' dir='ltr'>τῆς</span> <span class='ocrx_word' id='word_1_615' title='bbox 1514 1918 1618 1956; x_wconf 75' lang='grc' dir='ltr'>ἀγάπης</span> <span class='ocrx_word' id='word_1_616' title='bbox 1631 1918 1777 1947; x_wconf 81' lang='grc' dir='ltr'>ἐπιδεικνύ-</span> 
     </span>
    </p>
   </div>
   <div class='ocr_carea' id='block_1_15' title="bbox 212 1962 956 2599">
    <p class='ocr_par' dir='ltr' id='par_1_15' title="bbox 212 1962 956 2599">
     <span class='ocr_line' id='line_1_77' title="bbox 217 1962 956 2001; baseline 0.003 -11"><span class='ocrx_word' id='word_1_617' title='bbox 217 1962 356 2000; x_wconf 86' lang='lat' dir='ltr'>Deumque</span> <span class='ocrx_word' id='word_1_618' title='bbox 375 1962 487 2001; x_wconf 84' lang='lat' dir='ltr'>pecunia</span> <span class='ocrx_word' id='word_1_619' title='bbox 505 1963 627 1992; x_wconf 85' lang='lat' dir='ltr'>viliorem</span> <span class='ocrx_word' id='word_1_620' title='bbox 644 1964 814 1992; x_wconf 75' lang='lat' dir='ltr'>habeamus?</span> <span class='ocrx_word' id='word_1_621' title='bbox 826 1964 956 1993; x_wconf 88' lang='lat' dir='ltr'>Pecunia-</span> 
     </span>
     <span class='ocr_line' id='line_1_78' title="bbox 216 2007 953 2048; baseline 0.005 -14"><span class='ocrx_word' id='word_1_622' title='bbox 216 2017 277 2035; x_wconf 85' lang='lat' dir='ltr'>rum</span> <span class='ocrx_word' id='word_1_623' title='bbox 287 2007 357 2035; x_wconf 90' lang='lat' dir='ltr'>enim</span> <span class='ocrx_word' id='word_1_624' title='bbox 368 2008 452 2046; x_wconf 81' lang='lat' dir='ltr'>gratia</span> <span class='ocrx_word' id='word_1_625' title='bbox 461 2008 581 2037; x_wconf 90' lang='lat' dir='ltr'>homines</span> <span class='ocrx_word' id='word_1_626' title='bbox 591 2009 709 2047; x_wconf 84' lang='lat' dir='ltr'>vigilias,</span> <span class='ocrx_word' id='word_1_627' title='bbox 718 2009 953 2048; x_wconf 82' lang='lat' dir='ltr'>peregrinationes,</span> 
     </span>
     <span class='ocr_line' id='line_1_79' title="bbox 215 2053 954 2095; baseline 0.005 -15"><span class='ocrx_word' id='word_1_628' title='bbox 215 2053 334 2091; x_wconf 87' lang='lat' dir='ltr'>pericula</span> <span class='ocrx_word' id='word_1_629' title='bbox 356 2054 501 2092; x_wconf 83' lang='lat' dir='ltr'>frequentia</span> <span class='ocrx_word' id='word_1_630' title='bbox 512 2077 519 2091; x_wconf 88' lang='lat'>,</span> <span class='ocrx_word' id='word_1_631' title='bbox 532 2054 605 2091; x_wconf 81' lang='lat' dir='ltr'>odia,</span> <span class='ocrx_word' id='word_1_632' title='bbox 620 2055 741 2092; x_wconf 85' lang='lat' dir='ltr'>insidias,</span> <span class='ocrx_word' id='word_1_633' title='bbox 758 2062 784 2084; x_wconf 89' lang='lat' dir='ltr'>et</span> <span class='ocrx_word' id='word_1_634' title='bbox 798 2055 886 2084; x_wconf 89' lang='lat' dir='ltr'>omnia</span> <span class='ocrx_word' id='word_1_635' title='bbox 904 2067 954 2095; x_wconf 92' lang='lat' dir='ltr'>pa-</span> 
     </span>
     <span class='ocr_line' id='line_1_80' title="bbox 215 2098 954 2140; baseline 0.007 -14"><span class='ocrx_word' id='word_1_636' title='bbox 215 2098 337 2136; x_wconf 73' lang='lat' dir='ltr'>tiuntu13</span> <span class='ocrx_word' id='word_1_637' title='bbox 352 2109 399 2128; x_wconf 91' lang='lat' dir='ltr'>nos</span> <span class='ocrx_word' id='word_1_638' title='bbox 414 2106 503 2128; x_wconf 89' lang='lat' dir='ltr'>autem</span> <span class='ocrx_word' id='word_1_639' title='bbox 526 2111 574 2140; x_wconf 86' lang='lat' dir='ltr'>pro</span> <span class='ocrx_word' id='word_1_640' title='bbox 589 2102 645 2129; x_wconf 87' lang='lat' dir='ltr'>Deo</span> <span class='ocrx_word' id='word_1_641' title='bbox 659 2111 692 2130; x_wconf 93' lang='lat' dir='ltr'>ne</span> <span class='ocrx_word' id='word_1_642' title='bbox 715 2101 827 2130; x_wconf 81' lang='lat' dir='ltr'>verbum</span> <span class='ocrx_word' id='word_1_643' title='bbox 846 2102 954 2140; x_wconf 90' lang='lat' dir='ltr'>quidem</span> 
     </span>
     <span class='ocr_line' id='line_1_81' title="bbox 215 2145 954 2187; baseline 0.007 -15"><span class='ocrx_word' id='word_1_644' title='bbox 215 2145 333 2183; x_wconf 88' lang='lat' dir='ltr'>proferre</span> <span class='ocrx_word' id='word_1_645' title='bbox 344 2145 473 2174; x_wconf 85' lang='lat' dir='ltr'>audemus</span> <span class='ocrx_word' id='word_1_646' title='bbox 482 2168 489 2181; x_wconf 88' lang='lat'>‚</span> <span class='ocrx_word' id='word_1_647' title='bbox 503 2146 617 2185; x_wconf 85' lang='lat' dir='ltr'>odiaqne</span> <span class='ocrx_word' id='word_1_648' title='bbox 627 2147 725 2184; x_wconf 85' lang='lat' dir='ltr'>subire,</span> <span class='ocrx_word' id='word_1_649' title='bbox 739 2147 786 2176; x_wconf 87' lang='lat' dir='ltr'>sed</span> <span class='ocrx_word' id='word_1_650' title='bbox 801 2148 823 2175; x_wconf 92' lang='lat' dir='ltr'>si</span> <span class='ocrx_word' id='word_1_651' title='bbox 835 2155 954 2187; x_wconf 90' lang='lat' dir='ltr'>oporteat</span> 
     </span>
     <span class='ocr_line' id='line_1_82' title="bbox 215 2192 954 2233; baseline 0.007 -14"><span class='ocrx_word' id='word_1_652' title='bbox 215 2202 338 2230; x_wconf 85' lang='lat' dir='ltr'>oppresso</span> <span class='ocrx_word' id='word_1_653' title='bbox 348 2192 465 2232; x_wconf 90' lang='lat' dir='ltr'>cuipiam</span> <span class='ocrx_word' id='word_1_654' title='bbox 474 2203 549 2232; x_wconf 88' lang='lat' dir='ltr'>opem</span> <span class='ocrx_word' id='word_1_655' title='bbox 557 2194 633 2229; x_wconf 85' lang='lat' dir='ltr'>serre,</span> <span class='ocrx_word' id='word_1_656' title='bbox 640 2195 788 2233; x_wconf 87' lang='lat' dir='ltr'>potentium</span> <span class='ocrx_word' id='word_1_657' title='bbox 800 2195 954 2224; x_wconf 84' lang='lat' dir='ltr'>inimicitias</span> 
     </span>
     <span class='ocr_line' id='line_1_83' title="bbox 215 2237 952 2279; baseline 0.007 -15"><span class='ocrx_word' id='word_1_658' title='bbox 215 2244 239 2265; x_wconf 89' lang='lat' dir='ltr'>et</span> <span class='ocrx_word' id='word_1_659' title='bbox 257 2237 375 2276; x_wconf 86' lang='lat' dir='ltr'>pericula</span> <span class='ocrx_word' id='word_1_660' title='bbox 388 2238 517 2275; x_wconf 72' lang='lat' dir='ltr'>vitamus,</span> <span class='ocrx_word' id='word_1_661' title='bbox 532 2246 557 2267; x_wconf 84' lang='lat' dir='ltr'>et</span> <span class='ocrx_word' id='word_1_662' title='bbox 573 2239 669 2278; x_wconf 83' lang='lat' dir='ltr'>injuste</span> <span class='ocrx_word' id='word_1_663' title='bbox 687 2240 779 2269; x_wconf 80' lang='lat' dir='ltr'>laesnm</span> <span class='ocrx_word' id='word_1_664' title='bbox 794 2240 952 2279; x_wconf 88' lang='lat' dir='ltr'>prodimus:</span> 
     </span>
     <span class='ocr_line' id='line_1_84' title="bbox 214 2287 951 2325; baseline 0.008 -15"><span class='ocrx_word' id='word_1_665' title='bbox 214 2293 245 2311; x_wconf 86' lang='lat' dir='ltr'>ac</span> <span class='ocrx_word' id='word_1_666' title='bbox 262 2293 323 2311; x_wconf 86' lang='lat' dir='ltr'>cnm</span> <span class='ocrx_word' id='word_1_667' title='bbox 344 2291 499 2322; x_wconf 85' lang='lat' dir='ltr'>potestatem</span> <span class='ocrx_word' id='word_1_668' title='bbox 516 2296 531 2313; x_wconf 85' lang='lat' dir='ltr'>a</span> <span class='ocrx_word' id='word_1_669' title='bbox 546 2287 602 2314; x_wconf 90' lang='lat' dir='ltr'>Deo</span> <span class='ocrx_word' id='word_1_670' title='bbox 618 2287 797 2325; x_wconf 86' lang='lat' dir='ltr'>acceperimus</span> <span class='ocrx_word' id='word_1_671' title='bbox 818 2287 852 2316; x_wconf 90' lang='lat' dir='ltr'>ad</span> <span class='ocrx_word' id='word_1_672' title='bbox 869 2288 951 2316; x_wconf 79' lang='lat' dir='ltr'>auxi-</span> 
     </span>
     <span class='ocr_line' id='line_1_85' title="bbox 214 2328 952 2371; baseline 0.008 -15"><span class='ocrx_word' id='word_1_673' title='bbox 214 2328 281 2357; x_wconf 91' lang='lat' dir='ltr'>lium</span> <span class='ocrx_word' id='word_1_674' title='bbox 295 2330 433 2358; x_wconf 88' lang='lat' dir='ltr'>ferendum</span> <span class='ocrx_word' id='word_1_675' title='bbox 445 2331 536 2366; x_wconf 82' lang='lat' dir='ltr'>,illam</span> <span class='ocrx_word' id='word_1_676' title='bbox 560 2331 708 2371; x_wconf 85' lang='lat' dir='ltr'>perdimus,</span> <span class='ocrx_word' id='word_1_677' title='bbox 733 2343 765 2362; x_wconf 84' lang='lat' dir='ltr'>ne</span> <span class='ocrx_word' id='word_1_678' title='bbox 789 2333 851 2361; x_wconf 86' lang='lat' dir='ltr'>odia</span> <span class='ocrx_word' id='word_1_679' title='bbox 875 2334 952 2362; x_wconf 90' lang='lat' dir='ltr'>nobis</span> 
     </span>
     <span class='ocr_line' id='line_1_86' title="bbox 213 2374 950 2418; baseline 0.009 -17"><span class='ocrx_word' id='word_1_680' title='bbox 213 2374 377 2403; x_wconf 83' lang='lat' dir='ltr'>attrahamus</span> <span class='ocrx_word' id='word_1_681' title='bbox 395 2386 401 2401; x_wconf 88' lang='lat'>:</span> <span class='ocrx_word' id='word_1_682' title='bbox 418 2383 442 2404; x_wconf 90' lang='lat' dir='ltr'>et</span> <span class='ocrx_word' id='word_1_683' title='bbox 457 2378 546 2405; x_wconf 87' lang='lat' dir='ltr'>statim</span> <span class='ocrx_word' id='word_1_684' title='bbox 571 2377 622 2406; x_wconf 90' lang='lat' dir='ltr'>hoc</span> <span class='ocrx_word' id='word_1_685' title='bbox 645 2378 721 2407; x_wconf 85' lang='lat' dir='ltr'>nobis</span> <span class='ocrx_word' id='word_1_686' title='bbox 743 2379 855 2418; x_wconf 85' lang='lat' dir='ltr'>plurimi</span> <span class='ocrx_word' id='word_1_687' title='bbox 877 2379 950 2418; x_wconf 87' lang='lat' dir='ltr'>obji-</span> 
     </span>
     <span class='ocr_line' id='line_1_87' title="bbox 212 2418 950 2462; baseline 0.011 -17"><span class='ocrx_word' id='word_1_688' title='bbox 212 2418 298 2454; x_wconf 83' lang='lat' dir='ltr'>ciunt,</span> <span class='ocrx_word' id='word_1_689' title='bbox 316 2420 424 2448; x_wconf 87' lang='lat' dir='ltr'>Frustra</span> <span class='ocrx_word' id='word_1_690' title='bbox 439 2423 585 2452; x_wconf 84' lang='lat' dir='ltr'>amicitiam</span> <span class='ocrx_word' id='word_1_691' title='bbox 599 2434 698 2462; x_wconf 77' lang='lat' dir='ltr'>quaere,</span> <span class='ocrx_word' id='word_1_692' title='bbox 711 2424 837 2461; x_wconf 77' lang='lat' dir='ltr'>dicentes,</span> <span class='ocrx_word' id='word_1_693' title='bbox 850 2426 950 2453; x_wconf 88' lang='lat' dir='ltr'>frustra</span> 
     </span>
     <span class='ocr_line' id='line_1_88' title="bbox 212 2461 950 2507; baseline 0.012 -19"><span class='ocrx_word' id='word_1_694' title='bbox 212 2471 244 2489; x_wconf 93' lang='lat' dir='ltr'>ne</span> <span class='ocrx_word' id='word_1_695' title='bbox 259 2461 351 2490; x_wconf 88' lang='lat' dir='ltr'>odium</span> <span class='ocrx_word' id='word_1_696' title='bbox 367 2473 480 2500; x_wconf 76' lang='lat' dir='ltr'>quaeras.</span> <span class='ocrx_word' id='word_1_697' title='bbox 496 2466 610 2495; x_wconf 81' lang='lat' dir='ltr'>Hoccine</span> <span class='ocrx_word' id='word_1_698' title='bbox 618 2474 656 2495; x_wconf 89' lang='lat' dir='ltr'>est</span> <span class='ocrx_word' id='word_1_699' title='bbox 667 2468 766 2497; x_wconf 68' lang='lat' dir='ltr'>flustra</span> <span class='ocrx_word' id='word_1_700' title='bbox 776 2468 869 2497; x_wconf 84' lang='lat' dir='ltr'>odium</span> <span class='ocrx_word' id='word_1_701' title='bbox 879 2479 950 2507; x_wconf 78' lang='lat' dir='ltr'>quae-</span> 
     </span>
     <span class='ocr_line' id='line_1_89' title="bbox 212 2505 949 2543; baseline 0.014 -12"><span class='ocrx_word' id='word_1_702' title='bbox 212 2505 288 2532; x_wconf 75' lang='lat' dir='ltr'>rere?</span> <span class='ocrx_word' id='word_1_703' title='bbox 299 2505 365 2543; x_wconf 86' lang='lat' dir='ltr'>quid</span> <span class='ocrx_word' id='word_1_704' title='bbox 376 2506 426 2534; x_wconf 89' lang='lat' dir='ltr'>hoc</span> <span class='ocrx_word' id='word_1_705' title='bbox 440 2507 500 2536; x_wconf 85' lang='lat' dir='ltr'>odio</span> <span class='ocrx_word' id='word_1_706' title='bbox 514 2510 609 2538; x_wconf 86' lang='lat' dir='ltr'>melius</span> <span class='ocrx_word' id='word_1_707' title='bbox 623 2511 724 2541; x_wconf 75' lang='lat' dir='ltr'>fuerit?</span> <span class='ocrx_word' id='word_1_708' title='bbox 740 2512 867 2540; x_wconf 84' lang='lat' dir='ltr'>Amicitia</span> <span class='ocrx_word' id='word_1_709' title='bbox 879 2512 949 2540; x_wconf 84' lang='lat' dir='ltr'>enim</span> 
     </span>
     <span class='ocr_line' id='line_1_90' title="bbox 212 2552 949 2599; baseline 0.016 -22"><span class='ocrx_word' id='word_1_710' title='bbox 212 2561 259 2588; x_wconf 85' lang='lat' dir='ltr'>pro</span> <span class='ocrx_word' id='word_1_711' title='bbox 274 2552 330 2581; x_wconf 87' lang='lat' dir='ltr'>Deo</span> <span class='ocrx_word' id='word_1_712' title='bbox 347 2561 466 2592; x_wconf 80' lang='lat' dir='ltr'>suscepta</span> <span class='ocrx_word' id='word_1_713' title='bbox 482 2555 559 2594; x_wconf 80' lang='lat' dir='ltr'>longe</span> <span class='ocrx_word' id='word_1_714' title='bbox 574 2558 668 2587; x_wconf 86' lang='lat' dir='ltr'>melius</span> <span class='ocrx_word' id='word_1_715' title='bbox 681 2566 719 2588; x_wconf 86' lang='lat' dir='ltr'>est</span> <span class='ocrx_word' id='word_1_716' title='bbox 734 2559 827 2589; x_wconf 86' lang='lat' dir='ltr'>odium</span> <span class='ocrx_word' id='word_1_717' title='bbox 841 2570 889 2599; x_wconf 85' lang='lat' dir='ltr'>pro</span> <span class='ocrx_word' id='word_1_718' title='bbox 902 2560 949 2589; x_wconf 84' lang='lat' dir='ltr'>illo</span> 
     </span>
    </p>
   </div>
   <div class='ocr_carea' id='block_1_16' title="bbox 1008 1962 1777 2323">
    <p class='ocr_par' dir='ltr' id='par_1_16' title="bbox 1008 1962 1777 2323">
     <span class='ocr_line' id='line_1_91' title="bbox 1010 1962 1777 2002; baseline 0.001 -10"><span class='ocrx_word' id='word_1_719' title='bbox 1010 1966 1076 2001; x_wconf 80' lang='grc' dir='ltr'>μεθα</span> <span class='ocrx_word' id='word_1_720' title='bbox 1088 1986 1095 1999; x_wconf 92' lang='grc'>,</span> <span class='ocrx_word' id='word_1_721' title='bbox 1122 1963 1189 1992; x_wconf 76' lang='grc' dir='ltr'>ἀλλὰ</span> <span class='ocrx_word' id='word_1_722' title='bbox 1219 1962 1340 2002; x_wconf 78' lang='grc' dir='ltr'>ἀργυρίου</span> <span class='ocrx_word' id='word_1_723' title='bbox 1365 1963 1463 1998; x_wconf 80' lang='grc' dir='ltr'>γίνεται</span> <span class='ocrx_word' id='word_1_724' title='bbox 1493 1963 1644 2002; x_wconf 84' lang='grc' dir='ltr'>ἀτιμότερος</span> <span class='ocrx_word' id='word_1_725' title='bbox 1674 1966 1738 2001; x_wconf 82' lang='grc' dir='ltr'>ἡμῖν</span> <span class='ocrx_word' id='word_1_726' title='bbox 1763 1967 1777 1993; x_wconf 85' lang='grc' dir='ltr'>ὁ</span> 
     </span>
     <span class='ocr_line' id='line_1_92' title="bbox 1008 2008 1777 2049; baseline 0.003 -12"><span class='ocrx_word' id='word_1_727' title='bbox 1008 2009 1090 2045; x_wconf 78' lang='grc' dir='ltr'>Θεός;</span> <span class='ocrx_word' id='word_1_728' title='bbox 1107 2009 1160 2037; x_wconf 82' lang='grc' dir='ltr'>Καὶ</span> <span class='ocrx_word' id='word_1_729' title='bbox 1173 2008 1223 2047; x_wconf 68' lang='grc' dir='ltr'>γὰρ</span> <span class='ocrx_word' id='word_1_730' title='bbox 1237 2009 1302 2049; x_wconf 79' lang='grc' dir='ltr'>ὑπὲρ</span> <span class='ocrx_word' id='word_1_731' title='bbox 1317 2008 1362 2046; x_wconf 76' lang='grc' dir='ltr'>μὲν</span> <span class='ocrx_word' id='word_1_732' title='bbox 1376 2009 1498 2049; x_wconf 81' lang='grc' dir='ltr'>ἀργυρίου</span> <span class='ocrx_word' id='word_1_733' title='bbox 1514 2009 1559 2038; x_wconf 84' lang='grc' dir='ltr'>καὶ</span> <span class='ocrx_word' id='word_1_734' title='bbox 1575 2009 1719 2048; x_wconf 85' lang='grc' dir='ltr'>ἀγρυπνίας</span> <span class='ocrx_word' id='word_1_735' title='bbox 1731 2010 1777 2039; x_wconf 77' lang='grc' dir='ltr'>καὶ</span> 
     </span>
     <span class='ocr_line' id='line_1_93' title="bbox 1009 2054 1777 2093; baseline 0.003 -10"><span class='ocrx_word' id='word_1_736' title='bbox 1009 2054 1157 2092; x_wconf 66' lang='grc' dir='ltr'>ἀποδημίας</span> <span class='ocrx_word' id='word_1_737' title='bbox 1173 2055 1218 2083; x_wconf 81' lang='grc' dir='ltr'>καὶ</span> <span class='ocrx_word' id='word_1_738' title='bbox 1236 2054 1366 2087; x_wconf 71' lang='grc' dir='ltr'>κινδύνους</span> <span class='ocrx_word' id='word_1_739' title='bbox 1385 2055 1549 2090; x_wconf 84' lang='grc' dir='ltr'>ἐπαλλήλους</span> <span class='ocrx_word' id='word_1_740' title='bbox 1570 2055 1615 2084; x_wconf 86' lang='grc' dir='ltr'>καὶ</span> <span class='ocrx_word' id='word_1_741' title='bbox 1637 2060 1712 2093; x_wconf 87' lang='grc' dir='ltr'>μῖσος</span> <span class='ocrx_word' id='word_1_742' title='bbox 1731 2056 1777 2085; x_wconf 81' lang='grc' dir='ltr'>καὶ</span> 
     </span>
     <span class='ocr_line' id='line_1_94' title="bbox 1009 2100 1777 2140; baseline 0.001 -11"><span class='ocrx_word' id='word_1_743' title='bbox 1009 2101 1149 2133; x_wconf 66' lang='grc' dir='ltr'>ἐπιδουλὰς</span> <span class='ocrx_word' id='word_1_744' title='bbox 1174 2101 1218 2129; x_wconf 71' lang='grc' dir='ltr'>καὶ</span> <span class='ocrx_word' id='word_1_745' title='bbox 1243 2101 1329 2129; x_wconf 80' lang='grc' dir='ltr'>πάντα</span> <span class='ocrx_word' id='word_1_746' title='bbox 1346 2100 1516 2138; x_wconf 77' lang='grc' dir='ltr'>ὑπομένουσιν</span> <span class='ocrx_word' id='word_1_747' title='bbox 1537 2101 1685 2140; x_wconf 79' lang='grc' dir='ltr'>ἄνθρωποι·</span> <span class='ocrx_word' id='word_1_748' title='bbox 1700 2104 1777 2140; x_wconf 87' lang='grc' dir='ltr'>ἡμεῖς</span> 
     </span>
     <span class='ocr_line' id='line_1_95' title="bbox 1009 2146 1776 2186; baseline 0.001 -11"><span class='ocrx_word' id='word_1_749' title='bbox 1009 2147 1036 2176; x_wconf 74' lang='grc' dir='ltr'>δὲ</span> <span class='ocrx_word' id='word_1_750' title='bbox 1057 2146 1123 2185; x_wconf 80' lang='grc' dir='ltr'>ὑπὲρ</span> <span class='ocrx_word' id='word_1_751' title='bbox 1138 2149 1182 2175; x_wconf 80' lang='grc' dir='ltr'>τοῦ</span> <span class='ocrx_word' id='word_1_752' title='bbox 1197 2149 1265 2176; x_wconf 80' lang='grc' dir='ltr'>Θεοῦ</span> <span class='ocrx_word' id='word_1_753' title='bbox 1284 2147 1340 2175; x_wconf 69' lang='grc' dir='ltr'>οὐδὲ</span> <span class='ocrx_word' id='word_1_754' title='bbox 1355 2147 1429 2184; x_wconf 72' lang='grc' dir='ltr'>ψιλὸν</span> <span class='ocrx_word' id='word_1_755' title='bbox 1450 2148 1523 2185; x_wconf 76' lang='grc' dir='ltr'>ῥῆμα</span> <span class='ocrx_word' id='word_1_756' title='bbox 1537 2147 1663 2186; x_wconf 66' lang='grc' dir='ltr'>προέςθαι</span> <span class='ocrx_word' id='word_1_757' title='bbox 1679 2147 1776 2186; x_wconf 77' lang='grc' dir='ltr'>ἀνεχό-</span> 
     </span>
     <span class='ocr_line' id='line_1_96' title="bbox 1010 2191 1777 2231; baseline 0.001 -11"><span class='ocrx_word' id='word_1_758' title='bbox 1010 2195 1076 2231; x_wconf 75' lang='grc' dir='ltr'>μεθα</span> <span class='ocrx_word' id='word_1_759' title='bbox 1086 2215 1093 2229; x_wconf 90' lang='grc'>,</span> <span class='ocrx_word' id='word_1_760' title='bbox 1106 2192 1164 2220; x_wconf 77' lang='grc' dir='ltr'>οὐδὲ</span> <span class='ocrx_word' id='word_1_761' title='bbox 1180 2192 1320 2231; x_wconf 68' lang='grc' dir='ltr'>ἀπέχθειαν</span> <span class='ocrx_word' id='word_1_762' title='bbox 1337 2191 1525 2228; x_wconf 69' lang='grc' dir='ltr'>ἀναδέξασθαι,</span> <span class='ocrx_word' id='word_1_763' title='bbox 1536 2192 1603 2220; x_wconf 73' lang='grc' dir='ltr'>ἀλλὰ</span> <span class='ocrx_word' id='word_1_764' title='bbox 1620 2192 1651 2220; x_wconf 84' lang='grc' dir='ltr'>ἂν</span> <span class='ocrx_word' id='word_1_765' title='bbox 1664 2192 1709 2231; x_wconf 85' lang='grc' dir='ltr'>δέῃ</span> <span class='ocrx_word' id='word_1_766' title='bbox 1726 2192 1777 2221; x_wconf 80' lang='grc' dir='ltr'>τινὶ</span> 
     </span>
     <span class='ocr_line' id='line_1_97' title="bbox 1009 2238 1774 2276; baseline 0 -9"><span class='ocrx_word' id='word_1_767' title='bbox 1009 2241 1060 2267; x_wconf 80' lang='grc' dir='ltr'>τῶν</span> <span class='ocrx_word' id='word_1_768' title='bbox 1074 2238 1310 2276; x_wconf 80' lang='grc' dir='ltr'>καταπονουμένων</span> <span class='ocrx_word' id='word_1_769' title='bbox 1325 2240 1421 2275; x_wconf 77' lang='grc' dir='ltr'>ἀμῦναι</span> <span class='ocrx_word' id='word_1_770' title='bbox 1428 2261 1436 2273; x_wconf 86' lang='grc'>,</span> <span class='ocrx_word' id='word_1_771' title='bbox 1448 2238 1495 2270; x_wconf 81' lang='grc' dir='ltr'>τὰς</span> <span class='ocrx_word' id='word_1_772' title='bbox 1505 2240 1556 2266; x_wconf 84' lang='grc' dir='ltr'>τῶν</span> <span class='ocrx_word' id='word_1_773' title='bbox 1567 2238 1774 2267; x_wconf 84' lang='grc' dir='ltr'>δυναστευόντων</span> 
     </span>
     <span class='ocr_line' id='line_1_98' title="bbox 1008 2283 1775 2323; baseline 0.001 -11"><span class='ocrx_word' id='word_1_774' title='bbox 1008 2285 1103 2323; x_wconf 73' lang='grc' dir='ltr'>ἔχθρας</span> <span class='ocrx_word' id='word_1_775' title='bbox 1120 2283 1338 2321; x_wconf 81' lang='grc' dir='ltr'>ὑποστελλόμενοι</span> <span class='ocrx_word' id='word_1_776' title='bbox 1354 2283 1398 2311; x_wconf 83' lang='grc' dir='ltr'>καὶ</span> <span class='ocrx_word' id='word_1_777' title='bbox 1425 2283 1484 2315; x_wconf 74' lang='grc' dir='ltr'>τοὺς</span> <span class='ocrx_word' id='word_1_778' title='bbox 1509 2283 1659 2318; x_wconf 86' lang='grc' dir='ltr'>κινδύνους,</span> <span class='ocrx_word' id='word_1_779' title='bbox 1682 2285 1775 2323; x_wconf 78' lang='grc' dir='ltr'>προδι·</span> 
     </span>
    </p>
   </div>
   <div class='ocr_carea' id='block_1_17' title="bbox 971 2328 1776 2368">
    <p class='ocr_par' dir='ltr' id='par_1_17' title="bbox 971 2328 1776 2368">
     <span class='ocr_line' id='line_1_99' title="bbox 971 2328 1776 2368; baseline -0.001 -10"><span class='ocrx_word' id='word_1_780' title='bbox 971 2335 989 2357; x_wconf 86' lang='grc' dir='ltr'>Ι)</span> <span class='ocrx_word' id='word_1_781' title='bbox 1008 2330 1103 2367; x_wconf 77' lang='grc' dir='ltr'>δόαμεν</span> <span class='ocrx_word' id='word_1_782' title='bbox 1126 2329 1169 2358; x_wconf 78' lang='grc' dir='ltr'>τὸν</span> <span class='ocrx_word' id='word_1_783' title='bbox 1190 2328 1360 2367; x_wconf 72' lang='grc' dir='ltr'>ἠδικημένον·</span> <span class='ocrx_word' id='word_1_784' title='bbox 1376 2329 1421 2356; x_wconf 77' lang='grc' dir='ltr'>καὶ</span> <span class='ocrx_word' id='word_1_785' title='bbox 1445 2328 1553 2366; x_wconf 72' lang='grc' dir='ltr'>δύναμιν</span> <span class='ocrx_word' id='word_1_786' title='bbox 1567 2328 1690 2362; x_wconf 72' lang='grc' dir='ltr'>λαὸόντες</span> <span class='ocrx_word' id='word_1_787' title='bbox 1703 2330 1776 2368; x_wconf 79' lang='grc' dir='ltr'>παρὰ</span> 
     </span>
    </p>
   </div>
   <div class='ocr_carea' id='block_1_18' title="bbox 1005 2374 1775 2597">
    <p class='ocr_par' dir='ltr' id='par_1_18' title="bbox 1005 2374 1775 2597">
     <span class='ocr_line' id='line_1_100' title="bbox 1007 2374 1774 2413; baseline 0 -9"><span class='ocrx_word' id='word_1_788' title='bbox 1007 2378 1051 2404; x_wconf 76' lang='grc' dir='ltr'>τοῦ</span> <span class='ocrx_word' id='word_1_789' title='bbox 1074 2377 1142 2404; x_wconf 69' lang='grc' dir='ltr'>Θεοῦ</span> <span class='ocrx_word' id='word_1_790' title='bbox 1158 2375 1225 2403; x_wconf 77' lang='grc' dir='ltr'>ὥστε</span> <span class='ocrx_word' id='word_1_791' title='bbox 1242 2376 1355 2413; x_wconf 71' lang='grc' dir='ltr'>βοηθεῖν,</span> <span class='ocrx_word' id='word_1_792' title='bbox 1375 2375 1524 2412; x_wconf 77' lang='grc' dir='ltr'>ἀπόλλυμεν</span> <span class='ocrx_word' id='word_1_793' title='bbox 1540 2374 1621 2410; x_wconf 83' lang='grc' dir='ltr'>αὗτὴν</span> <span class='ocrx_word' id='word_1_794' title='bbox 1635 2374 1678 2403; x_wconf 77' lang='grc' dir='ltr'>διὰ</span> <span class='ocrx_word' id='word_1_795' title='bbox 1692 2375 1722 2404; x_wconf 80' lang='grc' dir='ltr'>τὸ</span> <span class='ocrx_word' id='word_1_796' title='bbox 1737 2375 1774 2412; x_wconf 84' lang='grc' dir='ltr'>μὴ</span> 
     </span>
     <span class='ocr_line' id='line_1_101' title="bbox 1007 2420 1775 2460; baseline -0.001 -10"><span class='ocrx_word' id='word_1_797' title='bbox 1007 2421 1146 2460; x_wconf 76' lang='grc' dir='ltr'>βούλεσθαι</span> <span class='ocrx_word' id='word_1_798' title='bbox 1164 2423 1296 2459; x_wconf 72' lang='grc' dir='ltr'>μισεῖσθαι</span> <span class='ocrx_word' id='word_1_799' title='bbox 1307 2420 1374 2458; x_wconf 74' lang='grc' dir='ltr'>μηδὲ</span> <span class='ocrx_word' id='word_1_800' title='bbox 1392 2420 1605 2459; x_wconf 65' lang='grc' dir='ltr'>ἀπεχθάνεσθαι·</span> <span class='ocrx_word' id='word_1_801' title='bbox 1623 2421 1667 2449; x_wconf 80' lang='grc' dir='ltr'>καὶ</span> <span class='ocrx_word' id='word_1_802' title='bbox 1682 2421 1775 2454; x_wconf 72' lang='grc' dir='ltr'>εὐθέως</span> 
     </span>
     <span class='ocr_line' id='line_1_102' title="bbox 1006 2466 1774 2506; baseline -0.003 -10"><span class='ocrx_word' id='word_1_803' title='bbox 1006 2470 1082 2496; x_wconf 67' lang='grc' dir='ltr'>τοῦτο</span> <span class='ocrx_word' id='word_1_804' title='bbox 1097 2467 1291 2506; x_wconf 65' lang='grc' dir='ltr'>προῧάλλονται</span> <span class='ocrx_word' id='word_1_805' title='bbox 1305 2468 1328 2494; x_wconf 85' lang='grc' dir='ltr'>οἱ</span> <span class='ocrx_word' id='word_1_806' title='bbox 1343 2466 1451 2501; x_wconf 78' lang='grc' dir='ltr'>πολλοὶ,</span> <span class='ocrx_word' id='word_1_807' title='bbox 1465 2468 1521 2504; x_wconf 81' lang='grc' dir='ltr'>εἰκῇ</span> <span class='ocrx_word' id='word_1_808' title='bbox 1537 2467 1610 2505; x_wconf 76' lang='grc' dir='ltr'>φιλοῦ</span> <span class='ocrx_word' id='word_1_809' title='bbox 1619 2487 1627 2500; x_wconf 91' lang='grc'>,</span> <span class='ocrx_word' id='word_1_810' title='bbox 1640 2466 1758 2505; x_wconf 81' lang='grc' dir='ltr'>λέγοντες</span> <span class='ocrx_word' id='word_1_811' title='bbox 1767 2489 1774 2502; x_wconf 83' lang='grc'>,</span> 
     </span>
     <span class='ocr_line' id='line_1_103' title="bbox 1006 2511 1774 2552; baseline -0.001 -10"><span class='ocrx_word' id='word_1_812' title='bbox 1006 2515 1062 2552; x_wconf 76' lang='grc' dir='ltr'>εἰκῇ</span> <span class='ocrx_word' id='word_1_813' title='bbox 1084 2513 1120 2551; x_wconf 81' lang='grc' dir='ltr'>μὴ</span> <span class='ocrx_word' id='word_1_814' title='bbox 1143 2516 1230 2551; x_wconf 74' lang='grc' dir='ltr'>μισοῧ.</span> <span class='ocrx_word' id='word_1_815' title='bbox 1248 2514 1333 2541; x_wconf 76' lang='grc' dir='ltr'>Τοῦτο</span> <span class='ocrx_word' id='word_1_816' title='bbox 1354 2511 1380 2541; x_wconf 73' lang='grc' dir='ltr'>δὲ</span> <span class='ocrx_word' id='word_1_817' title='bbox 1399 2514 1455 2550; x_wconf 70' lang='grc' dir='ltr'>εἰκῇ</span> <span class='ocrx_word' id='word_1_818' title='bbox 1473 2511 1608 2549; x_wconf 81' lang='grc' dir='ltr'>μισεῖσθαί</span> <span class='ocrx_word' id='word_1_819' title='bbox 1621 2513 1693 2547; x_wconf 79' lang='grc' dir='ltr'>ἐστι;</span> <span class='ocrx_word' id='word_1_820' title='bbox 1707 2512 1733 2540; x_wconf 85' lang='grc' dir='ltr'>τί</span> <span class='ocrx_word' id='word_1_821' title='bbox 1747 2512 1774 2541; x_wconf 76' lang='grc' dir='ltr'>δὲ</span> 
     </span>
     <span class='ocr_line' id='line_1_104' title="bbox 1005 2557 1770 2597; baseline 0 -10"><span class='ocrx_word' id='word_1_822' title='bbox 1005 2562 1049 2588; x_wconf 70' lang='grc' dir='ltr'>τοῦ</span> <span class='ocrx_word' id='word_1_823' title='bbox 1071 2559 1161 2597; x_wconf 78' lang='grc' dir='ltr'>μίσους</span> <span class='ocrx_word' id='word_1_824' title='bbox 1176 2558 1266 2588; x_wconf 79' lang='grc' dir='ltr'>τούτου</span> <span class='ocrx_word' id='word_1_825' title='bbox 1283 2563 1399 2596; x_wconf 74' lang='grc' dir='ltr'>κρεῖττον</span> <span class='ocrx_word' id='word_1_826' title='bbox 1412 2569 1419 2594; x_wconf 78' lang='lat'><em>3</em></span> <span class='ocrx_word' id='word_1_827' title='bbox 1432 2559 1488 2592; x_wconf 81' lang='grc' dir='ltr'>Τῆς</span> <span class='ocrx_word' id='word_1_828' title='bbox 1503 2557 1554 2597; x_wconf 82' lang='grc' dir='ltr'>γὰρ</span> <span class='ocrx_word' id='word_1_829' title='bbox 1570 2557 1657 2590; x_wconf 54' lang='grc' dir='ltr'>’.φιλίας</span> <span class='ocrx_word' id='word_1_830' title='bbox 1670 2559 1716 2591; x_wconf 73' lang='grc' dir='ltr'>τῆς</span> <span class='ocrx_word' id='word_1_831' title='bbox 1728 2557 1770 2587; x_wconf 73' lang='grc' dir='ltr'>διὰ</span> 
     </span>
    </p>
   </div>
  </div>
 </body>
</html>
