1887 2855
85 496 178 518 Anzuzn
192 496 224 514 xia

82 534 188 553 ἿΙΙΛῚΙιΙΙΙΙ.

83 1058 171 1078 nivium
181 1057 222 1084 spi-

83 1096 114 1110 τιατ
134 1092 191 1108 =unt.

86 1657 156 1678 Ecrli.
187 1662 223 1683 27·

84 1696 113 1715 29

637 155 693 178 JOA
700 155 717 176 N
724 155 741 176 N
748 154 775 177 15
802 152 970 176 CllRYSOST
977 167 983 174 .

237 150 307 186 836

234 220 393 251 offendicula
409 226 433 247 rt
453 216 641 256 impedimenta
667 221 753 253 parat.
779 214 832 243 Alii
848 223 912 243 vero
923 222 974 240 non

235 269 312 298 modo
327 265 453 306 pecunias
468 264 628 302 deponunt,
649 261 696 289 scd
720 261 803 289 etiam
818 270 915 299 oorpus
931 266 976 287 ut-

234 313 381 353 plurimum
403 315 556 342 macerant,
572 314 602 335 ut
615 317 662 346 per
674 312 815 345 angustam
830 305 979 334 incedentes

235 359 307 386 riam
320 370 325 385 :
341 364 370 384 tu
385 366 451 385 vero
473 364 526 382 non
539 353 590 381 hoc
606 353 694 381 solum
709 374 717 390 ,
730 351 779 380 sed
797 350 878 379 etiam
897 360 979 388 auges

235 405 362 432 vitiorum
377 403 512 431 fornacem
526 422 533 435 ‚
551 406 577 428 et
590 399 643 427 alia
661 398 712 426 tibi
725 396 914 436 circumponis.
928 396 980 425 Er—

234 460 267 488 go
283 449 309 477 in
325 448 406 476 latam
415 446 459 475 abi
470 446 547 473 viam
563 456 568 471 :
585 444 632 472 illa
643 444 716 472 enim
730 450 769 472 est
779 453 838 481 quae
852 442 892 471 tui
905 442 980 470 simi-

235 496 271 522 les
285 493 403 532 excipit;
424 497 536 530 angusta
557 496 646 518 autem
663 489 800 523 afflictos,
818 497 977 527 oppressos,

234 541 330 578 eosqui
348 539 415 568 nihil
432 538 508 567 aliud
523 543 633 577 portant
649 547 730 574 quam
742 536 799 564 haec
813 545 893 564 onera
903 557 910 571 ‚
922 545 980 573 quae
996 537 1014 559 C

233 597 280 626 per
294 596 351 613 eam
367 584 457 613 inferri
473 590 603 623 possunt,
620 582 819 621 eleemosynam
831 603 839 618 ,
857 580 980 618 benigni-

233 639 312 660 tatem
322 654 330 669 ,
345 630 522 670 probitatem,
535 627 780 658 mansuetudinem.
793 627 822 656 Si
833 627 891 655 haec
898 627 978 664 seras,

233 678 311 706 facile
322 676 421 716 poteris
435 677 536 704 intrare
548 687 555 712 ;
571 675 594 703 si
608 682 697 703 autem
709 673 904 712 arrogantiam,
922 673 980 701 ani·

235 723 274 752 mi
289 730 420 752 tumorem
431 744 439 756 ,
458 728 483 750 et
499 721 638 760 spinarum
650 729 718 748 onus
729 741 737 757 ,
751 719 862 747 divitias
874 741 881 753 ,
896 719 979 746 multa

233 769 284 798 tibi
299 778 366 807 opus
377 767 427 796 erit
441 765 604 795 latitudine:
622 775 707 803 neque
727 765 798 793 enim
821 764 847 792 in
870 764 976 793 turbam

234 815 385 853 irrumpere
395 813 511 853 poteris,
527 812 593 850 quin
607 812 674 840 alios
691 811 771 839 ferias
789 810 856 838 dum
872 820 980 839 sursum

232 861 335 900 pergis;
351 860 396 888 scd
408 859 452 887 hic
468 858 554 886 multo
568 856 723 886 latitudinis
737 856 823 895 spatio
835 857 885 885 erit
899 867 978 896 opus.

234 906 290 943 Qui
304 905 386 944 igitur
397 915 493 933 aurum
506 911 531 932 et
545 909 687 942 argentum
702 909 804 940 gestat,
817 913 912 942 nempe
925 903 980 931 vir-

234 952 299 980 tutis
310 961 404 990 opera,
417 960 469 978 non
483 949 562 977 modo
576 959 629 977 non
643 948 774 987 fugientes
784 947 926 987 proximos
938 948 978 976 of-
995 959 1014 982 1)

234 997 317 1026 fendit
328 1020 335 1033 ,
350 996 396 1025 sed
414 995 628 1036 propinquantes
648 1001 728 1032 atque
742 1004 795 1022 una
819 1004 846 1022 se
869 993 980 1032 conjun-

235 1050 333 1083 gentes.
349 1043 482 1071 Caeterum
495 1041 517 1069 si
531 1040 635 1068 divitiae
648 1041 732 1079 spinae
749 1046 813 1068 sunt
826 1061 834 1075 ‚
851 1039 917 1077 quid
930 1039 981 1067 erit

235 1089 389 1130 cupiditas?
404 1099 451 1117 cur
465 1088 533 1116 hanc
546 1094 632 1115 tecum
649 1086 715 1114 illuc
725 1085 818 1115 aufers
828 1085 842 1113 Ρ
856 1092 885 1114 ut
896 1086 980 1124 majo-

234 1148 290 1166 rem
305 1137 441 1165 ssammam
453 1134 568 1171 excites,
585 1143 664 1162 onera
679 1132 726 1160 illa
741 1131 798 1171 igni
810 1131 954 1171 subjiciens
964 1132 978 1160 9

233 1193 320 1211 annon
339 1181 403 1210 satis
422 1188 460 1209 est
476 1179 602 1219 gehennae
615 1178 708 1217 ignis?
723 1177 818 1216 Cogita
843 1177 978 1216 quomodo

234 1236 286 1256 tres
298 1227 372 1266 pueri
383 1227 518 1255 fornacem
533 1230 727 1264 superaverunt
739 1235 745 1251 :
757 1223 834 1252 illam
844 1233 899 1251 csse
913 1230 979 1262 puta

233 1275 382 1313 gehennam
396 1284 402 1300 2
418 1283 480 1301 cum
491 1271 618 1300 aerumnis
630 1270 744 1299 inillam
757 1269 911 1298 inciderunt
919 1270 978 1298 vin-

233 1321 267 1348 cti
282 1327 360 1358 atque
384 1317 548 1358 compediti3
571 1315 616 1345 sed
632 1316 748 1344 multam
770 1316 843 1344 intus
864 1315 977 1344 invene-

234 1373 296 1395 runt
308 1365 480 1394 latitudinem
497 1376 502 1391 z
520 1370 548 1392 at
561 1373 612 1392 non
626 1361 737 1402 perinde
751 1362 772 1391 ii
796 1361 844 1400 qui
861 1362 977 1390 circum-

234 1413 351 1441 stabant.

271 1466 299 1493 4.
312 1463 379 1492 Tale
386 1463 530 1503 quidpiam
541 1472 611 1491 nunc
623 1472 730 1500 quoque
743 1460 795 1490 erit
804 1483 812 1497 ‚
828 1460 850 1490 si
859 1460 977 1490 velimus
994 1468 1011 1490 Ε

233 1511 336 1540 sortiter
348 1517 374 1538 et
388 1509 503 1539 viriliter
518 1515 587 1538 stare
601 1507 731 1537 adversus
746 1507 835 1535 illatas
846 1506 974 1535 tentatio—

234 1568 278 1586 nes
292 1570 299 1586 :
315 1556 337 1586 si
355 1557 382 1585 in
397 1557 485 1585 Deum
499 1566 573 1595 spem
587 1555 735 1583 habeamus
744 1576 753 1592 ,
769 1553 870 1582 erimus
886 1563 933 1582 nos
949 1553 975 1581 in

234 1603 374 1632 securitate
388 1609 413 1631 et
431 1601 589 1639 latitudine;
611 1601 659 1639 qui
676 1611 742 1629 vero
762 1610 810 1628 nos
824 1599 974 1638 injecerint,

234 1650 379 1690 peribunt:
395 1659 457 1677 nam
473 1649 530 1686 Qui
553 1648 652 1687 fodit,
667 1646 915 1685 inquit,soveam,
931 1647 976 1673 in-

234 1697 308 1724 cidet
318 1698 349 1724 in
369 1696 464 1724 illam.
482 1694 557 1723 Licet
577 1703 672 1722 manus
689 1693 808 1722 vinciant
830 1698 855 1720 et
875 1691 974 1731 pedes,

234 1753 355 1781 pressura
368 1741 426 1781 ipsa
440 1751 486 1769 nos
501 1740 639 1769 absolvere
652 1738 759 1778 poterit.
775 1737 847 1767 Vide
859 1748 915 1766 rem
925 1737 976 1765 mi-

234 1788 345 1816 rabilem
370 1799 376 1815 z
401 1798 469 1826 quos
491 1786 613 1815 homines
634 1786 783 1814 vinxerunt
795 1806 804 1822 ,
829 1784 879 1812 hos
905 1783 977 1822 ignis

233 1834 323 1863 solvit.
339 1832 577 1869 Quemadmodum
590 1832 677 1868 enim,
692 1831 715 1860 si
730 1830 790 1869 quis
805 1830 908 1859 amicos
921 1840 976 1858 ser-

235 1880 276 1908 vis
291 1880 446 1916 tradiderit,
460 1879 500 1907 illi
511 1878 658 1907 amicitiam
669 1877 773 1906 domini
786 1876 907 1913 reveriti,
922 1887 975 1905 non

235 1926 314 1955 modo
334 1927 394 1955 illos
409 1937 462 1955 non
481 1925 602 1962 laedunt,
621 1924 668 1953 sed
685 1923 770 1952 multo
784 1922 907 1952 afficiunt
923 1922 976 1951 ho-
994 1927 1011 1949 F

236 1983 298 2001 nore
313 1985 319 2002 ι
332 1973 368 2002 ita
382 1980 408 2002 et
422 1972 492 2012 ignis
501 1984 510 2010 3
527 1972 592 2010 quia
603 1978 715 2000 noverat
725 1981 823 2010 pueros
836 1970 898 1999 illos
910 1969 977 1998 ami-

236 2030 280 2048 cos
294 2020 403 2048 Domini
422 2020 464 2048 sui
479 2030 549 2055 esse,
571 2018 680 2047 illorum
696 2017 806 2047 vincula
821 2017 936 2057 dirupit,
951 2023 977 2045 et

236 2065 315 2094 solvit
327 2066 387 2094 illos
399 2076 430 2093 ac
443 2064 562 2101 dimisit,
577 2071 658 2102 atque
678 2063 733 2092 illis
747 2063 895 2102 pavimenti
917 2062 976 2092 loco

237 2118 306 2147 erat,
322 2111 349 2139 in
370 2122 423 2149 quo
446 2109 637 2146 ambulabant;
655 2116 680 2138 et
692 2109 754 2148 jure
767 2108 877 2147 quidem
892 2120 898 2136 :
916 2119 977 2136 nam

580 157 608 179 S.

1015 152 1156 175 Ancum?
1163 167 1169 174 .
1199 152 1324 176 CONSTA
1331 152 1465 176 NTINOP.

1033 213 1154 250 σώματος
1167 213 1197 241 τὸ
1206 213 1285 241 πλέον
1297 213 1500 249 κατατήκουσιν,
1515 214 1549 245 ὡς
1562 211 1653 247 στενὴν
1668 210 1798 243 ὁδεύοντες

1031 258 1102 286 ὁδόν·
1118 258 1148 287 σὺ
1163 258 1190 287 δὲ
1206 261 1235 286 οὐ
1249 261 1326 287 τοῦτο
1340 259 1432 296 μόνον,
1446 259 1514 287 ἀλλὰ
1529 257 1573 286 καὶ
1588 257 1672 291 αὔξεις
1686 257 1734 291 τὴν
1748 257 1799 286 κά·-

1033 315 1108 342 μινον
1120 307 1172 333 τῶν
1184 306 1286 339 παθῶν,
1298 304 1344 332 καὶ
1355 303 1432 342 ἔτερα
1441 303 1635 344 ι’περιδαίλλεις
1646 305 1749 332 Οὐκοῦν
1762 304 1799 335 εἰς

1032 349 1079 384 τ’,ν
1095 349 1242 389 εὖρύχωρον
1258 349 1347 378 ἄπιθι·
1362 349 1448 384 ἐκείνη
1461 350 1512 389 γάρ
1523 350 1594 378 ἔστιν
1607 353 1624 384 ἡ
1639 348 1698 382 τοὺς
1712 348 1799 378 τοιού-

1033 407 1091 428 τους
1111 396 1239 435 δεχομένη
1251 407 1257 413 ·
1280 397 1297 430 ἡ
1313 394 1340 423 δὲ
1361 394 1438 430 στενὴ
1460 394 1518 428 τοὺς
1539 395 1719 432 θλιὸομένους,
1740 394 1800 426 τοὺς

1033 442 1239 479 ἐστενωμένους,
1251 440 1311 473 τοὺς
1324 440 1397 469 οὐδὲν
1410 439 1596 476 βαστάζοντας,
1611 442 1668 469 ἀλλ’
1686 440 1703 475 ἢ
1716 443 1800 469 ταῦτα

1033 487 1066 516 τὰ
1076 488 1178 527 φορτία,
1194 488 1210 516 ἃ
1224 488 1256 516 δι’
1269 489 1348 522 αὐτῆς
1360 486 1513 524 κομίζεσθαι
1525 486 1642 521 δυνατὸν,
1656 486 1800 525 ἐλεημοσύ-

1033 547 1089 570 νην,
1100 533 1308 573 φιλανθρωπίαν,
1322 532 1504 572 χρηστότητα,
1517 531 1667 561 ἐπιείκειαν.
1681 531 1726 560 Ἂν
1739 535 1801 560 ταῦ-

1033 592 1066 609 τα
1081 580 1223 618 βαστάζῃς,
1243 579 1355 611 εὐκόλως
1374 578 1472 617 δυνήσῃ
1492 579 1616 607 εἰσελθεῖν
1627 589 1632 594 ·
1649 577 1680 606 ἂν
1693 577 1720 606 δὲ
1735 578 1800 606 ἀπό-

1033 638 1103 655 νοιαν
1115 625 1159 654 καὶ
1170 624 1320 664 φλεγμονὴν
1332 627 1433 663 ψυχῆς,
1446 624 1490 653 καὶ
1502 624 1532 653 τὸ
1543 626 1594 652 τῶν
1607 625 1726 652 ἀκανθῶν
1739 635 1801 663 φορ-

1032 672 1097 707 τίον,
1119 672 1163 700 τὸν
1180 673 1290 700 πλοῦτον
1302 693 1309 706 ,
1325 672 1425 705 πολλῆς
1447 682 1488 699 σοι
1506 671 1544 699 δεῖ
1564 672 1611 705 τῆς
1630 669 1800 709 εὐρυχωρίας.

1033 717 1101 746 Οὐδὲ
1113 717 1164 755 γὰρ
1176 718 1211 749 εἷς
1223 717 1265 745 τὸν
1280 717 1358 755 ὄχλον
1371 716 1485 754 ἐμὸἧναί
1497 728 1538 745 σοι
1552 716 1670 751 δυνατὸν,
1681 715 1750 744 ὥστε
1763 715 1800 753 μὴ

1033 763 1133 803 ἑτέρους
1146 763 1270 798 πλήττειν
1284 763 1382 791 ἄνωθεν
1395 763 1592 803 ἐπιφερόμενον,
1605 763 1663 791 ἀλλ’
1677 762 1728 791 ἔδει
1737 761 1802 790 πολ-

1032 810 1080 843 λῆς
1099 808 1260 841 διαστάσεως
1281 810 1401 837 ἐνταῦθα.
1427 808 1461 837 Ὁ
1477 808 1564 846 μέντοι
1580 807 1719 846 ἀποφέρων
1736 817 1802 845 χρυ-

1033 854 1087 883 σίον
1099 855 1143 883 καὶ
1157 855 1290 894 ἀργύριον,
1305 854 1337 882 τὰ
1348 856 1394 888 τῆς
1407 856 1502 892 ἀρετῆς
1513 854 1582 893 λέγω
1595 852 1800 892 κατορθώματα,

1033 903 1061 930 οὔ
1081 901 1158 938 μόνον
1178 900 1317 939 φεύγοντας
1332 902 1377 928 οὐκ
1397 900 1452 939 ἔχει
1463 899 1523 933 τοὺς
1533 898 1656 935 πλησίον,
1671 898 1740 928 ἀλλὰ
1755 898 1801 926 καὶ

1033 947 1144 982 πλησίον
1166 946 1317 985 γινομένους
1338 946 1383 975 καὶ
1399 945 1611 980 ιἵσυνδυοίζοντας.
1641 946 1718 980 Πλὴν
1742 946 1764 973 εἷ
1787 945 1801 971 δ

1032 994 1142 1025 πλοῦτος
1154 992 1229 1025 αὐτὸς
1240 991 1340 1020 ἄκανθα
1352 993 1417 1027 ἐστι,
1429 991 1455 1020 τί
1469 994 1486 1026 ἡ
1501 990 1652 1028 πλεονεξίας
1664 990 1732 1023 τίνος
1743 989 1802 1018 ἕνε-

1033 1051 1076 1068 κεν
1100 1038 1198 1073 ταύτην
1221 1039 1332 1076 ἀπάγεις
1357 1040 1411 1067 ἐκεῖ
1419 1050 1428 1073 ;
1451 1037 1495 1066 ἵνα
1520 1037 1626 1075 μείζονα
1645 1035 1693 1072 τὴν
1715 1035 1801 1075 φλόγα

1033 1084 1130 1124 ἐργάσῃ
1141 1108 1149 1121 ,
1166 1084 1260 1124 φορτία
1274 1084 1406 1117 ὑποτιθεὶς
1424 1085 1462 1123 τῷ
1475 1083 1554 1123 πυρί;
1575 1084 1604 1112 οὗ
1619 1082 1671 1123 γὰρ
1684 1084 1760 1122 ἀρκεῖ
1771 1081 1802 1110 τὸ

1032 1133 1079 1165 τῆς
1098 1131 1203 1168 γεέννης
1219 1133 1284 1169 πῦρς
1298 1129 1440 1164 Ἐννόησον
1456 1131 1480 1158 οἳ
1494 1133 1566 1170 τρεῖς
1576 1130 1669 1162 παῖδες
1684 1130 1742 1161 πῶς
1751 1139 1802 1156 πε-

1034 1177 1177 1216 ριεγένοντο
1190 1179 1237 1211 ’.ἧς
1247 1176 1359 1214 καμίνου
1368 1188 1374 1193 ·
1389 1175 1512 1209 ἀέκείνην
1526 1175 1633 1213 νόμισον
1645 1173 1750 1213 γέενναν
1765 1168 1802 1201 εἷ-

1033 1235 1091 1252 ναι·
1108 1223 1175 1260 μετὰ
1189 1223 1300 1262 θλίψεως
1319 1222 1441 1252 ἐνέπεσον
1456 1223 1492 1254 εἷς
1511 1221 1592 1257 αὐτὴν
1608 1220 1742 1259 δεδεμένοι
1755 1219 1801 1247 καὶ

1033 1269 1264 1308 συμπεπεδημένοι
1273 1281 1279 1286 ·
1293 1268 1362 1298 ἀλλὰ
1379 1268 1479 1304 πολλὴν
1491 1263 1566 1307 εὗρον
1581 1267 1652 1296 ἔνδον
1668 1266 1715 1303 τὴν
1726 1266 1800 1305 εὔρυ-

1032 1316 1148 1355 χωρίαν·
1164 1317 1222 1345 ἀλλ’
1236 1316 1284 1355 οὐχ
1295 1317 1319 1344 οἱ
1331 1315 1424 1348 ἔξωθεν
1436 1316 1622 1354 περιεστῶτες.

1070 1461 1196 1491 Τοιοῦτόν
1208 1474 1234 1490 τι
1244 1461 1318 1490 ἔσται
1331 1461 1376 1490 καὶ
1386 1464 1438 1497 νῦν,
1451 1460 1495 1489 ε’ὰν
1510 1459 1664 1499 βουλώμεθα
1675 1458 1801 1497 γενναίως

1031 1509 1075 1538 καὶ
1090 1507 1212 1547 ἀνδρείως
1224 1507 1346 1536 ἵστασθαι
1361 1507 1426 1545 πρὸς
1438 1506 1497 1539 τοὺς
1511 1505 1688 1545 ἐπαγομένους
1701 1517 1800 1544 πειρα-

1031 1554 1124 1593 enode·
1142 1554 1172 1582 ἂν
1185 1555 1221 1586 εἷς
1235 1553 1278 1582 τὸν
1291 1553 1358 1583 Θεὸν
1370 1552 1473 1592 ἔχωμεν
1488 1552 1536 1585 τὰς
1549 1552 1672 1586 ἐλπίδας,
1686 1551 1800 1588 ἐσόμεθα

1032 1601 1080 1639 μὲν
1093 1603 1170 1638 ἡμεῖς
1189 1602 1214 1628 ἓν
1230 1598 1361 1638 ἀσφαλείᾳ
1378 1598 1422 1627 καὶ
1440 1598 1603 1638 εὐρυχωρία,
1617 1599 1642 1626 οἱ
1656 1596 1684 1625 δὲ
1699 1596 1800 1635 ἔμὸἄλ-

1030 1648 1118 1680 λοντες
1141 1649 1212 1684 ἡμᾶς
1237 1646 1411 1674 ἀπολοῦνται·
1434 1644 1469 1674 Ὁ
1490 1645 1542 1684 γὰρ
1555 1644 1673 1684 ὀρύσσων
1696 1643 1798 1682 βόθρον,

1030 1693 1118 1732 φησὶν,
1131 1695 1286 1730 ἐμπεσεῖται
1298 1692 1334 1723 εἷς
1349 1691 1435 1720 αὐτόν.
1447 1691 1504 1720 Κᾶν
1519 1690 1566 1723 τὰς
1579 1694 1671 1730 χεῖρας
1684 1689 1799 1724 δήσωσι,

1030 1740 1078 1769 κᾶν
1093 1739 1151 1772 τοὺς
1165 1738 1262 1772 πόδας,
1275 1740 1291 1773 ἡ
1308 1738 1394 1776 ext-{aq
1408 1739 1486 1766 λῦσαι
1502 1737 1649 1772 δυνήσεται.
1659 1734 1733 1774 Ὅρα
1746 1733 1798 1774 γὰρ

1030 1785 1060 1814 τὸ
1074 1784 1240 1824 θαυμαστόν·
1262 1783 1305 1816 οὒς
1326 1783 1421 1817 ἔδησαν
1438 1782 1586 1821 ἄνθρωποι,
1600 1781 1706 1814 τούτους
1722 1781 1798 1809 ἔλυσε

1029 1832 1060 1861 τὸ
1073 1835 1134 1871 πῧρ.
1148 1830 1276 1869 Καθάπερ
1289 1829 1341 1869 γὰρ
1356 1828 1381 1857 εἴ
1393 1841 1432 1861 τις
1443 1827 1574 1867 παραδοίη
1594 1826 1666 1859 τινὰς
1684 1831 1738 1858 τοῖς
1757 1828 1799 1854 οἰ-

1030 1878 1118 1910 κέταις
1128 1879 1179 1905 τῶν
1199 1876 1290 1915 φίλων,
1301 1871 1371 1904 οὗτοι
1386 1874 1413 1902 δὲ
1427 1874 1475 1909 τὴν
1490 1873 1578 1912 φιλίαν
1594 1871 1740 1910 αἰδούμενοι
1753 1873 1798 1900 τοῖ’)

1030 1923 1170 1959 δεσπότου,
1184 1924 1212 1951 οὗ
1228 1921 1304 1960 μόνον
1321 1922 1406 1953 αὖτοῖς
1422 1921 1450 1948 οὐ
1466 1918 1657 1957 λυμαίνονται,
1671 1917 1740 1947 ἀλλὰ
1753 1917 1798 1946 καὶ

1030 1970 1130 2004 πολλῆς
1145 1967 1314 2007 μεταδιδόασι
1327 1969 1407 2004 τιμῆς
1416 1978 1422 1983 ·
1439 1965 1508 1995 οὕτω
1521 1964 1566 1993 καὶ
1582 1964 1612 1993 το
1625 1966 1693 2003 πῦρ,
1707 1963 1798 1997 ἐπειδὴ

1031 2015 1132 2054 ἐπέγνω
1147 2015 1187 2043 ὅτι
1201 2013 1271 2053 φίλοι
1285 2016 1330 2041 τοῦ
1348 2011 1482 2041 Δεσπότου
1498 2011 1577 2039 αὐτοῦ
1591 2009 1657 2038 εἰσὶν
1669 2011 1693 2038 οἱ
1707 2009 1800 2040 παῖδες

1031 2063 1141 2096 ἐκεῖνοι,
1163 2060 1209 2089 καὶ
1228 2058 1359 2099 διέρρηξεν
1375 2059 1458 2087 αὐτῶν
1471 2057 1505 2086 τὰ
1520 2055 1619 2094 δεσμὰ,
1640 2054 1686 2084 καὶ
1708 2054 1799 2083 ἔλυσεν

1032 2107 1123 2140 αὐτοὺς
1134 2107 1179 2135 καὶ
1197 2107 1281 2144 ἀφῆκε
1289 2127 1296 2141 ,
1308 2104 1353 2133 καὶ
1364 2103 1457 2143 ἔδαφος
1469 2104 1557 2134 αὐτοῖς
1569 2101 1683 2140 ἐγίνετο,
1694 2099 1740 2128 καὶ
1752 2111 1800 2128 κα-

238 2163 344 2196 propter
358 2157 408 2185 Dei
420 2156 534 2196 gloriam
548 2156 596 2184 illo
610 2155 701 2194 injecti
712 2155 827 2184 fuerant.
844 2154 977 2190 Quicum·
986 2175 1022 2193 ΠΟ
1031 2157 1169 2182 τεπατεῖτο
1191 2152 1234 2180 ὑπ’
1255 2152 1352 2186 αὐτῶν,
1368 2150 1489 2181 εἰκότως·
1505 2148 1570 2186 ὑπὲρ
1591 2146 1642 2186 γὰρ
1663 2147 1711 2181 τῆς
1727 2145 1800 2180 δόξης

238 2212 290 2239 que
304 2202 331 2230 in
346 2203 471 2231 :erumnis
493 2212 604 2238 sumus,
626 2201 684 2230 haec
698 2200 860 2230 retineamus
881 2211 976 2229 exem-
996 2205 1014 2225 Α
1031 2199 1203 2234 ἐνεδέὸληντο
1216 2199 1261 2226 τοῦ
1277 2198 1356 2226 Θεοῦ.
1370 2195 1451 2224 “Oeen
1464 2196 1490 2223 ἐν
1505 2193 1624 2233 θλίψεσίν
1636 2193 1725 2230 ἐσμεν,
1738 2193 1800 2220 ταῦ-

240 2247 292 2285 pla.
308 2250 341 2276 At
361 2248 420 2284 illi,
438 2247 552 2286 inquies,
573 2247 607 2275 ab
624 2247 750 2275 aerumnis
763 2246 869 2275 liberati
893 2253 975 2283 sunt,

241 2302 287 2320 nos
301 2303 352 2321 non
367 2293 441 2321 item.
462 2293 560 2321 Merito
583 2292 642 2328 illi,
661 2292 725 2330 quia
740 2302 792 2320 non
813 2292 850 2320 ita
866 2291 978 2331 ingrcssi

241 2344 302 2366 sunt
316 2338 343 2366 in
359 2339 506 2375 fornacem,
520 2349 551 2367 ac
571 2338 592 2366 si
612 2337 746 2366 liberandi
768 2345 871 2373 essent,
888 2337 934 2366 scd
951 2345 978 2366 ut

274 2439 286 2456 b
306 2438 419 2471 [Rectius
428 2441 501 2466 Colb.
519 2444 657 2474 περιὲάλλει.
675 2441 723 2465 Sed
741 2448 821 2466 totum
837 2451 936 2467 comma
958 2446 994 2468 :eui

244 2482 309 2511 ἔτερα
329 2481 401 2511 nepte.
423 2480 448 2502 iu
467 2479 588 2506 Commel.
611 2482 745 2511 omissum,
772 2482 796 2504 in
816 2481 909 2506 Smilio
929 2482 993 2506 inter

245 2525 319 2540 [uiros
332 2517 389 2548 est]

1139 2244 1147 2256 Ι
1277 2243 1284 2255 Ι
1311 2244 1319 2254 <
1364 2243 1375 2252 R
1393 2241 1400 2251 Ι
1524 2240 1532 2250 ³
1587 2241 1594 2251 7
1614 2240 1641 2251 'N
1656 2238 1665 2249 ἱ
1765 2237 1771 2247 l

1032 2258 1064 2274 τα
1082 2256 1237 2285 κατεχωμεν
1257 2256 1291 2272 τα
1309 2252 1503 2280 υποοειγματα.
1529 2241 1586 2269 Αλλ
1617 2251 1687 2274 ιοου,
1710 2249 1799 2277 φησιν,

1031 2294 1124 2321 ἐκεῖνοι
1139 2290 1332 2329 ἀπηλλάγησαν
1347 2290 1394 2322 τ”ῆς
1412 2286 1536 2326 θλίψεως,
1556 2288 1634 2323 ἡμεῖς
1651 2284 1678 2313 δὲ
1691 2284 1729 2313 οὗ.
1745 2283 1798 2312 Καὶ

1032 2338 1152 2373 εἰκότως,
1166 2336 1256 2371 ἐπειδὴ
1271 2336 1319 2374 οὐχ
1332 2334 1412 2366 οὕτως
1428 2332 1553 2368 Ξ-ιέῧησαν
1573 2334 1609 2364 εἰς
1627 2331 1674 2367 τὴν
1689 2330 1800 2368 κάμινον

1077 2449 1086 2459 t
1105 2441 1164 2474 [Sic
1172 2439 1245 2465 colb,
1254 2438 1323 2463 Ediu
1335 2445 1423 2462 omnes
1434 2434 1616 2468 ςυυῑιαςῶντας]

1076 2481 1088 2499 <¹
1106 2479 1265 2504 Colbertinus
1277 2482 1345 2503 ἐκεῖ-ιο
1358 2483 1447 2502 γόνων
1468 2476 1527 2508 [sic
1539 2481 1638 2507 quoque
1649 2481 1726 2506 marg.
1737 2472 1795 2498 Sav.

1043 2521 1101 2543 Mox
1113 2518 1186 2544 Cotb.
1201 2522 1304 2544 {vinem-2
1316 2517 1324 2550 1
