1893 2860
107 728 175 749 llefur.
194 729 228 751 13.

109 765 144 788 ¹7·

111 2333 188 2353 [rod.
211 2332 234 2356 3.

114 2362 150 2391 ¹4·

270 184 339 228 274
611 195 639 216 s.

268 254 395 292 impetum
417 254 501 282 facere
523 253 651 282 adversus
671 256 818 294 majorem,
842 267 893 285 non
916 267 1007 295 rapere

267 299 463 337 principatum,
476 299 584 327 obedire
599 310 681 338 usquc
695 301 729 329 ad
742 308 862 330 mortem.
880 302 1006 340 Alioquin

266 351 289 372 et
301 344 368 371 illud
381 344 530 377 considera,
543 345 609 383 quid
619 346 700 375 allato
710 348 833 386 exemplo
843 349 1004 387 subjungat:

265 391 440 418 [inutilitate
452 394 611 429 superiores
620 394 674 421 sibi
684 396 807 421 invicem
820 396 1004 422 arbitrantes.

262 437 468 471 Arln'trantes,
490 438 576 476 inquit
593 451 598 466 :
615 450 674 468 uam
691 441 797 478 quando
812 448 837 469 ct
857 441 1003 469 secuudum

668 195 724 217 JOA
732 195 750 217 N
757 195 808 217 MS
834 196 895 218 enti
902 195 1014 219 YSOST.
1045 196 1061 217 A
1069 196 1185 219 nemer
1192 212 1198 219 .

1228 197 1479 221 CONSTANTINOP
1487 213 1493 219 .

1059 257 1142 295 λαχοῧ
1165 269 1228 295 φησι
1240 280 1247 293 ,
1274 258 1401 287 Πείθεσθε
1425 263 1478 291 τοῖς
1496 258 1649 296 ἡγουμένοις
1667 260 1753 297 ὑμῶν,
1782 260 1826 287 καὶ

1058 303 1188 331 ὑπείκετε.
1213 305 1288 332 ’timi
1308 306 1354 338 τ’ἧς
1372 305 1472 343 φύσεως
1492 307 1537 333 τοῦ
1554 304 1708 344 πράγματός
1724 307 1793 333 ἐστιν
1808 307 1823 338 ἡ

1057 348 1190 386 ὑποταγή·
1204 350 1315 377 ἐνταῦθα
1329 351 1376 383 τῆς
1390 350 1498 387 κρίσεως
1513 351 1550 379 δεῖ
1564 351 1684 389 γενέσθαι
1698 352 1744 385 τῆς
1759 353 1824 386 ἡμε-

1055 393 1140 432 τέρας.
1165 395 1207 432 Ιῇ
1221 396 1443 434 ταπεινοφροσύνῃ
1456 417 1462 430 ,
1478 396 1554 434 φησὶν
1568 419 1575 431 ,
1603 397 1731 431 ἀλλήλους
1742 396 1823 434 ἡγού-

1055 451 1128 476 μενοι
1137 439 1314 478 ὑπερέχοντας
1326 442 1425 469 ἑαυτῶν
1439 463 1446 473 ,
1458 441 1547 480 ὥσπερ
1559 442 1624 470 καὶὸ
1633 442 1745 479 Χριστὸς
1753 442 1823 470 ἐποί-

261 482 436 510 substantiam
458 494 540 512 unum
565 485 642 517 estis,
666 492 691 513 et
711 486 857 515 secundum
876 487 1003 515 honorem
1021 495 1036 517 Β
1053 496 1110 520 ησε.
1125 485 1176 513 Καὶ
1190 485 1222 513 τὰ
1237 485 1283 523 μὲν
1299 485 1404 514 ἐκείνων
1419 486 1501 518 οὕτως
1516 488 1711 527 ἀνατέτραπται
1725 499 1730 505 ·
1745 487 1779 516 τὰ
1794 487 1821 517 δὲ

259 539 272 557 a
290 530 345 558 Deo
366 537 522 570 acceptutn3
541 532 677 570 reliquum
702 541 758 570 est,
784 541 811 562 ut
828 535 883 574 ipsa
899 542 1002 563 tantum

258 576 423 606 existimatio
439 578 527 607 locum
543 580 580 608 ibi
597 580 694 609 habere
711 581 804 620 possit.
823 584 854 610 At
871 582 897 610 in
914 583 1002 622 majo-

259 622 333 650 ribus
348 629 373 651 et
391 624 554 660 minoribus,
571 636 622 654 non
637 626 674 654 ita
688 626 776 664 dixit,
791 628 997 665 Arbitrante53

259 668 304 696 sed
315 691 322 702 ,
335 668 467 698 linum-ate
479 681 523 699 eos
535 694 542 707 ‚
559 672 605 709 qui
621 672 698 701 vobis
712 674 909 712 prmstantiorcs
924 681 999 711 sunt;

259 714 486 751 quemadmodum
505 723 529 744 et
543 717 608 745 alibi
623 718 726 756 inquit,
751 720 869 747 obedite
887 730 1000 758 proepo-

258 762 322 788 sitis
336 763 456 796 vestris,
483 769 510 790 et
531 765 678 803 subjacete
692 767 742 793 eis.
768 765 826 793 Illic
852 766 922 794 enim
942 766 999 805 ipsa

258 806 296 833 rci
311 812 403 834 natura
419 808 536 846 postulat
548 809 754 848 subjectionum
768 810 812 839 hic
827 821 889 839 vero
905 822 937 839 ex
951 822 1000 839 no-

257 857 311 879 stro
335 851 437 889 judicio
462 853 648 891 proficiscatur
671 862 782 894 oportet.
807 857 999 893 Humilitate,

257 896 359 934 inquit,
380 901 540 937 superiores
564 902 619 928 sibi
645 903 768 929 invicem
797 904 975 931 arbitrantes
990 915 998 929 :

255 943 482 979 quemadmodum
495 951 519 972 ct
535 945 657 973 Clu'istus
669 946 739 974 fecit.
756 947 790 975 Et
803 947 925 975 haeretica
939 948 998 985 qui-

253 989 315 1017 dem
328 989 378 1018 hoc
393 990 473 1018 modo
488 1002 579 1020 eversa
595 999 666 1020 sunt.
686 994 817 1032 Deinceps
830 1004 892 1022 vero
909 1001 997 1023 nostra

254 1034 388 1063 afferenda
400 1043 461 1064 sunt
473 1059 481 1072 ,
492 1037 513 1064 si
527 1045 602 1065 antea
615 1037 649 1066 ad
660 1049 792 1066 summam
804 1038 947 1077 quamdam
958 1050 997 1075 ea,

254 1090 313 1117 quae
330 1080 458 1109 adversus
478 1082 538 1111 illos
558 1083 677 1119 faciunt,
701 1084 901 1123 redegerimus,
925 1086 997 1123 quod

253 1136 315 1154 cum
330 1126 429 1155 Paulus
443 1127 478 1156 ad
492 1128 575 1157 animi
590 1129 772 1158 humilitatem
790 1131 932 1166 invitaret,
945 1142 997 1160 non

253 1179 313 1197 eum
326 1170 372 1208 qui
387 1171 476 1199 minor
487 1172 529 1207 sit,
542 1183 572 1200 ac
587 1174 681 1212 majori
697 1174 818 1209 obediat,
835 1175 997 1213 protulisset.

253 1214 321 1241 Nam
341 1214 363 1241 si
386 1216 486 1252 servis,
503 1222 531 1244 ut
546 1216 664 1245 dominis
686 1217 838 1252 obedirent,
855 1218 997 1256 suasisset,

253 1265 323 1287 recte
339 1259 365 1287 id
386 1260 495 1298 quidem
513 1273 518 1288 :
536 1261 581 1290 sed
597 1262 618 1290 si
631 1285 639 1300 7
658 1270 686 1291 ut
706 1264 785 1292 liberi
803 1264 908 1300 hberis3
933 1265 998 1303 quid

252 1304 287 1332 ad
302 1305 370 1333 hanc
382 1316 436 1334 rem
452 1307 514 1335 sacit
529 1308 598 1336 servi
615 1319 677 1347 erga
691 1309 832 1339 dominum
849 1311 998 1350 subjectio?

253 1351 319 1389 quid
344 1352 455 1382 minoris
480 1365 542 1393 erga
564 1356 713 1394 majorem?
736 1358 794 1386 Non
817 1358 887 1386 enim
913 1358 997 1396 dixit,

254 1397 371 1425 Minores
393 1399 539 1437 majoribus
558 1400 702 1437 obediant,
721 1402 782 1437 sed,
800 1404 854 1437 Qui
869 1404 998 1441 :equalem

254 1442 413 1481 dignitatem
426 1445 566 1479 obtinetis,
579 1447 698 1475 vicissim
714 1449 790 1477 vobis
804 1449 910 1478 obedite
925 1462 930 1478 :
945 1451 997 1479 Su-

251 1490 395 1526 periores,
407 1490 510 1528 inquit,
528 1493 583 1519 sibi
597 1494 721 1521 invicem
737 1496 923 1524 arbitrantes.
941 1497 997 1525 Cur

254 1544 317 1562 vero
337 1534 495 1563 muliebrem
515 1536 695 1566 obedientiam
727 1549 777 1568 non
806 1540 940 1577 adduxit,
959 1543 995 1571 ita

254 1579 344 1607 dicens
359 1591 364 1606 :
378 1580 611 1614 Quemadmodum
626 1584 722 1613 mulier
734 1585 792 1615 viro
806 1586 906 1623 obedit,
922 1589 958 1616 ita
972 1595 997 1617 et

254 1635 303 1653 vos
317 1625 445 1654 obedite?
460 1627 540 1661 Quod
553 1628 573 1656 si
587 1629 673 1664 illud,
694 1631 720 1659 in
735 1642 787 1669 quo
806 1632 890 1662 inerat
905 1645 996 1672 :equa-

254 1671 315 1699 litas
340 1679 364 1700 οι
385 1672 515 1710 libertas,
536 1686 588 1704 non
611 1677 719 1714 attulit,
742 1680 870 1716 quoniam
890 1681 997 1709 omnino

255 1728 337 1756 parva
352 1718 472 1756 quendam
490 1720 516 1748 in
532 1731 562 1749 eo
578 1721 661 1750 inerat
674 1718 929 1763 subjectiojquanto
948 1727 1000 1754 mi-

255 1773 305 1791 nus
329 1764 452 1792 servilem
475 1765 727 1805 obtemperationem
739 1770 913 1808 protulisset?
939 1773 999 1801 Ve-

257 1819 316 1836 rum
331 1815 355 1836 et
377 1809 447 1838 illud
472 1811 549 1840 initio
571 1812 649 1847 dixi,
673 1815 804 1843 neminem
830 1816 889 1845 ideo
915 1817 999 1847 solere

256 1854 360 1882 laudari
373 1877 381 1891 ‚
398 1865 428 1883 ac
442 1866 475 1884 ne
489 1860 692 1887 commemorari
712 1860 821 1898 quidem
831 1884 838 1898 ,
854 1863 928 1900 quod
942 1864 998 1892 cri-

258 1900 330 1927 mina
354 1910 405 1928 non
424 1901 559 1931 admittat.
576 1904 667 1942 Neque
683 1906 753 1934 enim
771 1907 792 1935 si
807 1908 867 1944 quis
881 1909 998 1947 aliquem

258 1946 439 1984 temperantiae
450 1948 556 1976 nomine
567 1948 679 1978 laudare
689 1951 753 1979 velit
764 1975 771 1985 ,
782 1952 817 1980 ita
830 1953 911 1988 dicet,
922 1955 1000 1984 illum

258 2000 310 2018 non
325 2001 380 2019 &se
401 1992 578 2030 moechatum,
599 1995 643 2023 sed
664 1996 714 2024 hoc
729 1997 840 2036 asseret,
863 2010 878 2027 a
893 2001 999 2040 propria

258 2036 337 2065 etiam
349 2048 432 2066 uxore
443 2049 470 2067 se
482 2040 653 2070 continuisse.
670 2043 738 2071 Nam
752 2044 884 2074 abstinere
896 2053 999 2076 tantum

257 2093 273 2110 a
286 2083 377 2121 pravis
391 2084 539 2114 actionibus
555 2096 701 2125 numquam
717 2089 742 2117 in
760 2090 841 2119 laude
855 2092 999 2130 ponimus;

258 2127 287 2155 id
306 2128 376 2156 enim
390 2129 537 2159 ridiculum
550 2139 626 2160 esset.
637 2133 708 2162 Illud
725 2135 829 2172 addidi,
844 2147 934 2166 veram
945 2149 1001 2168 esse

258 2174 329 2201 servi
342 2174 455 2203 formam
466 2198 473 2212 ‚
493 2176 614 2215 nihilque
629 2179 717 2208 minus
743 2181 841 2210 habere
855 2196 861 2211 :
873 2194 955 2221 quare
975 2193 1001 2214 et

259 2220 373 2248 sormam
385 2221 434 2249 Dei
444 2223 584 2260 perfectam
596 2235 659 2261 esse,
671 2225 792 2265 nihilque
800 2228 888 2257 minus
896 2230 1001 2260 habere.

262 2265 317 2293 Cur
329 2276 380 2294 non
392 2266 474 2305 dixit,
489 2268 515 2296 in
528 2269 612 2298 forma
627 2271 677 2299 Dei
687 2272 782 2307 factus,
797 2274 852 2309 sed,
869 2276 1002 2313 Quicum

262 2312 293 2337 in
302 2311 401 2348 forma
416 2314 472 2341 Dei
485 2321 557 2343 esset
568 2318 580 2343 P
592 2316 665 2345 Idem
681 2325 719 2346 est
729 2329 759 2346 ac
772 2320 795 2347 si
807 2319 907 2350 diceret
920 2334 926 2350 :
937 2324 1002 2363 Ego

262 2366 325 2384 sum
338 2361 388 2395 (sui
399 2370 473 2387 sum.
491 2361 586 2389 Forma
605 2370 735 2401 quatenus
748 2366 832 2394 forma
853 2374 908 2405 est,
925 2379 1001 2398 eam-

262 2401 323 2429 dem
335 2402 425 2432 adesse
440 2412 562 2435 naturam
576 2407 758 2448 demonstrat;
778 2422 826 2440 nec
843 2412 899 2441 fieri
917 2421 1002 2452 potest

263 2454 292 2475 ut
306 2448 378 2485 quod
401 2450 509 2479 alterius
534 2454 651 2482 essentiae
673 2462 723 2493 est,
747 2458 866 2486 eamdem
887 2460 1001 2490 formam

262 2493 374 2530 habeam
388 2501 417 2522 ut
429 2506 506 2524 nemo
518 2497 658 2528 hominum
671 2508 718 2538 est,
730 2503 775 2540 qui
789 2505 874 2543 angeli
887 2506 1000 2535 sormam

262 2538 357 2566 habeat
367 2560 375 2575 ,
392 2549 440 2568 nec
455 2541 563 2571 brutum
580 2545 677 2573 ¹animal
690 2547 762 2584 quod
776 2548 891 2579 hominis
906 2551 1000 2580 habeat

263 2583 376 2612 sormam
395 2596 400 2611 :
417 2587 550 2623 quomodo
566 2588 648 2625 igitur
663 2591 768 2620 Filius?

1052 531 1170 571 ἡμέτερα
1194 533 1284 561 λοιπὸν
1298 533 1378 560 εἰπεῖν
1402 532 1454 571 χρὴ
1466 554 1473 567 ,
1495 534 1619 572 πρότερον
1646 536 1671 562 ἐν
1685 533 1820 573 κεφαλαίῳ

1051 577 1084 606 τὰ
1097 577 1202 606 ἐκείνων
1221 577 1328 606 εἰπόντα
1341 601 1349 614 ,
1376 578 1417 607 ὅτι
1433 580 1468 610 εἷς
1479 580 1716 619 ταπεινοφροσύνην
1731 591 1821 618 παρα-

1051 625 1138 652 καλῶν
1149 625 1195 652 οὐκ
1211 623 1241 651 ἂν
1253 623 1296 652 τὸν
1309 624 1435 652 ἐλάττονα
1455 625 1515 652 ὄντα
1527 625 1571 652 καὶ
1583 627 1620 663 τῷ
1635 625 1732 662 μείζονι
1751 627 1818 654 ὑπα-

1050 668 1181 697 κούσαντα
1195 669 1357 708 παρήγαγεν.
1385 671 1418 698 Εἰ
1433 669 1481 707 μὲν
1496 670 1547 709 γὰρ
1563 669 1666 703 δούλους
1681 670 1818 703 δεσπόταις

1049 714 1193 753 παρεκάλει
1209 715 1348 744 ὑπακούειν
1358 738 1365 751 ,
1377 715 1496 748 εἰκότως·
1510 717 1533 744 εἷ
1549 716 1575 745 δὲ
1588 716 1736 756 ἐλευθέρους
1748 717 1819 745 ἔλευ-

1050 761 1145 800 Οέροις,
1170 761 1196 789 τί
1208 763 1253 789 τοῦ
1267 761 1359 790 δούλου
1386 762 1450 801 πρὸς
1467 762 1511 790 τὸν
1535 762 1662 798 δεσπότην
1684 762 1818 799 ὑποταγὴν

1050 807 1138 844 ἔφερε;
1162 806 1188 835 τί
1204 809 1248 835 τοῦ
1262 806 1399 839 ἐλάττονος
1420 807 1484 846 πρὸς
1497 807 1540 836 τὸν
1557 807 1680 846 μείζονα;
1707 808 1753 844 Μὴ
1768 807 1818 847 γὰρ

1050 848 1120 880 εἶπεν
1129 875 1136 888 ,
1149 855 1172 881 οἱ
1185 852 1319 885 ἐλάττονες
1331 857 1384 885 τοῖς
1400 853 1515 890 μείζοσιν
1531 854 1745 889 ὑπακουέτωσαν,
1759 853 1818 882 ἀλλ’

1050 898 1164 933 ἰσότιμοι
1177 898 1298 932 ἀλλήλων
1312 899 1397 933 ὄντες,
1409 899 1568 935 ὑπακούετε,
1591 899 1731 934 Ἀλλ-ι’,λους
1742 899 1819 938 ἡγού-

1050 954 1122 979 μενοι
1145 943 1320 981 ὑπερέχοντας
1337 945 1447 972 ἑαυτῶν.
1475 945 1526 972 Διὰ
1543 945 1568 972 τί
1583 944 1609 973 δὲ
1627 945 1663 983 μὴ
1678 945 1818 984 παρήγαγε

1048 987 1096 1014 κᾶν
1116 988 1145 1016 τὸ
1161 989 1206 1021 τῆς
1221 988 1342 1026 γυναικός
1353 1000 1358 1005 ·
1381 987 1421 1016 ὅτι
1435 988 1524 1027 ὥσπερ
1537 991 1553 1023 ἡ
1566 989 1630 1027 γυνὴ
1644 989 1768 1018 ὑπακούει
1779 992 1816 1028 τῷ

1048 1033 1139 1071 ἀνδρὶ,
1164 1032 1232 1060 οὕτω
1253 1033 1298 1061 καὶ
1319 1036 1391 1071 ὑμεῖς
1405 1034 1548 1063 ὑπακούετε
1561 1047 1567 1069 ;
1592 1036 1625 1063 Εἴ
1647 1034 1672 1063 δὲ
1685 1035 1749 1074 ὅπερ
1761 1035 1816 1064 ἴσον

1047 1078 1102 1106 ἐστὶ
1119 1078 1164 1106 καὶ
1179 1078 1322 1117 ἐλευθέριον
1337 1081 1365 1107 οὔ
1378 1080 1531 1119 παρήγαγεν
1544 1103 1552 1115 ,
1574 1080 1664 1115 ἐπειδὴ
1685 1080 1751 1113 ὅλως
1767 1093 1815 1119 μι-

1047 1124 1098 1163 κρά
1111 1136 1150 1156 τις
1163 1120 1194 1160 ἦν
1210 1125 1328 1163 ὑποταγὴ
1338 1148 1345 1159 ,
1361 1125 1435 1165 πόσῳ
1451 1127 1549 1163 μᾶλλον
1564 1127 1595 1156 τὸ
1608 1129 1653 1156 τοῦ
1666 1127 1756 1156 δούλου
1769 1129 1815 1156 οὐκ

1048 1170 1078 1198 ἂν
1091 1170 1258 1209 παρήγαγεν;
1275 1167 1358 1200 Εἶπον
1372 1172 1471 1210 φθάσας
1481 1194 1488 1207 ,
1500 1172 1540 1201 ὅτι
1554 1172 1636 1206 οὐδεὶς
1649 1173 1731 1205 οὕτως
1742 1174 1815 1201 ἔπαι-

1048 1221 1087 1244 νεῖ
1101 1228 1160 1244 τινα
1176 1217 1229 1245 ἀπὸ
1242 1218 1288 1250 τῆς
1301 1218 1353 1244 τῶν
1373 1218 1462 1246 κακῶν
1476 1219 1579 1256 ἀποχῆς
1588 1240 1595 1253 ,
1619 1219 1677 1247 οὐδὲ
1691 1218 1756 1251 ὅλως
1770 1220 1816 1247 αὖ·

1049 1265 1094 1290 τοῦ
1106 1261 1251 1299 μέμνηται·
1265 1262 1322 1291 οὐδὲ
1335 1262 1455 1302 σώφρονα
1469 1264 1623 1301 βουλόμενος
1633 1264 1767 1293 ἐπαινέσαι
1777 1276 1816 1297 τις

1050 1307 1131 1339 οὕτως
1143 1308 1213 1346 ἐρεῖ,
1224 1306 1264 1335 ὅτι
1276 1309 1322 1336 οὐκ
1334 1309 1486 1347 ἐμοίχευσεν
1495 1331 1502 1343 ,
1517 1310 1574 1338 ἀλλ’
1585 1309 1626 1338 ὅτι
1638 1309 1682 1338 καὶ
1692 1312 1739 1344 τῆς
1750 1310 1817 1342 ἰδίας

1050 1353 1151 1388 ἀπέστη
1169 1353 1300 1391 γυναικός.
1318 1355 1444 1391 Οὖδαμοῦ
1459 1354 1510 1394 γὰρ
1524 1354 1571 1389 τὴν
1585 1357 1637 1384 τῶν
1649 1356 1737 1384 κακῶν
1752 1356 1818 1384 ἀπο-

1050 1398 1100 1437 χὴν
1117 1398 1236 1436 τίθεμεν
1260 1399 1342 1438 γε’λως
1364 1399 1415 1438 γὰρ
1430 1403 1515 1429 τοῦτο.
1543 1396 1626 1429 Εἶπον
1641 1400 1681 1429 ὅτι
1695 1404 1711 1436 ἡ
1729 1401 1816 1440 μορφὴ

1049 1447 1093 1472 τοῦ
1117 1444 1206 1473 ’δούλου
1233 1444 1332 1480 ἀληθὴς
1344 1468 1351 1480 ,
1371 1445 1415 1474 καὶ
1433 1446 1490 1474 οὐδὲ
1511 1446 1624 1475 ἐλάττων
1636 1458 1641 1464 ·
1661 1448 1751 1476 οὐκοῦν
1771 1447 1816 1475 καὶ

1049 1492 1064 1525 ἦ
1082 1489 1168 1528 μορφὴ
1183 1493 1228 1519 τοῦ
1243 1492 1312 1520 Θεοῦ
1324 1490 1412 1519 τελεία
1422 1513 1429 1526 ‚
1453 1491 1497 1519 καὶ
1512 1492 1558 1520 οὑκ.
1571 1491 1697 1520 ἐλάττων.
1724 1492 1776 1521 Διὰ
1791 1492 1818 1520 τί

1050 1537 1086 1574 μὴ
1101 1532 1172 1564 εἶπεν
1183 1558 1190 1571 ‚
1204 1538 1229 1565 ἐν
1244 1539 1330 1576 μορφῇ
1343 1538 1412 1566 Θεοῦ
1425 1537 1571 1575 γενόμενος,
1583 1539 1652 1572 ἀλλ’,
1662 1537 1819 1578 Ἱ“πάρχων;

1049 1582 1118 1611 Ἴσον
1136 1582 1191 1610 ἐστὶ
1205 1584 1281 1611 τοῦτο
1293 1585 1337 1610 τοῦ
1351 1584 1431 1611 εἰπεῖν
1441 1605 1448 1618 ,
1465 1582 1537 1621 Ἐγώ
1548 1585 1604 1620 εἶμι
1618 1586 1631 1612 ὁ
1640 1583 1685 1612 ὤν.
1697 1584 1737 1612 Τὸ
1749 1585 1817 1612 ἀπα-

1050 1627 1194 1667 ράλλακτον
1207 1631 1222 1663 ἡ
1237 1628 1323 1667 μορφὴ
1337 1628 1470 1664 δείκνυσι,
1482 1628 1569 1661 καθώς
1580 1631 1636 1658 ἐστι
1647 1629 1745 1668 μορφή.
1759 1629 1818 1658 Οὔκ

1015 1692 1033 1715 Ε
1050 1674 1105 1702 ἔστι
1120 1674 1146 1702 δὲ
1162 1674 1244 1708 ἄλλης
1259 1674 1347 1706 οὐσίας
1360 1674 1422 1703 ὄντα
1432 1697 1440 1709 ,
1455 1673 1503 1709 τὴν
1516 1675 1599 1709 ἄλλης
1614 1675 1716 1714 μορφὴν
1732 1674 1818 1714 ἔχειν’

1051 1722 1103 1747 οῖον
1116 1719 1198 1751 οὐδεὶς
1209 1719 1352 1758 ἀνθρώπων
1364 1720 1474 1758 ἀγγέλου
1486 1719 1541 1759 ἔχει
1553 1720 1655 1760 μορφὴν
1664 1742 1672 1754 ,
1687 1720 1745 1750 οὐδὲ
1756 1720 1821 1749 ἄλο-

1052 1776 1096 1803 γον
1110 1764 1248 1803 ἀνθρώπου
1263 1765 1319 1804 ἔχει
1334 1765 1436 1804 μορφήν
1447 1777 1453 1783 ·
1467 1768 1523 1799 πῶς
1536 1760 1579 1794 οὖν
1589 1767 1603 1794 ὁ
1616 1765 1677 1799 Υἱός
1691 1777 1699 1801 ;
