1893 2860
393 156 426 178 IN
454 156 562 180 EPIST.
591 158 615 180 I.

646 157 690 180 AD
718 159 858 182 TIMOTH.
888 159 966 182 CAP.
996 159 1043 182 Vt.

1073 159 1191 183 nomn„
1220 160 1318 184 xvut.
1577 150 1643 195 703

352 348 488 377 OMIRIA
513 346 557 384 ιη’.

71 440 255 480 Παραγγέλλω
270 452 311 470 σοι
326 440 436 470 ἐνώπιον
452 445 498 471 τοῦ
512 444 582 472 Θεοῦ
596 445 642 472 τοῦ
660 445 846 476 ζωοποιοῦντος
864 445 881 467 Β

109 486 143 515 τὰ
159 486 262 522 πάντα,
277 487 321 515 καὶ
336 487 434 527 Κυρίου
451 487 539 523 Ἰησοῦ
556 489 671 527 Χριστοῦ
687 491 731 517 τοῦ
747 500 845 527 μαρτυ-

111 531 240 571 ρήσαντος
257 533 300 562 ἐπὶ
316 533 430 561 Ποντίου
446 533 564 562 Πιλάτου
581 533 628 568 τὴν
643 533 727 568 καλὴν
748 535 845 571 ὁμολο-

109 578 180 616 γίαν,
202 579 317 617 τηρῆσαί
333 591 361 608 σε
384 579 431 614 τὴν
453 579 560 615 ἐντολὴν
575 579 698 615 ἄσπιλον,
713 579 843 614 ἀνεπίλη-

110 636 175 653 πτον
187 624 268 664 μέχρι
279 626 325 659 τ’ἧς
334 625 487 663 ἐπιφανείας
498 628 543 654 τοῦ
556 625 654 664 Κυρίου
666 626 741 663 ἡμῶν
754 624 842 660 Ἰησοῦ

110 670 242 708 Χριστοῦ·
263 670 295 704 ἣν
311 675 412 709 καιροῖς
434 670 507 703 ἰδίοις
526 671 600 704 δείξει
620 674 633 700 ὁ
648 671 778 710 μακάριος
797 670 843 699 καὶ

110 716 187 754 μόνος
198 716 341 751 δυνάστης,
355 719 367 744 ὁ
383 715 506 754 βασιλεὺς
518 719 570 745 τῶν
584 717 786 755 βασιλευόντων,
797 716 842 745 καὶ

109 762 207 800 Κύριος
222 763 272 790 τῶν
285 761 468 802 κυριευόντων,
483 765 496 790 ὁ
512 762 589 800 μόνος
603 763 671 801 ἔγων
687 762 842 798 ἀθανασίαν,

108 809 162 846 φῶς
185 808 263 836 οἰκῶν
285 807 437 846 ἀπρόσιτον,
459 807 487 836 ὃν
509 803 574 837 εἶδεν
591 809 673 841 οὐδεις
688 808 842 848 ἀνθρώπων,

108 852 167 882 οὐδὲ
194 853 257 881 ἰδεῖν
283 852 409 881 δυναται
426 855 448 892 ᾧ
461 853 526 891 τιμὴ
551 865 596 882 χαι
618 854 713 893 κράτος
728 854 842 884 αἰώνιον.

109 897 201 936 Ἀμην.

107 1044 196 1073 Πάλιν
222 1044 266 1073 τὸν
289 1045 357 1075 Θεὸν
374 1045 552 1086 μαρτύρεται,
571 1046 622 1085 πρὸ
647 1050 741 1086 μικροῦ
764 1049 840 1076 τοῦτο

67 1090 194 1127 ποιήσας,
207 1093 272 1129 ὁμοῦ
287 1091 332 1120 καὶ
343 1091 386 1120 τὸν
398 1091 477 1131 φόὸον
492 1092 576 1126 αὔξων
586 1092 632 1121 καὶ
646 1092 839 1133 ἀσφαλέστερον

67 1136 194 1169 καθιστὰς
208 1137 252 1165 τὸν
270 1137 401 1175 μαθητὴν,
423 1137 469 1166 καὶ
492 1138 607 1174 δεικνὺς,
622 1140 657 1170 ὡς
672 1140 719 1167 οὐκ
738 1139 839 1178 ἀνθρώ-

66 1193 130 1210 πινα
146 1181 180 1211 τὰ
201 1182 431 1221 παραγγέλματα,
445 1183 487 1212 ἵνα
502 1186 559 1216 dm
551 1186 614 1224 παρ’
631 1186 709 1213 αὐτοῦ
725 1187 770 1213 τοῦ
785 1187 838 1214 Δε-

66 1227 164 1256 σπότου
178 1229 322 1266 λαμβάνων
337 1241 385 1264 την
397 1241 507 1276 παραγ]ν
496 1230 589 1265 ιελίαν,
600 1230 643 1258 ἵνα
658 1230 699 1259 ἀει
713 1231 756 1260 τὸν
770 1231 839 1287 μάρ-

64 1285 130 1329 τυρα
155 1275 181 1303 ἐν
206 1274 306 1313 διανοιᾳ
322 1271 391 1314 ἔχων
413 1277 457 1314 ἀφ’
478 1278 507 1304 ου
529 1276 641 1311 ἤκουσε,
664 1288 838 1313 κατασειηται

63 1318 112 1353 τὴν
141 1319 258 1348 διάνοιαν
280 1332 312 1358 τῃ
340 1332 443 1358 μνημῃ.
467 1322 652 1360 Παραγγέλλω
668 1334 727 1358 σοι,
750 1335 838 1361 φησιν,

62 1363 174 1393 ἐνώπιον
195 1368 240 1393 τοῦ
261 1367 330 1394 Θεοῦ
349 1369 395 1394 τοῦ
411 1367 599 1399 ζωοποιοῦντος
614 1367 648 1396 τὰ
664 1368 761 1397 πάντα.
776 1369 837 1398 Ἐν-

60 1412 145 1438 ταῦθα
160 1409 204 1438 καὶ
219 1411 388 1451 παράκλησίς
402 1412 458 1440 ἐστι
473 1413 538 1451 πρὸς
553 1412 612 1446 τοὺς
624 1413 773 1449 κινδύνους,
792 1415 838 1443 καὶ

61 1457 107 1490 τῆς
123 1456 292 1487 ἀναστάσεως
302 1457 459 1495 ὑπόμνησις.
474 1458 527 1486 Καὶ
542 1459 658 1497 Χριστοῦ
671 1459 770 1495 Ἰησοῦ,
787 1473 837 1499 φη-

61 1500 87 1528 σὶ
97 1522 104 1535 ,
118 1503 164 1530 τοῦ
185 1502 402 1542 μαρτυρήσαντος
417 1504 460 1532 ἐπὶ
478 1504 590 1533 Ποντίου
606 1505 733 1534 Πιλάτου.
749 1506 836 1535 Πάλιν

60 1545 113 1575 ἀπὸ
127 1550 172 1575 τοῦ
186 1547 345 1577 διδασκάλου
360 1551 376 1583 ἡ
392 1550 540 1588 προτροπή.
554 1549 592 1579 Ὃ
616 1550 643 1580 δὲ
659 1550 744 1589 λέγει,
760 1551 836 1581 τοῦτό

59 1592 145 1620 ἐστιν’
158 1592 247 1632 ὥσπερ
262 1594 359 1626 ἐκεῖνος
371 1595 502 1631 ἐποίησεν,
517 1595 585 1624 οὕτω
595 1618 602 1631 ,
614 1596 696 1636 φησὶ,
711 1597 755 1625 καὶ
768 1599 836 1636 ὑμᾶς

59 1637 112 1677 χρὴ
127 1643 220 1668 ποιεῖν.
250 1639 301 1668 Διὰ
325 1643 402 1669 τοῦτο
422 1640 473 1680 γὰρ
495 1642 687 1682 ἐμαρτύρησεν,
712 1642 754 1671 ἵνα
775 1645 834 1672 κατ’

58 1684 130 1724 ἴχνος
141 1686 219 1714 αὐτοῦ
236 1686 367 1724 βαίνωμεν
382 1687 429 1722 τὴν
444 1688 527 1723 καλὴν
543 1688 685 1728 ὁμολογίαν
696 1701 702 1706 ·
713 1689 777 1730 ὅπερ
790 1690 834 1718 καὶ

58 1732 84 1759 ἒν
99 1732 132 1769 τῇ
147 1731 212 1771 πρὸς
222 1731 363 1771 Ἑὸραίους
377 1738 446 1762 ποιεῖ
456 1733 540 1772 λέγων
551 1746 557 1752 ·
573 1733 730 1773 Ἀφορῶντες
742 1736 777 1768 εἷς
790 1736 833 1764 τὸν

57 1779 104 1812 τῆς
115 1777 227 1810 πίστεως
242 1779 358 1818 ἀρχηγὸν
374 1780 419 1808 καὶ
438 1780 579 1816 τελειωτὴν
594 1782 716 1816 Ἰησοῦν,
732 1782 758 1814 ὃς
777 1783 834 1811 ἀντὶ

57 1825 105 1858 τῆς
121 1825 299 1863 προκειμένης
314 1827 385 1866 αὐτῷ
404 1832 490 1866 χαρᾶς
509 1827 633 1865 ὑπέμεινε
649 1828 771 1868 σταυρὸν,
788 1830 833 1857 αἷ-

57 1869 155 1908 οχύνης
180 1872 398 1910 καταφρονήσας,
416 1875 442 1901 ἐν
460 1873 532 1912 δεξιᾷ
552 1886 580 1902 τε
604 1876 650 1902 τοῦ
674 1874 764 1912 Ορόνσυ
788 1878 833 1903 τοῦ

56 1916 127 1944 Θεοῦ
152 1915 294 1944 κεκάθικε*
319 1918 364 1945 καὶ
384 1918 475 1954 πάλιν,
491 1919 694 1958 Ἀναλογίαασῡε
712 1920 764 1960 γὰρ
788 1921 832 1950 τὸν

56 1960 178 1996 τοιαύτην
202 1962 424 1999 ὑπομεμενηκότα
449 1963 501 1992 ὑπὸ
528 1966 581 1992 τῶν
606 1965 771 2003 ἁμαρτωλῶν
797 1968 833 1999 εἷς

57 2005 135 2034 αὐτὸν
149 2007 309 2045 ἀντιλογίαν,
324 2007 367 2036 ἵνα
377 2008 416 2064 μὴ
437 2009 556 2047 κάμνητε
572 2015 629 2042 ταῖς
645 2012 742 2050 ψυχαῖς
758 2013 831 2049 ὑμῶν

55 2052 219 2090 εκλυόμενοι.
241 2054 327 2082 Ἰοῦτο
342 2054 387 2082 καὶ
401 2057 445 2082 νῦν
468 2060 538 2084 ποιεῖ
553 2067 619 2095 προς
634 2068 677 2085 τον
692 2057 831 2094 μαθητήν·

54 2099 89 2130 ὡς
108 2098 137 2126 ἂν
159 2100 181 2127 εἷ
196 2098 238 2127 εΛε
241 2111 287 2155 γε,
302 2099 340 2155 μὴ
356 2099 444 2137 δείσῃς
433 2112 503 2133 ςτον
518 2101 646 2131 θάνατον·
662 2104 732 2132 Θεοῦ
745 2102 796 2142 γὰρ
810 2107 832 2132 εἰ

54 2145 144 2177 δοῦλος
158 2147 203 2173 τοῦ
224 2145 256 2173 τὰ
271 2157 340 2174 παντ
343 2158 359 2174 α
373 2146 517 2184 δυναμένου
540 2149 685 2186 ζωογονεῖν.
701 2149 784 2178 Ποίαν
804 2149 831 2178 δε

52 2189 124 2228 λέγει
139 2190 223 2225 καλὴν
239 2191 399 2229 ὁμολογίαν;
415 2192 466 2221 ““Ην
489 2195 672 2232 ἀνερωτῶντος
693 2195 812 2224 Πιλάτου
823 2216 830 2230 ,

52 2237 155 2265 Οὐκοῦν
182 2236 285 2274 βασι)
258 2249 306 2270 ευς
329 2240 351 2265 εἰ
367 2238 415 2266 σύ-
409 2261 416 2273 ,
431 2238 504 2276 Ἐγω
521 2241 558 2271 εἷς
576 2242 654 2269 τοῦτο
670 2252 699 2279 γε
701 2252 832 2278 γεννημαι
850 2249 867 2271 F

51 2282 110 2321 ἔφη.
128 2283 180 2311 Και
195 2282 286 2319 πάλιν,
298 2282 371 2322 Εγιι)
385 2279 464 2319 ἦλθον
479 2297 648 2325 μαρτυρησαι
662 2288 694 2324 τῇ
711 2287 830 2328 αληθεία.

51 2327 104 2357 Ἴδε
114 2323 185 2357 οὗτοί
196 2339 246 2366 μου
258 2328 386 2363 ἥκουσαν
401 2328 439 2358 Ἢ
452 2334 495 2359 οὖν
510 2331 554 2360 διὰ
566 2332 642 2361 τοῦτό
654 2344 745 2371 φησιν,
758 2333 775 2367 ἢ
789 2333 830 2361 ὅτι

49 2375 131 2407 εἶπεν,
147 2373 317 2412 ἐρωτώμενος
339 2376 362 2404 εἷ
376 2376 419 2404 Υ”
403 2388 439 2409 ιος
453 2378 551 2406 Θεοῦ’
539 2389 613 2413 εστι,
634 2378 672 2406 Συ
690 2378 804 2417 λέγεις”
788 2391 828 2408 οτι

49 2419 91 2447 Υ”
75 2431 110 2452 ιος
125 2422 194 2449 Θεοῦ
207 2421 263 2458 εἰμι
279 2420 341 2459 ἐγώ.
355 2421 406 2451 Καὶ
417 2423 528 2452 πολλὰ“
513 2435 590 2463 ετερα
605 2436 772 2464 εμαρτυρησε
784 2426 1035 2463 xat⁶541errogaius
1049 2433 1082 2451 an
1095 2422 1181 2451 Filius
1198 2422 1248 2450 Dei
1263 2429 1346 2459 esset,
1367 2423 1409 2450 Tu
1420 2423 1524 2452 dixisti
1531 2446 1540 2461 ,
1558 2427 1630 2463 quia
1646 2436 1699 2456 lm
1705 2443 1742 2457 22
1747 2444 1785 2466 0

1130 350 1289 380 ΗΟΜΠᾸΑ
1305 351 1412 381 XVIII.

900 442 968 470 civ.
980 443 1030 471 w.
1047 453 1071 471 v.
1090 443 1137 470 15.
1158 444 1303 482 Proecipio
1317 445 1369 472 tibi
1379 454 1478 472 coram
1497 447 1576 481 Deo,
1594 447 1646 484 qui

940 487 1076 526 ‘vivificat
1094 490 1211 523 omnia,
1229 495 1255 517 et
1273 490 1403 517 Domino
1417 490 1488 518 Jesu
1507 491 1642 526 Christo,

939 535 990 571 qui
1001 533 1174 571 testificatus
1187 540 1228 562 est
1236 536 1288 562 sul}
1302 536 1410 563 Pontio
1423 536 1524 563 Pilato
1536 538 1644 564 bonam

938 589 993 607 con
1010 580 1151 606 essionem
1161 601 1170 615 ‚
1186 579 1232 607 14.
1246 586 1277 607 ut
1287 590 1382 608 serves
1394 582 1567 609 mandatum
1580 583 1644 610 sine

937 624 1076 658 macula,
1099 625 1351 662 irreprehensibile
1367 635 1458 664 usque
1478 628 1509 654 in
1530 628 1641 656 adven-

938 676 999 698 turn
1016 670 1138 697 Domini
1149 671 1241 698 nostri
1260 670 1332 698 Jesu
1347 670 1477 698 Clu-isti.-
1498 673 1540 700 15.
1557 683 1642 710 quem

939 716 1114 753 temporibus
1136 716 1196 743 suis
1223 716 1355 744 ostendet
1381 717 1484 744 heatus
1508 724 1535 744 et
1563 718 1642 746 solus

935 767 1037 800 potens
1050 783 1058 799 ,
1076 756 1138 789 Rea:
1155 772 1253 800 regum
1277 768 1304 790 et
1325 762 1471 791 Dominus
1485 763 1643 792 dominan-

938 809 1027 845 tium,
1042 808 1088 836 16.
1103 809 1155 846 qui
1172 808 1252 836 solus
1266 808 1353 836 habel
1369 809 1642 846 immortalitatem,

936 860 965 882 et
990 854 1083 882 lucem
1107 853 1253 882 inhabitat
1281 855 1515 883 inaccessibilem
1526 878 1534 892 ‚
1556 866 1642 894 quem

938 900 1038 928 nullus
1050 900 1200 928 hominum
1213 901 1300 937 vidit,
1314 911 1406 940 neque
1417 902 1620 941 viderepotest
1631 914 1639 930 .-

937 948 985 975 cui
997 947 1092 975 honor
1102 953 1130 975 et
1145 948 1297 986 imperium
1313 953 1466 976 oeternum.
1490 949 1597 977 Amen.

938 1043 965 1069 1.
981 1040 1085 1069 Rursus
1101 1041 1190 1069 Deum
1206 1040 1320 1069 advocat
1335 1047 1426 1070 testem
1437 1064 1445 1079 ‚
1458 1042 1577 1081 utpaulo
1588 1053 1640 1072 an-

896 1094 935 1116 tea
949 1110 956 1123 ,
974 1086 1055 1115 simul
1069 1093 1094 1115 et
1113 1093 1214 1115 metum
1227 1097 1326 1126 augens
1339 1094 1364 1116 et
1376 1088 1503 1117 tutiorem
1527 1089 1641 1118 reddens

894 1133 1076 1173 discipulum,
1092 1132 1286 1171 ostendensque
1300 1144 1353 1162 non
1368 1133 1485 1163 humana
1501 1145 1557 1163 esse
1572 1147 1641 1175 pren-

895 1187 970 1219 cepta
981 1202 989 1217 ,
1004 1186 1034 1207 ut
1050 1179 1084 1207 ab
1101 1179 1159 1218 ipso
1174 1179 1291 1208 Domino
1305 1179 1464 1208 mandatum
1485 1181 1619 1220 accipiens
1629 1205 1638 1217 ‚

894 1235 1051 1264 semperque
1066 1231 1158 1252 testem
1171 1224 1197 1252 in
1213 1231 1300 1253 mente
1310 1224 1412 1254 habens
1424 1236 1486 1254 cum
1500 1237 1514 1254 a
1529 1237 1582 1265 quo
1594 1238 1641 1255 au-

894 1271 1000 1308 dierat,
1017 1270 1066 1299 hac
1079 1270 1208 1298 memoria
1222 1271 1344 1299 animum
1355 1279 1542 1301 commoveret.
1559 1275 1640 1302 Proe-

893 1319 968 1356 cipio
991 1318 1064 1352 tibi,
1086 1315 1194 1354 inquit,
1217 1327 1317 1345 coram
1343 1318 1407 1345 Deo
1430 1320 1482 1356 qui
1503 1320 1639 1358 ‘vivificat

895 1365 1004 1391 omnia.
1021 1362 1072 1390 Hic
1084 1369 1109 1390 et
1123 1362 1249 1390 solatium
1261 1369 1300 1392 est
1315 1362 1444 1392 adversus
1460 1365 1579 1403 pericula
1589 1389 1598 1401 ‚
1614 1373 1639 1394 et

892 1410 1096 1439 resurrectionis
1118 1410 1345 1439 commemoratio.
1358 1411 1399 1438 Et
1415 1411 1532 1449 Christo
1547 1413 1636 1450 Jesu,

892 1456 980 1494 inquit
993 1479 999 1490 ,
1013 1457 1064 1494 qui
1081 1455 1256 1494 testificatus
1269 1461 1311 1483 est
1329 1457 1382 1484 sub
1400 1457 1508 1484 Pontio
1522 1458 1635 1486 Pilato.

892 1502 1012 1531 Rursum
1033 1513 1047 1529 a
1063 1501 1192 1540 magistro
1213 1501 1427 1530 adhortationem
1450 1502 1563 1542 incipit:
1586 1504 1638 1533 hoc

893 1555 984 1577 autem
1004 1547 1065 1577 vult
1081 1547 1253 1586 significare:
1269 1547 1346 1576 Sicut
1367 1547 1414 1576 ille
1429 1548 1508 1585 fecit,
1525 1549 1635 1588 inquit,

892 1594 929 1623 ita
946 1602 972 1623 ct
985 1605 1034 1624 vos
1051 1595 1137 1623 facere
1161 1600 1273 1633 oportet.
1300 1593 1364 1623 Ideo
1379 1594 1451 1623 enim
1479 1596 1637 1626 testificatus

891 1650 948 1680 est,
965 1650 995 1671 ut
1009 1642 1087 1671 illum
1110 1652 1124 1670 e
1138 1641 1252 1680 vestigio
1274 1652 1420 1680 sequamur
1436 1643 1462 1672 in
1486 1643 1555 1673 Lona
1571 1655 1637 1674 con—

890 1690 1020 1719 fessione:
1039 1689 1112 1729 quod
1137 1689 1228 1729 ipsum
1251 1689 1279 1717 in
1303 1689 1424 1729 Epistola
1448 1690 1484 1719 ad
1508 1691 1635 1721 Hebraeos

889 1736 969 1774 facit,
983 1736 1075 1765 dicens
1089 1747 1095 1763 ε
1114 1738 1266 1764 Intuentes
1290 1736 1331 1764 ad
1350 1736 1423 1773 fidei
1443 1743 1591 1765 auctorem
1606 1744 1634 1766 et
1645 1756 1790 1780 ,mmm-2·

889 1789 1154 1811 consummatorem
1182 1782 1283 1810 Jesum
1296 1803 1306 1819 ,
1330 1784 1381 1820 qui
1403 1784 1550 1820 proposito
1579 1785 1634 1812 sibi
1646 1787 1670 1809 3.

887 1830 996 1868 gaudio
1010 1830 1149 1857 sustinuit
1170 1837 1286 1856 crucem
1297 1849 1306 1863 ,
1318 1828 1494 1867 confusione
1507 1836 1635 1858 contem-

890 1881 936 1910 ta,
955 1881 1044 1914 atque
1058 1876 1089 1902 in
1105 1874 1227 1902 dextera
1243 1873 1320 1902 sedis
1334 1873 1392 1901 Dei
1405 1875 1504 1907 sedet;
1520 1885 1550 1903 ac
1569 1886 1634 1904 rur-

889 1931 965 1956 sum,
983 1922 1153 1959 Recogitate
1174 1930 1258 1956 eum,
1276 1921 1327 1958 qui
1353 1920 1443 1948 talem
1462 1923 1602 1950 sustinuit
1617 1933 1636 1951 a

886 1969 1090 2006 peccatoribus
1116 1967 1258 1995 adversus
1277 1968 1462 2006 semetipsum
1488 1970 1636 1997 contradi-

888 2015 1011 2041 ctionem
1022 2025 1032 2046 ;
1045 2019 1077 2040 ut
1091 2023 1127 2040 ne
1134 2013 1305 2051 fatigemini
1319 2014 1428 2041 animis
1441 2016 1548 2043 vestris
1563 2016 1636 2054 dqfi-

888 2061 1007 2088 cientes.
1021 2059 1062 2087 lta
1077 2065 1102 2087 et
1116 2068 1188 2087 nunc
1204 2069 1232 2086 se
1246 2058 1315 2097 gerit
1326 2068 1388 2097 erga
1403 2058 1570 2098 discipulum
1584 2072 1589 2088 ε
1604 2072 1635 2090 ac

888 2103 909 2131 si
930 2103 1047 2138 diceret,
1062 2103 1103 2131 Ne
1126 2102 1221 2130 timeas
1235 2109 1366 2139 mortem3
1382 2103 1432 2131 Dei
1448 2114 1563 2142 namque
1579 2116 1631 2133 ser-

886 2158 936 2176 vus
950 2157 996 2184 cs,
1017 2146 1063 2184 qui
1087 2146 1178 2175 omnia
1196 2145 1337 2174 vivificare
1350 2153 1447 2186 potest.
1465 2147 1554 2181 Quam
1570 2159 1633 2177 vero

886 2193 954 2222 dicit
975 2193 1074 2222 bonam
1098 2192 1314 2220 confessionem?
1336 2193 1425 2228 Quam
1452 2193 1632 2233 interrogante

887 2239 974 2268 Pilato
986 2261 995 2275 ,
1009 2240 1089 2277 Ergo
1104 2240 1167 2267 Rex
1179 2249 1208 2267 es
1224 2245 1254 2267 tu
1265 2242 1277 2266 Ρ
1292 2238 1367 2267 dedit
1383 2239 1429 2267 ille
1443 2239 1550 2276 dicens,
1567 2242 1630 2280 Ego
1643 2252 1710 2273 Jmm.
1731 2252 1767 2275 ,3,

885 2287 916 2313 in
933 2287 988 2314 hoc
1004 2291 1091 2313 natus
1103 2295 1167 2313 sum
1178 2297 1189 2318 ;
1202 2291 1227 2313 et
1241 2295 1350 2313 rursum
1362 2307 1368 2319 ‚
1383 2285 1447 2323 Ego
1462 2287 1531 2314 veni
1542 2293 1573 2314 ut
1587 2293 1627 2315 te-
1643 2284 1683 2312 37·

885 2333 1052 2360 stimonium
1068 2331 1237 2370 perhibeam
1253 2332 1384 2358 veritali.
1399 2330 1468 2359 Ecce
1483 2331 1510 2360 hi
1526 2342 1568 2360 me
1583 2343 1630 2361 au-

885 2377 1004 2406 dimum.
1016 2378 1041 2406 V
1046 2377 1069 2405 el
1081 2376 1141 2405 ideo
1153 2376 1191 2404 sic
1206 2376 1343 2414 loquitur3
1357 2376 1399 2405 vel
1412 2377 1574 2415 quiidixit,
1588 2378 1630 2407 in-

48 2465 214 2504 ὡμολόγησε
238 2467 366 2506 Τηρησαι
393 2480 421 2497 σε
445 2469 493 2504 τὴν
519 2471 594 2498 ἐντολ
595 2470 626 2505 ὴν
653 2471 764 2500 ἄσπιλον
781 2472 827 2501 καὶ
846 2472 864 2494 Α
885 2470 982 2498 Filius
998 2469 1055 2497 Dei
1069 2479 1134 2497 sum
1158 2478 1230 2507 ego:
1250 2478 1281 2496 ac
1295 2467 1380 2496 multa
1394 2468 1447 2496 alia
1471 2468 1630 2499 testificatus

49 2522 91 2538 ανε
96 2511 226 2546 πίληπτον
245 2524 325 2552 μεχρι
345 2525 392 2548 της
405 2515 556 2554 ἐπιφανείας
571 2519 616 2545 τοῦ
632 2516 730 2556 Κυρίου
747 2520 824 2556 ἡμῶν

49 2554 136 2590 Ιησοῦ
153 2557 285 2596 Χριστοῦ·
302 2570 438 2597 τουτεστι,
456 2561 535 2600 μέχρι
551 2563 597 2597 τῆς
619 2574 666 2599 σης
685 2575 712 2592 τε
703 2565 743 2592 Ελε
734 2576 824 2602 ευτης,

883 2526 907 2547 ct
919 2517 1052 2547 consessus
1064 2523 1109 2545 cst.
1124 2517 1153 2545 L
1152 2523 1161 2544 t
1170 2526 1216 2545 ser
1219 2526 1265 2544 ves
1274 2516 1447 2544 mandatum
1458 2518 1522 2545 sine
1533 2528 1630 2546 macu

882 2565 911 2593 Ia
927 2562 1179 2602 irreprehensibile
1192 2563 1323 2600 usquein
1339 2562 1498 2591 adventum
1509 2563 1631 2593 Domini
