1893 2860
102 731 121 746 ι.
137 726 189 747 Car.
202 733 225 756 9.

251 147 321 182 650
593 157 618 179 s.

251 220 338 259 petuis
361 218 473 256 vigiliis,
501 217 565 256 quia
587 217 714 246 adversus
731 217 888 255 sanguinem
907 217 992 246 aciem

250 265 366 302 dirigere
380 269 493 302 oportet,
509 269 535 291 et
550 262 618 291 nihil
636 262 748 291 mnilitei
764 262 870 291 hahere.
890 264 926 291 Ut
939 264 991 291 mi-

252 312 316 339 lites
329 314 358 337 in
373 309 444 344 illis,
458 308 553 346 iuquit.
572 310 610 337 Ut
625 308 695 337 enim
709 308 735 336 in
750 308 928 344 exercitibus,
938 318 990 336 nou

249 365 341 384 omncs
357 365 410 383 uno
422 354 500 383 modo
513 354 639 391 militant,
654 354 700 383 sed
716 354 743 382 in
759 354 874 383 diversis
889 353 992 382 ordini-

249 401 301 429 bus
315 412 320 428 :
339 401 409 429 sicet
421 400 447 428 in
458 400 577 429 Ecclesia
591 400 660 428 alius
671 399 786 429 doctoris
799 399 920 428 ordinem
938 411 991 428 scr-

249 453 305 481 vat,
323 446 391 474 atius
406 445 546 485 discipuli,
563 445 633 474 alius
648 444 755 483 idiotae3
774 451 802 473 tu
820 455 883 475 vero
897 444 990 473 docto-

249 492 294 520 ris.
311 492 414 520 Deinde
436 502 469 520 nc
484 491 544 529 quis
563 498 685 530 putaret,
707 491 735 520 id
757 491 821 519 satis
841 501 905 527 csse,
925 491 990 529 quid

248 537 286 565 ait
301 537 314 565 ,⁰
338 538 458 566 Habetis
470 537 565 576 fidem
588 544 615 565 et
641 538 747 565 honam
768 538 988 565 conscientiam.

249 584 317 612 Nam
338 583 473 612 doctorem
497 583 571 622 prius
588 582 630 611 sui
647 582 785 611 doctorem
803 593 859 611 esse
878 589 988 621 oportet.

250 629 327 658 Sicut
341 629 412 658 euim
426 629 494 664 dux,
513 629 563 657 nisi
578 629 654 668 prius
670 628 750 657 fuerit
761 628 878 667 optimus
893 628 988 665 miles,

251 685 336 713 neque
350 674 408 703 dux
429 685 556 713 umquam
573 674 651 703 fuerit
670 686 676 702 :
694 673 787 703 eodem
802 673 881 702 modo
902 673 924 701 is
943 674 990 711 qui

251 720 336 749 docet.
355 721 412 749 Hoc
431 720 497 749 alibi
521 731 627 759 quoque
647 719 713 748 dicit
736 731 742 747 :
759 720 804 748 Ne
817 720 904 756 sorte,
924 729 989 747 cum

252 767 321 795 aliis
327 767 524 805 praedicavero
534 789 542 803 ,
557 768 616 805 ipse
631 767 767 804 reprobas
785 765 910 803 efficiar.
925 766 989 792 Ila-

252 814 321 841 bens
333 835 339 848 ,
357 813 559 852 inquit‚fiaelem
573 818 600 840 et
615 813 722 839 bonam
733 812 950 845 conscientiam,
961 817 989 838 ut

251 857 288 885 sic
303 857 403 885 caeteris
420 856 520 895 praesis.
537 856 599 883 Haec
613 855 750 883 audientes
766 864 798 882 ne
813 853 989 892 dedignemur

251 903 384 941 majorum
398 902 509 938 monita,
525 901 629 930 etiamsi
641 901 763 930 doctores
773 901 865 929 simus.
882 901 951 929 Nam
967 900 988 929 si

252 947 411 976 Timotheus
422 970 429 983 ,
447 948 490 975 cui
502 957 593 975 omnes
611 957 663 975 non
678 956 770 975 sumus
784 945 968 984 aequiparandi
978 968 987 983 ,

251 999 382 1032 praicepta
397 1000 421 1021 et
432 992 583 1021 doctrinam
596 993 708 1031 accipit,
722 991 804 1029 idque
820 1001 880 1019 cum
895 991 922 1020 in
939 991 989 1020 do-

249 1038 330 1066 ctoris
339 1038 431 1067 ordine
442 1045 507 1067 esset
522 1050 528 1066 :
543 1038 628 1066 multo
637 1037 722 1075 magis
733 1047 781 1066 nos
791 1036 820 1064 id
829 1036 915 1064 facere
926 1047 988 1065 con-

251 1084 333 1112 venit.
355 1085 448 1122 Quam
463 1085 584 1123 quidam
595 1084 777 1122 repellentes,
791 1082 895 1120 inquit,
911 1084 990 1111 circa

247 1130 338 1168 fidem
350 1131 538 1170 naufragium
550 1131 694 1168 fecerunt.
710 1129 807 1158 Merito
823 1135 900 1156 certe.
920 1129 989 1157 Nam

251 1175 297 1203 ubi
309 1175 361 1204 vita
373 1175 592 1214 reprehensibilis
602 1182 652 1212 est,
666 1174 763 1212 dogma
774 1173 860 1202 simile
870 1173 988 1212 paritur,

250 1220 400 1259 multosque
411 1221 501 1249 videre
514 1227 553 1250 est
564 1220 628 1249 hinc
641 1220 668 1248 in
680 1219 844 1260 profundum
856 1219 989 1248 malorum

249 1265 387 1305 delapsos,
412 1273 491 1304 atque
514 1267 541 1295 iu
565 1266 755 1305 paganismum
777 1275 927 1293 conversos.
949 1265 990 1293 Ne

251 1312 322 1340 enim
338 1313 491 1341 futurorum
505 1318 578 1340 metu
593 1311 745 1349 crucietur,
763 1311 843 1339 menti
861 1321 914 1339 suae
929 1321 989 1339 sua-

251 1360 315 1389 dere
325 1360 431 1389 student
442 1366 530 1389 nostra
542 1359 631 1388 omnia
643 1370 698 1388 esse
708 1359 785 1387 falsa.
800 1358 833 1387 Et
843 1369 858 1387 a
869 1358 923 1387 fide
933 1359 989 1396 qui-

251 1406 313 1435 dam
327 1414 500 1442 evertuntur,
514 1407 560 1445 qui
570 1406 658 1435 omnia
669 1405 816 1434 ratiociniis
829 1404 987 1443 exquirunt:

252 1453 422 1492 naufragium
437 1453 508 1481 cuim
521 1452 630 1492 pariunt
644 1451 802 1488 ratiocinia,
820 1450 940 1488 fidesque
950 1456 989 1478 est

251 1509 326 1537 quam
341 1509 416 1527 navis
430 1505 571 1527 tutissuna.

292 1547 320 1573 2.
343 1544 396 1579 Qui
420 1544 504 1582 igitur
523 1553 557 1572 ex
577 1542 624 1571 illa
643 1541 807 1577 deciderint,
827 1551 932 1569 necesse
950 1548 989 1570 est

252 1591 421 1628 naufragium
444 1590 528 1617 facere
549 1600 555 1616 t
576 1595 601 1617 et
623 1588 674 1616 hoc
697 1587 819 1626 exemplo
842 1586 956 1615 ostendit
979 1599 985 1614 :

252 1637 299 1666 20.
317 1638 366 1665 Ex
380 1637 483 1674 quibus
500 1636 677 1674 Hymenaeus
689 1640 743 1669 est,
762 1633 861 1671 inquit,
876 1639 903 1661 et
914 1633 988 1661 Ale-

251 1684 374 1710 xander.
390 1682 425 1710 Et
440 1682 537 1709 horum
552 1680 674 1719 exemplo
692 1690 738 1708 nos
753 1679 870 1717 corrigit.
883 1679 988 1708 Videtis

253 1727 387 1766 quomodo
399 1727 457 1755 istis
471 1737 578 1765 quoque
594 1725 758 1764 temporibus
769 1731 854 1753 essent
869 1725 914 1762 qui
926 1736 986 1763 per-

252 1784 328 1802 verse
338 1773 472 1806 docerent,
488 1771 535 1809 qui
551 1771 653 1799 curiose
663 1770 837 1808 inquirerent,
851 1770 896 1807 qui
911 1781 925 1798 a
936 1770 988 1798 fide

252 1817 430 1851 discederent,
445 1816 491 1854 qui
507 1815 622 1855 propriis
637 1815 783 1843 ratiociniis
799 1815 987 1853 explorarent?

253 1864 307 1899 Qui
321 1864 490 1901 naufragium
501 1862 579 1898 facit,
596 1861 685 1890 nudus
702 1868 741 1890 est
757 1868 782 1890 ct
796 1861 920 1890 omnibus
937 1861 989 1890 de-

253 1910 362 1939 stitutus
375 1922 381 1937 :
395 1910 433 1938 sic
446 1909 526 1937 etiam
539 1907 586 1946 qui
601 1918 635 1936 ex
648 1907 704 1936 fide
715 1906 825 1944 excidit,
839 1907 907 1935 nihil
919 1907 989 1936 ultra

252 1956 343 1992 habet,
357 1966 405 1984 nec
418 1955 465 1983 ubi
480 1954 616 1989 consistat,
628 1964 677 1982 nec
688 1964 741 1991 quo
754 1959 846 1992 pergat
857 1965 862 1981 :
873 1963 926 1982 non
940 1953 989 1982 ha-
999 1983 1034 2001 57⁶

644 157 784 180 sommis
809 157 990 180 cttnx'SOS'r.
1019 157 1172 182 AttentEP.
1202 160 1468 184 CONSTANJfflOP.

1044 219 1188 256 ἀγρυπνίας
1198 243 1205 256 ,
1219 220 1259 250 ὅτι
1273 222 1337 260 πρὸς
1357 218 1423 261 αἷμα
1434 222 1478 250 καὶ
1494 222 1581 260 μάχας
1594 221 1804 260 παρεσκευάσθαι

1043 264 1189 303 ὀφείλομεν,
1205 266 1244 294 ὅτι
1262 268 1490 324 παρατάττεσθαι,
1504 267 1548 296 καὶ
1561 266 1641 305 μηδὲν
1654 266 1723 305 ἔχειν
1736 278 1806 305 χαυ-

1043 321 1095 338 νον.
1119 309 1179 339 Ἵνα
1203 313 1332 351 στρατεύῃ
1352 314 1377 342 ἐν
1392 314 1481 346 αὐταῖς
1471 335 1498 349 ,
1522 312 1594 352 φησί.
1613 313 1740 352 Καθάπερ
1756 311 1807 351 γὰρ

1044 355 1087 383 ἐπὶ
1107 368 1159 384 των
1175 357 1358 395 στρατοπέεων
1373 359 1401 386 οὔ
1424 358 1519 390 πάντες
1538 360 1559 386 εἰ
1562 371 1573 391 ς
1594 357 1620 386 ἓν
1636 353 1701 390 εἰδος
1721 369 1806 413 στρα-

1043 412 1176 437 τευονται,
1192 403 1249 430 ἀλλ’
1276 403 1301 430 ἐν
1317 402 1446 441 διαφόροις
1470 403 1616 441 τάγμασιν·
1638 403 1704 432 οὕτω
1723 415 1768 431 και
1779 415 1805 432 ..ν

1043 449 1076 485 τῇ
1092 447 1253 487 Ἐκκλησία,
1268 450 1280 476 ὃ
1295 448 1342 485 μὲν
1366 450 1402 480 εἷς
1417 449 1572 478 διδασκάλου
1584 448 1667 485 τάξιν,
1690 451 1703 478 6
1722 448 1748 478 δὲ
1770 450 1806 479 εἰς

1008 494 1026 517 C
1044 495 1171 530 μαθητοῦ,
1185 495 1198 522 ὁ
1213 493 1240 522 δὲ
1255 495 1291 527 εἰς
1306 493 1419 530 ἰδιώτου,
1433 493 1463 522 σὺ
1479 493 1506 522 δὲ
1521 495 1546 522 ἐν
1558 493 1649 523 τούτω.
1663 490 1748 531 Εἶτα,
1763 494 1806 523 ἵνα

1044 538 1080 575 μή
1095 550 1134 570 τις
1148 539 1242 577 νομίσῃ
1259 540 1346 579 ἀρκεῖν
1360 542 1452 573 τοῦτο,
1464 539 1489 567 τί
1505 551 1598 577 φησιν;
1613 539 1703 579 Ἐχων
1716 540 1806 569 πίστιν

1042 584 1087 612 καὶ
1103 584 1201 622 ἀγαθὴν
1214 584 1371 619 συνείδησιν.
1385 585 1409 613 Τ
1411 584 1438 613 ὸν
1449 584 1500 623 γὰρ
1511 583 1665 613 διδάσκαλον
1679 584 1804 624 πρότερον

1042 630 1135 658 ἑαυτοῦ
1159 629 1210 668 χρὴ
1235 626 1301 658 εἶναι
1318 629 1483 658 διδάσκαλον.
1502 628 1607 668 εὨσπερ
1628 629 1679 669 γὰρ
1695 632 1709 658 6
1725 641 1805 670 στρα-

1041 674 1135 712 τηγὸς,
1155 675 1198 703 ἐὰν
1213 675 1249 712 μὴ
1268 676 1393 715 πρότερον
1406 671 1423 714 ἦ
1441 674 1601 714 στρατιώτης
1614 675 1719 713 ἄριστος
1729 698 1736 711 ,
1749 675 1806 705 οὐδὲ

1041 720 1187 758 στρατηγὸς
1204 721 1278 749 ἔσται
1292 721 1372 750 ποτέ·
1388 721 1456 750 οὕτω
1479 721 1523 750 καὶ
1537 723 1551 749 ὁ
1568 721 1706 749 διδάσκων.
1720 722 1806 750 Τοῦτο

1042 764 1086 792 καὶ
1109 767 1225 804 ἀλλαχοῦ
1249 779 1328 806 φησι·
1342 767 1389 802 Μή
1412 779 1468 799 πως
1482 767 1571 799 ἄλλοις
1585 765 1714 805 κηρύξας,
1731 766 1806 799 αὐτὸς

1042 810 1167 849 ἀδόκιμος
1184 811 1312 850 γένωμαι.
1328 812 1429 851 ''Eli-iv,
1446 812 1527 851 φησὶ,
1543 811 1631 840 πίστιν
1646 812 1691 841 καὶ
1705 811 1805 850 ἀγαθὴν

1040 856 1199 892 συνείδησιν,
1213 857 1264 886 *i'v'
1277 857 1343 886 οὕτω
1366 859 1417 886 τῶν
1432 858 1517 886 ἄλλων
1528 862 1696 897 προϊστᾶσαι.
1712 858 1806 886 Ταῦτα

1007 908 1025 930 Ι)
1041 901 1192 939 ἀκούοντες,
1214 903 1250 940 μὴ
1267 903 1336 936 ἅπαξ
1340 903 1458 941 :dm->usit
1473 903 1520 936 τὰς
1539 905 1590 932 τῶν
1604 903 1728 941 μειζόνων
1750 915 1807 932 πα-

1043 947 1186 986 ραινέσεις,
1201 948 1249 976 κᾶν
1268 943 1459 977 διδάσκαλοι
1440 960 1523 986 osasv-
1546 949 1580 977 Εἰ
1598 947 1650 987 γὰρ
1662 948 1806 986 Τιμόθεος,

1040 996 1069 1021 οὑ
1088 993 1184 1026 πάντες
1199 995 1245 1022 οὐκ
1265 994 1343 1032 ἐσμὲν
1362 993 1440 1026 ἀντάξ
1444 1005 1491 1029 ιοι,
1506 992 1611 1032 δέχεται
1627 993 1806 1032 παραγγελίας

1041 1050 1086 1067 και
1109 1039 1274 1075 διδάσκεται,
1295 1039 1339 1068 καὶ
1354 1051 1438 1067 ταυτα
1452 1041 1477 1068 ἐν
1492 1038 1564 1072 τάξει
1585 1038 1776 1067 διδασκάλου*
1760 1050 1806 1074 ων,

1040 1084 1131 1123 πολλῷ
1145 1086 1243 1122 μᾶλλον
1255 1087 1342 1123 ἡμεῖς.
1351 1084 1405 1114 εἨν
1419 1096 1500 1120 τινες,
1515 1084 1604 1124 φησὶν,
1621 1084 1806 1123 ἀπωσάμενοι,

1041 1130 1101 1170 περὶ
1115 1130 1163 1166 τὴν
1177 1131 1265 1160 πίστιν
1287 1131 1461 1170 ἐναυάγησαν.
1481 1131 1608 1163 Εἰκότως.
1619 1130 1706 1159 ’Ὀταν
1724 1129 1774 1169 γὰρ
1788 1126 1806 1169 ἦ

1043 1176 1097 1214 βίος
1110 1177 1324 1216 ἀπεγνωσμένος,
1336 1177 1380 1206 καὶ
1392 1177 1477 1215 δόγμα
1487 1176 1604 1206 τίκτεται
1618 1179 1732 1205 τοιοῦτον
1742 1187 1749 1194 ’
1761 1177 1806 1204 καὶ

1040 1221 1110 1250 ἔστιν
1123 1223 1184 1251 ἰδεῖν
1198 1223 1310 1256 πολλοὺς
1325 1225 1354 1252 ἐκ
1365 1222 1455 1252 τούτου
1470 1222 1668 1254 καταπεσόντας
1680 1223 1715 1254 εἷς
1731 1222 1806 1260 βυθὸν

1041 1269 1140 1303 κακῶν,
1162 1268 1208 1297 καὶ
1228 1270 1264 1301 εἷς
1288 1269 1444 1306 ἑλληνισμὸν
1464 1267 1649 1306 ἐκτραπέντας.
1668 1266 1728 1297 Ἵνα
1755 1266 1806 1306 γὰρ

1042 1313 1078 1350 μὴ
1095 1315 1133 1353 τῷ
1148 1313 1221 1354 φόὲῳ
1235 1316 1287 1343 ‘ci-”w
1302 1314 1451 1352 μελλόντων
1469 1313 1660 1352 βασανίζωνται
1670 1335 1678 1350 ,
1691 1314 1807 1342 σπουδά-

1041 1359 1112 1391 ζουσι
1136 1365 1226 1388 πεῖσαι
1247 1361 1294 1396 τὴν
1315 1360 1412 1399 ψυχὴν,
1435 1361 1475 1388 ὅτι
1494 1360 1575 1398 ψευδῆ
1592 1358 1678 1387 πάντα
1690 1359 1723 1386 τὰ
1741 1361 1804 1398 παρ’

1041 1407 1115 1442 ἡμῖν.
1138 1405 1190 1434 Καὶ
1212 1405 1324 1438 πίστεώς
1339 1417 1406 1437 τινες
1426 1405 1612 1444 ἐκτρέπονται,
1628 1405 1652 1433 οἱ
1672 1405 1806 1443 λογισμοῖς

1040 1450 1070 1478 τὸ
1091 1455 1143 1479 πᾶν
1160 1452 1294 1486 ζητοῦντες
1306 1463 1312 1468 ·
1334 1451 1458 1488 ναυάγιον
1480 1450 1532 1490 γὰρ
1549 1450 1686 1490 ἐργάζεται
1700 1452 1713 1478 ὁ
1730 1451 1804 1489 λογι-

1041 1495 1120 1533 σμὸς,
1134 1507 1178 1524 και
1193 1495 1253 1525 ὡστ’
1244 1508 1283 1551 ερ
1296 1497 1386 1525 πλοῖον
1402 1496 1542 1535 ἀσφαλές’
1531 1507 1600 1525 εστιν
1613 1498 1630 1530 ἡ
1645 1496 1743 1528 πίστις.

1079 1541 1175 1573 Γους’
1164 1553 1277 1580 εκτραπε
1280 1554 1340 1573 ντας
1353 1541 1436 1570 τοίνυν
1449 1543 1544 1570 ἐκεῖθεν
1558 1540 1659 1579 ἀνάγκη
1673 1545 1805 1579 ναυαγεῖν,

1041 1585 1085 1614 καὶ
1100 1586 1212 1616 δείκνυσι
1227 1590 1303 1616 τοῦτο
1324 1587 1376 1615 ἀπὸ
1391 1599 1436 1615 του
1451 1586 1650 1625 ὃποδειγματος.
1664 1582 1716 1615 Ὡν
1734 1588 1805 1615 ἐστιν

1041 1631 1192 1669 Ὑμέναιος,
1216 1645 1295 1672 φησι,
1319 1634 1363 1662 καὶ
1379 1633 1449 1661 Ἀλέῖ
1439 1633 1552 1672 ςανδρος.
1567 1632 1621 1661 Καὶ
1643 1633 1695 1662 ἄπο
1707 1632 1806 1662 τούτων

1040 1679 1110 1723 ᾑμδὶς
1122 1678 1284 1717 σωφρονίζει.
1297 1678 1394 1717 “Ορ’ᾶτε
1410 1681 1465 1711 πῶς
1480 1678 1505 1712 ἐξ
1520 1678 1626 1707 ἐκείνων
1640 1680 1691 1707 τῶν
1704 1677 1805 1718 χρόνων

1041 1725 1108 1756 ἦσαν
1129 1725 1152 1750 οἱ
1172 1723 1424 1763 παραδιδάσκοντες,
1439 1725 1463 1752 οἱ
1475 1725 1768 1763 πολυπραγμονοῦντες,
1783 1725 1807 1753 οἱ

1008 1777 1024 1799 F
1041 1770 1088 1803 τῆς
1101 1768 1214 1801 πίστεως
1228 1769 1403 1808 ἀπεχόμενοι,
1415 1771 1456 1798 “oi
1471 1771 1607 1804 ζητοῦντες
1620 1770 1755 1808 λογισμοῖς
1771 1771 1809 1798 οἷ-

1041 1813 1136 1849 κείοις;
1150 1813 1184 1843 Ὁ
1199 1817 1317 1853 ναυαγῶν
1328 1814 1424 1853 γυμνὸς
1438 1813 1482 1842 καὶ
1496 1814 1602 1843 πάντων
1615 1814 1686 1843 ἐστὶν
1697 1814 1807 1854 ἔρημος·

1041 1857 1109 1887 ουτω
1128 1871 1173 1888 και
1190 1862 1203 1888 ὁ
1221 1861 1269 1894 τῆς
1289 1859 1404 1892 πίστεως
1418 1859 1536 1888 ἐκπεσὼν
1551 1859 1652 1888 οὖδὲν”
1638 1871 1703 1916 εχει,
1706 1859 1809 1895 λοιπὸν,

1041 1905 1090 1943 ουχ
1104 1904 1167 1934 ὅπου
1183 1917 1248 1943 στῃ,
1265 1906 1313 1944 οὐχ
1334 1905 1398 1934 ὅπου
1409 1905 1558 1961 Νκατάσχῃ·
1574 1906 1603 1933 οὖ
1619 1905 1703 1943 βίον’
1688 1917 1758 1944 εχει,
1775 1905 1809 1933 δι’

1041 1952 1070 1978 οὗ
1086 1949 1209 1990 κερδαίνῃ
1225 1962 1250 1978 τι
1266 1952 1378 1979 ἐκεῖθεν·
1393 1962 1440 1985 της
1456 1949 1508 1989 γὰρ
1523 1951 1638 1990 κεφαλῆς
1649 1950 1809 2008 διεφθαρμέ-

253 2002 297 2030 bet
308 2001 402 2035 vitam,
419 2011 477 2038 quae
493 1999 545 2039 ipsi
562 1999 688 2039 prodesse
702 1999 790 2028 valeat
805 2010 811 2026 :
828 2009 890 2027 nam
904 1999 990 2038 capite
1008 2012 1026 2033 A
1042 2007 1101 2032 νης,
1115 1995 1142 2023 τί
1162 1999 1208 2024 τοῦ
1221 1997 1314 2025 λοιποῦ
1330 1995 1452 2034 σώματος
1466 1996 1572 2035 ὅφελοςῖ
1584 1997 1618 2025 Ei
1628 1995 1680 2034 γαρ
1692 1999 1708 2032 ἡ
1722 1995 1809 2028 πίστις

252 2049 310 2087 jam
321 2053 457 2086 corrupto,
472 2045 538 2084 quid
554 2044 663 2084 prodest
677 2044 812 2082 reliquum
827 2045 947 2084 corpus?
961 2045 990 2073 Si

255 2093 326 2121 enim
341 2091 407 2120 fides
424 2091 481 2120 sine
494 2091 563 2119 bona
582 2090 638 2119 vita
653 2089 721 2118 nihil
736 2096 788 2126 est,
807 2089 891 2118 multo
906 2090 991 2128 magis

256 2136 278 2165 si
295 2136 341 2164 illa
357 2135 437 2164 absit.
460 2135 488 2164 Si
505 2145 552 2163 sua
570 2134 684 2174 despicit
704 2135 775 2163 Deus
794 2140 902 2173 propter
923 2144 988 2171 nos,

256 2182 343 2211 multo
359 2181 444 2220 magis
463 2191 511 2210 nos
529 2187 637 2220 propter
657 2180 735 2208 illum
750 2187 840 2208 nostra
857 2179 992 2219 despicere

257 2234 371 2268 oportet.
387 2228 427 2255 Ita
443 2227 513 2255 enim
526 2237 554 2255 se
566 2226 646 2254 habet
658 2226 680 2254 is
692 2225 737 2264 qui
750 2236 784 2254 ex
799 2225 852 2254 fide
866 2225 967 2254 excidit
983 2239 988 2254 :

258 2284 390 2312 nusquam
404 2273 540 2310 consistit,
556 2272 619 2300 hinc
636 2271 710 2300 illinc
725 2278 814 2307 natat,
826 2271 910 2301 donec
925 2272 993 2300 sub-

258 2326 401 2358 mergatur.
419 2319 496 2357 ans
509 2317 630 2355 tradidi,
645 2317 733 2355 inquit
743 2339 751 2352 ‚
764 2323 886 2352 satanoe,
903 2323 935 2346 ut
948 2317 992 2345 di-

259 2372 343 2394 scant
354 2375 413 2393 non
423 2365 629 2403 blasphemare.
639 2362 739 2393 Viden’
748 2362 819 2401 quod
826 2362 991 2402 blasphemia

296 2476 306 2487 *
325 2474 409 2507 [Coib-
422 2478 448 2500 ἵν’
459 2477 517 2501 οὕτω
530 2477 622 2507 Eburi...-

262 2512 329 2545 quod
339 2512 467 2543 edebatur,
480 2514 622 2545 scripsimus
634 2520 774 2547 προῖκα-(σαι.
788 2514 796 2544 ]

635 2478 791 2508 προίστασθαι.
806 2475 854 2499 Pro
867 2480 998 2508 προίστασαι
1003 2493 1009 2503 ,

1044 2041 1100 2080 βίου
1115 2042 1196 2082 χωρὶς
1211 2042 1284 2071 οὖδέν
1299 2043 1372 2079 ἐστι,
1384 2044 1475 2081 πολλῷ
1489 2043 1589 2080 μᾶλλον
1600 2041 1760 2070 τούναντίον.
1775 2042 1810 2070 Εἰ

1042 2090 1094 2116 τῶν
1110 2091 1187 2117 αὑτοῦ
1206 2093 1366 2127 καταφρονεῖ
1377 2090 1390 2117 6
1404 2088 1472 2121 Θεὸς
1489 2089 1521 2117 δι’
1537 2090 1622 2126 ἡμᾶς,
1636 2089 1726 2127 πολλῷ
1743 2089 1811 2126 μᾶλ-

1043 2134 1087 2162 λον
1106 2136 1177 2172 ἡμᾶς
1199 2135 1251 2163 τῶν
1271 2134 1405 2173 ἡμετέρων
1423 2134 1456 2162 δι’
1469 2133 1545 2162 αὐτὸν
1560 2133 1614 2173 χρὴ
1629 2137 1810 2172 καταφρονεῖν.

1044 2179 1124 2208 Οὕτω
1134 2180 1184 2219 γάρ
1195 2182 1265 2209 ἔστιν
1277 2179 1339 2209 ὅταν
1355 2192 1394 2212 τις
1413 2179 1513 2218 ἐκπέσῃ
1532 2181 1579 2214 τῆς
1595 2179 1709 2212 πίστεως
1718 2179 1812 2208 ··οὗδα·

1046 2229 1095 2264 μοῦ
1120 2225 1240 2262 ἵσταται,
1256 2225 1324 2255 ἀλλὰ
1345 2225 1428 2260 ἄλλην
1455 2225 1542 2258 ἄλλως
1564 2224 1690 2264 νήχεται,
1713 2223 1762 2257 ἕως
1781 2223 1812 2253 ἂν

1044 2273 1240 2310 καταποντισθῇ
1255 2271 1344 2300 πάλιν.
1364 2270 1419 2304 Οὒς
1438 2270 1595 2312 παρέδωκα,
1611 2269 1689 2309 φησὶ,
1705 2272 1743 2310 τῷ
1759 2281 1811 2298 σα-

1044 2322 1110 2356 τανᾷ
1122 2339 1130 2353 ,
1154 2317 1198 2346 ἵνα
1219 2318 1380 2346 παιδευθῶσι
1405 2316 1442 2355 μὴ
1467 2318 1642 2356 βλασφημεῖν.
1663 2315 1745 2355 Ὁρᾷς
1771 2315 1812 2345 ὅτι

1046 2363 1201 2402 βλασφημία
1219 2362 1275 2392 ἐστὶ
1298 2363 1328 2392 τὸ
1342 2363 1478 2402 λογισμοῖς
1501 2364 1587 2398 ζητεῖν
1607 2361 1640 2391 τὰ
1665 2364 1740 2398 θεῖα;
1763 2362 1812 2391 Εἴ·

1092 2483 1102 2495 ·
1119 2474 1198 2500 Savil.
1207 2475 1233 2499 in
1245 2474 1356 2507 margine
1368 2473 1432 2498 hanc
1443 2473 1575 2499 lectionem
1589 2472 1670 2505 affert,
1683 2477 1701 2499 οἱ
1715 2477 1808 2504 ζητοῦν-

1059 2525 1093 2542 τες
1105 2518 1133 2540 τὰ
1142 2517 1188 2539 θεῖα
1200 2519 1313 2548 μυστήρια
1326 2516 1436 2545 λογισμοῖς
1444 2516 1536 2542 οἰκείοις.
