1893 2860
436 151 468 173 {N
496 150 603 173 EPIST.
636 151 658 172 1.

60 213 155 250 λακτο,
176 213 244 243 κατὰ
255 213 301 249 τὴν
316 213 404 247 πίστιν
414 212 444 240 τὸ
459 211 569 251 ἐμφερὲς
585 207 653 251 εἶχεν
663 223 668 229 ·
694 211 708 240 ὃ
732 212 777 240 καὶ
801 213 826 240 ἐν

61 264 114 292 τοῖς
127 260 297 299 ἀνθρωπίνοις
310 259 354 288 ἐπὶ
376 261 423 294 τῆς
438 258 526 292 οὐσίας
543 259 613 288 ἐστὶν
624 281 631 294 ,
653 258 744 296 ὅμοιός
758 259 828 286 ἐστιν

692 151 709 172 Α
716 151 735 171 D
762 150 887 172 TlMO'ru
895 164 901 172 .

933 150 1010 173 ew.
1041 152 1064 174 1.
1094 152 1210 175 quiL.
1239 154 1263 176 1.
1553 142 1622 188 637

883 222 915 240 au
930 212 1040 242 alterius
1051 213 1205 243 substantiae
1213 214 1289 243 erat?
1301 215 1392 253 Neque
1401 214 1460 245 hoc.
1474 216 1542 244 Cum
1553 215 1626 243 enim

883 257 970 286 silium
981 258 1093 288 dixisset
1104 259 1240 296 ,addidit,
1258 262 1296 289 In
1307 261 1374 300 fide
1385 273 1396 294 ;
1412 261 1448 290 ita
1465 268 1495 290 ut
1516 261 1624 300 signifi-

62 305 116 338 υἱὸς
127 307 163 344 τῷ
177 305 271 344 πατρὶ,
286 307 344 334 <DX
355 306 404 344 οὐχ
418 305 513 341 οὕτως,
528 308 564 338 ὡς
577 305 620 334 ἐπὶ
631 306 715 334 Θεοῦ·
731 304 828 332 πλείων
848 312 864 334 1;
883 311 953 333 caret
967 311 992 333 et
1007 305 1152 343 genuinum
1167 317 1223 335 esse
1232 314 1257 336 et
1270 317 1303 335 ex
1314 317 1342 335 se
1356 307 1502 346 prodiisse:
1513 307 1540 336 in
1551 307 1626 336 nullo

62 350 114 389 γὰρ
127 350 235 389 ἐγγύς-ης
250 352 312 380 ἐκεῖ.
325 352 456 380 Ἐνταῦθα
473 351 519 390 μὲν
529 351 596 391 γὰρ,
607 353 629 380 εἷ
651 351 696 379 καὶ
707 351 740 388 τῇ
756 348 831 389 οὐσία

63 396 157 424 ταύτόν
171 398 246 433 εἰσιν,
268 398 326 426 0²00ss
340 397 437 437 ἑτέροις
451 398 557 430 πολλοῖς
576 396 742 432 διεστήκασι,
758 394 832 434 χρώ-

65 453 142 479 ματι,
154 442 287 481 σχήματι,
296 443 408 477 συνέσει,
419 444 519 483 χρόνῳ,
531 443 693 483 προαιρέσει,
709 446 762 474 τοῖς
773 441 833 480 περὶ

63 487 162 527 ψυχὴν,
182 493 236 522 τοῖς
256 490 317 528 περὶ
335 491 430 528 σῶμα,
447 494 501 523 τοῖς
528 489 616 525 ε’κτὸς,
642 488 687 518 καὶ
714 487 832 517 πλείοσιν

64 533 163 573 ἑτέροις
187 535 355 570 διεστήκασιν
372 536 504 571 ἀλλήλων,
529 535 546 570 ἢ
572 534 748 564 συνάπτονται
769 532 834 571 πρὸς

65 580 209 615 ἀλλήλους’
225 583 279 610 ἐκεῖ
292 581 319 610 δὲ
332 581 431 610 τούτων
447 581 518 611 οὐδέν
529 582 584 611 ἐστι
599 583 651 610 τῶν
666 579 834 618 διαφραγμά-

64 636 126 654 των.
151 626 191 655 Τὸ
213 628 280 655 Κατ’
301 627 429 666 ἐπιταγὴν
454 630 500 656 τοῦ
526 627 630 663 Κλητὸς
651 624 833 665 ἔνεργέστερόν

64 671 136 708 ἐστι,
157 672 243 706 καθὼς
262 673 307 702 καὶ
324 674 469 712 ἀλλαχόθεν
482 674 538 703 ἐστὶ
551 676 654 712 μαθεῖν.
668 672 783 710 οὈμοιον
807 670 834 700 δὲ

64 719 110 746 τοῦ
120 739 128 753 ,
143 719 267 757 Τιμοθέῳ
282 719 380 758 γνησίῳ
393 719 476 758 τέκνῳ
487 742 495 755 ,
515 720 561 748 καὶ
579 718 726 757 Κορινθίοις
745 717 834 756 φήσιν,

65 762 112 792 Ἐν
133 764 241 803 Χριστῷ
259 764 345 800 Ἰησοῦ
368 764 419 803 ἐγὼ
440 766 508 803 ὑμᾶς
529 764 672 803 ἐγέννησα,
691 763 834 798 τουτέστιν,

65 809 91 837 ἔν
112 808 209 838 πίστει.
232 810 272 838 Τὸ
288 810 327 845 δὲ,
345 810 461 849 γνήσιον,
476 810 650 849 προστίθησι,
671 809 720 844 τὴν
737 807 834 847 ἀκριὸἦ

64 854 110 883 καὶ
125 854 191 895 ὑπὲρ
208 856 268 889 τοὺς
294 856 390 890 ἄλλους
412 857 478 896 πρὸς
496 857 573 886 αὐτὸν
588 856 733 894 ὁμοιότητα
755 854 836 888 δεῖξαι

65 902 234 940 βουλόμενος·
247 903 276 932 οὗ
293 906 369 932 τοῦτο
381 903 408 932 ’δὲ
421 903 509 942 μόνον,
522 903 590 932 ἀλλὰ
605 902 651 932 καὶ
668 901 715 937 τὴν
730 901 835 939 ἀγάπην

63 946 112 983 τὴν
122 947 188 987 πρὸς
204 949 292 983 αὐτὸν,
313 949 358 977 καὶ
380 948 428 984 τὴν
448 949 562 978 διάθεσιν
578 948 625 983 τὴν
644 947 754 983 πολλήν.
766 945 833 976 Ἰδοὺ

65 993 110 1027 τὸ,
128 995 187 1030 “ε’ν,
204 994 283 1023 πάλιν
299 995 344 1023 ἐπὶ
358 997 404 1030 τῆς
423 994 550 1027 πίστεως·
566 994 673 1033 Γνησίῳ
688 993 739 1033 γὰρ
753 993 836 1032 τέκνῳ

66 1040 93 1068 ἐν
104 1039 208 1075 πίστει,
221 1040 308 1080 φησίν.
320 1040 394 1080 ςΌρα
420 1042 447 1070 δὲ
472 1041 517 1070 καὶ
539 1042 569 1070 τὸ
584 1040 714 1080 ἐγκώμιον
726 1040 800 1076 ὅσον,
816 1040 839 1069 εἴ

66 1098 96 1124 γε
111 1086 148 1123 μὴ
166 1086 243 1124 μόνον
269 1087 324 1116 υἱὸν
339 1089 418 1116 αὐτοῦ
432 1099 510 1127 φησιν
523 1087 611 1123 αὐτὸν,
628 1085 697 1115 ἀλλὰ
715 1086 760 1115 καὶ
776 1086 838 1125 γνή-

67 1144 122 1160 σιον
137 1132 236 1163 τέκνον.
252 1135 336 1173 Χάρις
347 1157 354 1167 ,
365 1135 450 1170 ἔλεος,
465 1134 554 1173 εἰρήνη
571 1134 623 1163 ἀπὸ
646 1135 715 1163 Θεοῦ
732 1133 838 1172 Πατρὸς

38 1190 45 1196 ·
66 1180 144 1216 ἡμῶν
158 1179 203 1208 καὶ
221 1180 337 1218 Χριστοῦ
350 1180 438 1216 Ἰησοῦ
457 1184 503 1210 τοῦ
518 1180 615 1220 Κυρίου
629 1181 714 1218 ἡμῶν.

106 1367 159 1396 Διὰ
171 1368 198 1396 τί
213 1369 264 1396 τῶν
285 1367 372 1396 ἄλλων
389 1369 535 1397 ἐπιστολῶν
560 1369 674 1406 οὐδαμοῦ
698 1370 743 1398 τὸν
766 1369 837 1398 ἔλεον

66 1413 219 1453 προέταξεν,
233 1414 292 1443 ἀλλ’
308 1415 436 1450 §vanem
456 1414 508 1443 Καὶ
528 1418 604 1444 τοῦτο
619 1415 671 1444 ἀπὸ
684 1416 784 1450 πολλ’ἧς
795 1427 839 1455 φι-

65 1461 220 1500 λοστοργίας
230 1472 236 1478 ·
249 1461 357 1490 πλείονα
376 1461 427 1500 γὰρ
444 1461 583 1500 ἐπεύχεται
600 1463 637 1500 τῷ
652 1462 743 1497 παιδὶ,
757 1463 839 1491 δεδοι-

67 1506 120 1539 κὼς
135 1506 202 1546 ὑπὲρ
214 1507 292 1535 αὐτοῦ
305 1506 350 1535 καὶ
363 1506 477 1545 τρέμων.
490 1507 569 1536 Οὕτω
579 1506 630 1547 γὰρ
642 1507 780 1543 ἐδεδοίκει,
790 1511 839 1544 ὡς,

67 1553 81 1583 ὃ
98 1554 221 1591 μηδαμοῦ
238 1553 382 1589 πεποίηκε,
405 1553 450 1582 καὶ
470 1556 629 1590 σωματικῶν
657 1554 742 1583 ἕνεκεν
763 1554 841 1584 ι’ἐπι-

68 1600 170 1628 στεῖλαι
186 1598 251 1638 πρὸς
275 1599 361 1634 αὐτὸν,
376 1600 411 1631 ὡς
433 1598 495 1628 ὅταν
507 1599 570 1638 λέγῃ
581 1620 588 1633 ,
603 1599 676 1639 Οἴνῳ
688 1600 768 1640 ὀλίγῳ
782 1602 839 1640 χρῶ

68 1645 112 1674 διὰ
123 1645 167 1674 τὸν
180 1644 315 1684 στόμαχόν
333 1656 379 1674 σου
393 1644 439 1673 καὶ
455 1644 502 1677 τὰς
513 1645 615 1678 πυκνάς
629 1657 674 1674 σου
692 1647 838 1679 ἀσθενείας.

67 1694 193 1727 Πλείονος
205 1694 256 1734 γὰρ
268 1694 385 1732 μάλιστα
392 1695 416 1722 οἱ
426 1694 578 1723 διδάσκαλοι
589 1695 689 1723 δέονται
702 1697 745 1724 τοῦ
758 1695 840 1724 ε’λεόυ.

68 1740 133 1770 Ἀπὸ
144 1742 230 1776 Θεοῦ,
240 1740 320 1780 φησὶ,
332 1740 439 1779 Πατρὸς
463 1741 540 1778 ἡμῶν
555 1741 601 1770 καὶ
621 1742 738 1781 Χριστοῦ
753 1741 841 1777 Ἰησοῦ

67 1789 113 1815 τοῦ
126 1786 224 1826 Κυρίου
238 1788 326 1825 ἡμῶν.
341 1787 428 1815 Πάλιν
443 1787 556 1815 ἐνταῦθα
567 1787 731 1827 παραμυθία.
744 1789 778 1816 Εἰ
789 1787 840 1826 γὰρ

68 1832 158 1873 πατὴρ
171 1835 185 1861 ὁ
199 1833 281 1868 Θεὸς,
296 1834 331 1866 ὡς
349 1832 447 1861 τέκνων
471 1833 596 1868 κήδεται·
617 1834 697 1862 ἄκουε
718 1833 770 1872 γὰρ
795 1837 840 1862 τοῦ

69 1880 185 1919 Χριστοῦ
205 1878 325 1917 λε’γοντος
337 1902 344 1915 ,
365 1879 390 1908 Τ
394 1878 415 1912 ίς
427 1880 497 1908 ἐστιν
513 1879 540 1912 ἐξ
558 1881 632 1917 ὑμῶν
648 1879 799 1919 ἅνθρωπος,
814 1880 841 1912 ὃς

69 1925 114 1953 ἐὰν
130 1924 225 1963 αἰτήσῃ
237 1927 251 1953 ὁ
264 1925 318 1957 υἱὸς
331 1925 410 1954 αὑτοῦ
425 1925 513 1964 ἄρτον,
525 1924 562 1962 μὴ
571 1925 643 1953 λίθον
654 1925 779 1955 ἐπιδώσει
794 1927 841 1955 αὖ·

70 1973 124 2010 τῷ;
142 1970 235 2003 Καθὼς
257 1970 426 2008 παρεκάλεσά
451 1982 480 1999 σε
503 1975 662 2009 προσμεῖναι
679 1973 705 2000 ἐν
721 1971 841 2011 Ἐφέσῳ,

71 2016 244 2056 πορευόμενος
260 2017 295 2048 εἷς
305 2016 482 2044 Μακεδονίαν.
493 2016 585 2044 Ἄκουε
596 2016 626 2044 τὸ
639 2017 776 2056 προσηνὲς,
787 2021 843 2050 πῶς

71 2065 100 2092 οὖ
116 2063 273 2092 διδασκάλου
290 2062 420 2101 κέχρηται
431 2073 503 2124 {ww-51
513 2085 520 2097 ,
536 2063 620 2090 ἀλλ’ο
629 2063 730 2092 οἷκετου
741 2064 842 2103 σχεδόν.

73 2109 167 2148 Οὖγὰρ
182 2112 237 2138 εἶπε
228 2121 264 2143 εν,
279 2108 373 2142 ἐπέταξ
376 2121 404 2144 α,
419 2108 490 2144 οὑοὲ,
501 2108 575 2137 ἐκέ)
565 2119 641 2143 ε,υσα
653 2108 843 2148 οὖδὲ,παρν’νε-

75 2167 118 2191 σα,
127 2154 195 2183 ἀλλα
206 2155 245 2183 τί·
239 2177 246 2189 ,
256 2154 432 2193 Παρεκάλεσοί
441 2166 468 2184 σε
475 2156 531 2184 .οὖ
540 2154 611 2192 μὴν.
603 2155 685 2193 πρὸς
677 2155 777 2188 πάντας
786 2156 844 2189 τους

74 2201 193 2239 μαθητὰς
213 2201 280 2230 οὕτω
295 2201 440 2230 διοικεῖσθαι
452 2203 522 2239 ἡμᾶς
534 2201 602 2240 χρὴ,
616 2201 683 2230 ἀλλὰ
700 2201 764 2241 πρὸς
786 2201 845 2235 τοὺς

72 2247 187 2286 ἡμέρους
200 2247 245 2276 καὶ
264 2247 410 2286 ἐναρέτους,
423 2247 487 2287 πρὸς
499 2247 526 2276 δὲ
538 2248 597 2280 τοὺς
611 2248 705 2280 ἄλλους
720 2247 779 2281 τοὺς
792 2248 844 2276 διε-

73 2293 235 2333 φθαρμένους
247 2293 292 2322 καὶ
305 2292 342 2330 μὴ
353 2292 486 2331 γνησίους,
496 2293 589 2332 ἑτέρως
597 2305 603 2311 ·
615 2293 701 2325 καθὼς
712 2294 757 2321 καὶ
768 2293 845 2327 αὐτὸς

72 2339 180 2379 γράφων
193 2339 310 2378 ἀλλαχοῦ
321 2350 410 2379 φησιν,
424 2338 540 2378 Ἔλεγχε
563 2339 654 2372 αὐτοὺς
670 2340 736 2378 μετὰ
757 2340 845 2375 πάσης

108 2451 118 2462 ¹¹
137 2444 173 2468 De
185 2445 315 2476 particulis
328 2450 351 2471 ἐν
370 2451 395 2470 et
413 2448 449 2472 διά
459 2454 523 2479 saepe
544 2445 653 2471 vidimus
673 2445 837 2471 disserentem

75 2481 297 2515 Ciirysostomum.

111 2522 124 2541 b
141 2520 271 2549 ἐπιπεῑλκι
285 2528 340 2557 πρὸς
362 2527 439 2555 κᾷτὸν,
452 2530 520 2550 recte
542 2525 577 2549 sic
590 2524 704 2550 Colhcrt.
729 2533 792 2549 unus
812 2530 837 2549 ct

883 347 1007 379 diversus
1023 358 1079 379 erut
1091 351 1237 380 seeundum
1253 351 1353 381 fidem:
1369 352 1398 381 id
1413 353 1484 391 quod
1501 353 1581 382 etiam
1597 353 1627 381 in

886 393 1012 424 humanis
1026 396 1198 433 observatur,
1211 397 1308 427 similis
1328 405 1367 427 est
1390 399 1460 438 patri
1476 399 1564 435 filius,
1580 398 1628 428 sed

887 450 939 469 non
960 442 1073 480 perinde
1087 449 1166 480 atque
1186 443 1212 471 in
1228 444 1302 480 Deo;
1319 444 1377 473 illic
1391 444 1463 473 enim
1485 445 1572 484 major
1590 451 1630 474 est

887 487 1082 525 propinquitas.
1093 489 1122 516 Iu
1135 488 1291 517 homiuibus
1306 490 1388 527 enim,
1399 491 1447 519 etsi
1462 490 1554 519 eadem
1566 491 1630 519 sub·

887 532 985 560 stantia
999 539 1047 567 est,
1061 533 1086 561 in
1103 533 1164 561 aliis
1172 534 1264 563 multis
1280 535 1349 563 inter
1362 546 1390 564 se
1404 536 1546 571 disserunt,
1557 537 1629 566 colo-

888 589 924 615 re,
938 579 1044 615 habitu,
1060 580 1214 620 prudentia,
1228 588 1347 621 tempore
1356 605 1363 619 ,
1375 584 1488 612 arbitrio
1500 607 1507 619 ,
1526 585 1559 613 iis
1572 595 1631 622 quae

888 625 1022 662 animum,
1039 626 1071 655 iis
1089 637 1148 664 quse
1171 637 1268 666 corpus
1287 635 1418 667 spectant,
1437 630 1630 663 exterioribus,

889 671 1004 710 aliisque
1017 672 1143 711 plurimis
1159 673 1200 701 vel
1214 672 1361 711 differunt,
1375 674 1417 703 vel
1438 674 1539 704 similes
1553 683 1631 704 suut:

889 717 945 746 illic
959 725 1047 747 autem
1069 719 1143 747 nulla
1161 719 1319 759 hujusmodi
1339 720 1482 750 diversitas
1495 727 1543 750 est.
1560 721 1631 750 Illud

889 775 980 804 porro,
991 765 1178 794 Secundum'
1168 768 1332 805 imperium,
1346 766 1482 796 efficacius
1499 774 1538 796 est
1550 778 1631 806 quam

888 811 966 847 illud,
974 813 1004 841 V
1001 818 1111 848 ocutus,
1123 819 1151 840 ut
1167 812 1277 841 aliunde
1289 812 1357 841 disci
1370 819 1465 852 potest.
1473 813 1569 842 Simile
1583 824 1633 842 au-
1643 825 1710 848 Rom
1726 831 1746 847 ,
1764 832 1784 848 1

889 863 942 886 tem
960 857 1018 887 loco
1038 857 1091 895 illi,
1109 858 1260 886 Timotheo
1275 860 1427 888 carissimo
1436 859 1523 898 fillo,
1535 859 1633 888 Corin-

889 902 954 931 thiis
965 913 1073 955 quoque
1083 903 1132 940 ait,
1142 905 1179 932 In
1191 904 1308 933 Christo
1318 905 1390 933 Jesu
1399 915 1451 944 ego
1464 915 1518 934 vos
1527 908 1632 944 genui·
1620 927 1630 940 ,

890 948 919 978 id
933 956 983 986 est,
999 949 1026 978 in
1040 949 1104 979 fide.
1118 950 1293 979 Carissimum
1316 958 1404 980 autem
1417 950 1529 991 adjicit,
1543 958 1571 980 ut
1585 963 1634 981 ac·-

892 1003 1012 1033 euratam
1023 1003 1048 1025 et
1061 997 1189 1036 majorem
1208 1007 1290 1035 quam
1307 997 1335 1026 in
1353 997 1414 1027 aliis
1427 997 1636 1028 similitudinem

892 1044 1016 1071 ostendat
1035 1054 1042 1071 ι
1065 1053 1150 1081 neque
1176 1042 1228 1071 hoc
1252 1049 1367 1079 tantum,
1394 1043 1441 1072 sed
1463 1043 1636 1073 dilectionem

893 1088 972 1117 etiam
983 1089 1164 1127 affectumque
1173 1099 1236 1128 erga
1245 1089 1324 1118 illum
1334 1100 1472 1129 magnum.
1480 1089 1549 1119 Ecce
1557 1090 1636 1125 illud,

893 1136 936 1170 in,
948 1145 1042 1163 rursus
1058 1135 1085 1164 in
1098 1135 1152 1164 fide
1163 1142 1324 1175 usurpatur:
1334 1137 1494 1165 Carissimo
1513 1136 1586 1164 enim
1598 1137 1637 1174 fi—

893 1180 934 1209 lio
945 1181 1057 1220 infide,
1070 1181 1168 1219 inquit.
1182 1180 1254 1210 Vide
1265 1188 1397 1219 quantum
1407 1182 1559 1211 encomium
1569 1194 1574 1209 :
1584 1192 1637 1211 nou

893 1227 972 1257 modo
987 1228 1087 1265 filium,
1103 1228 1150 1257 sed
1163 1228 1333 1258 carissimum
1346 1229 1436 1257 filium
1451 1236 1538 1258 vocat.
1556 1229 1638 1258 Gra-

893 1278 947 1311 tia,
967 1277 1179 1311 misericordia,
1188 1286 1249 1315 pax
1267 1287 1286 1305 a
1300 1277 1365 1305 Deo
1380 1278 1472 1306 Patre
1484 1283 1593 1313 nostro,
1610 1283 1639 1305 et

894 1323 1011 1351 Christo
1021 1323 1092 1351 Jesn
1105 1323 1233 1351 Domino
1249 1329 1357 1352 nostro.

932 1369 962 1396 9.
975 1369 1032 1396 Cur
1044 1368 1070 1396 in
1088 1368 1191 1396 caeteris
1204 1368 1325 1406 epistolis
1339 1379 1471 1407 nusquam
1488 1369 1638 1398 misericor-

893 1413 967 1442 diam
987 1413 1130 1453 praemisit,
1145 1413 1193 1442 sed
1212 1414 1257 1442 hic
1271 1414 1397 1442 tantum?
1410 1414 1467 1443 Hoc
1485 1425 1592 1452 quoque
1605 1426 1640 1444 ex

895 1469 992 1498 magno
1004 1460 1101 1487 affectu
1118 1459 1221 1499 prodiit
1234 1460 1330 1500 :plura
1345 1460 1417 1489 enim
1429 1468 1590 1500 apprecatur
1603 1461 1639 1489 si—

895 1505 941 1543 lio,
956 1515 1005 1545 pro
1020 1505 1068 1533 illo
1083 1505 1180 1534 timens
1194 1516 1225 1534 ac
1235 1512 1360 1535 tremens.
1376 1507 1417 1535 Ita
1432 1507 1503 1535 enim
1517 1506 1637 1543 timebat,

895 1559 935 1590 ut,
956 1551 1030 1590 quod
1042 1561 1174 1589 nusquam
1186 1551 1248 1580 fecit
1257 1575 1264 1588 ‚
1277 1551 1311 1580 de
1325 1552 1460 1592 corporeis
1472 1552 1523 1592 ipsi
1537 1553 1639 1582 seribe-

895 1605 946 1636 ret,
961 1605 990 1627 ut
1009 1608 1071 1627 cum
1094 1597 1179 1626 dicit:
1174 1599 1265 1626 ·Ῑιηο
1287 1599 1401 1627 modico
1422 1605 1502 1627 utere
1521 1606 1640 1638 propter

1648 918 1667 933 1.
1680 911 1760 937 (ἴση-ι

1650 941 1685 964 15.

1770 1614 1782 1635 U!

1653 1619 1672 1634 1.
1691 1614 1748 1634 Tim.

895 1645 1078 1674 stomachum
1097 1649 1190 1681 tuum,
1205 1645 1411 1684 etfrequentes
1425 1651 1491 1674 tuas
1511 1645 1639 1694 infirmi-
1650 1645 1689 1670 ²3

897 1688 1090 1727 tates.Maj01·i
1108 1698 1223 1727 namque
1241 1687 1363 1717 doctores
1384 1696 1462 1727 egent
1484 1689 1637 1718 misericor-

896 1735 950 1764 dia.
967 1736 999 1764 A
1024 1736 1099 1771 Deo,
1118 1735 1219 1773 inquit,
1235 1736 1327 1764 Patre
1350 1742 1450 1764 nostro
1469 1741 1497 1764 et
1521 1736 1638 1764 Christo

895 1783 967 1811 Jesu
983 1783 1111 1810 Domino
1125 1788 1234 1810 nostro.
1252 1782 1356 1810 Rursus
1370 1781 1415 1810 hic
1438 1781 1593 1810 consolatio.
1609 1782 1638 1810 Si

895 1828 967 1856 enirn
988 1828 1061 1856 Deus
1082 1827 1162 1855 Pater
1174 1827 1303 1863 est,illos
1328 1833 1358 1855 ut
1381 1827 1452 1855 filios
1475 1827 1639 1855 eurattaudi

895 1875 968 1903 enim
982 1873 1119 1903 Christum
1144 1873 1276 1902 dicentem
1290 1885 1296 1900 ι
1312 1874 1382 1911 Quis
1398 1884 1433 1902 ea:
1450 1875 1535 1902 vobis
1551 1874 1637 1902 Ιιοηιο

896 1927 949 1958 est,
966 1923 1028 1960 qui,
1043 1922 1069 1949 si
1080 1921 1196 1958 petierit
1205 1920 1289 1958 filius
1299 1930 1417 1958 panem,
1435 1921 1578 1959 numquid
1594 1921 1639 1949 la-

895 1969 992 2006 pidem
1005 1967 1087 1995 dabit
1098 1966 1168 1993 illi?
1181 1965 1208 1992 5.
1217 1965 1297 1993 Sicut
1309 1967 1411 2004 rogavi
1423 1972 1450 1994 le
1465 1972 1496 1994 ut
1509 1976 1640 1994 remane-

898 2025 943 2044 res
956 2014 1075 2052 Ephesi,
1097 2021 1164 2040 cum
1179 2013 1251 2039 irem
1274 2013 1306 2039 in
1325 2012 1545 2043 illacedoniam,
1567 2012 1640 2041 Audi

898 2071 978 2099 quam
988 2057 1101 2098 placide,
1116 2056 1250 2095 quomodo
1265 2067 1317 2085 non
1328 2057 1450 2095 magistri
1463 2064 1555 2086 utatur
1565 2068 1640 2092 vore,

898 2107 942 2136 sed
955 2108 1009 2136 sere
1025 2104 1172 2134 domestici.
1183 2105 1241 2133 Non
1262 2104 1343 2140 dixit,
1356 2105 1484 2144 Praecepi,
1499 2116 1547 2134 nec
1558 2105 1638 2145 jussi,

898 2164 983 2192 neque
1004 2153 1127 2181 hortatus
1141 2161 1200 2179 sum
1212 2172 1219 2185 ‚
1235 2150 1283 2179 sed
1296 2150 1384 2189 quid?
1402 2152 1514 2191 Rogavi
1534 2152 1641 2180 te.Non

899 2207 987 2229 tamen
1009 2208 1071 2237 erga
1085 2208 1176 2227 omnes
1196 2197 1346 2237 discipulos
1357 2197 1393 2226 ita
1406 2208 1454 2226 nos
1465 2198 1574 2226 affectos
1588 2209 1643 2227 esse

865 2252 881 2274 F
899 2252 1014 2285 oportet,
1039 2243 1087 2273 sed
1111 2253 1173 2282 erga
1195 2250 1347 2271 mansuetos
1369 2249 1394 2271 et
1412 2243 1512 2272 virtute
1539 2244 1643 2283 praedi-

900 2299 940 2321 tos
949 2303 958 2330 ς
975 2301 1037 2330 erga
1053 2289 1120 2319 alios
1135 2295 1235 2326 autem,
1251 2289 1299 2327 qui
1319 2289 1362 2318 vel
1385 2289 1505 2330 corrupti
1525 2291 1568 2319 vel
1590 2301 1643 2319 nou

901 2339 1010 2379 genuini
1039 2345 1120 2374 suut,
1145 2337 1199 2366 alio
1225 2337 1367 2374 m0d03ut
1385 2337 1466 2366 etiam
1494 2338 1551 2378 ipse
1576 2338 1643 2368 alibi

888 2453 967 2477 marg.
979 2443 1056 2470 Sat-il.
1077 2443 1146 2468 Edit.
1160 2445 1284 2470 ἐπιστεῖλαι
1298 2445 1368 2476 αὐτῷ.
1387 2442 1549 2475 [Utrumque
1566 2451 1609 2476 per
1623 2453 1647 2469 se

888 2485 983 2509 bonum
997 2482 1058 2515 cst.]

919 2532 929 2543 c
947 2524 956 2556 [
968 2522 1046 2547 ΙΙιιιιιΙ
1055 2522 1130 2546 dubie
1140 2521 1190 2555 leg.
1201 2523 1286 2553 ἱκέτου,
1297 2527 1320 2545 εἰ
1329 2522 1363 2546 ita
1375 2520 1509 2554 [nieuw-cs.
1521 2522 1628 2548 Dunaens
1643 2523 1649 2556 Ι

1482 2562 1529 2591 42.

1652 1886 1735 1908 Mnuh.
1744 1893 1755 1915 ’,-
1762 1893 1793 1916 ,9.
