1893 2860
10 0 13 44 ε

9 53 12 97 ι

9 103 11 121 Ι

7 126 11 216 ἐ

6 218 10 283 J

5 309 8 322 l

445 153 478 175 ΙΝ
505 152 612 175 EPIST-
643 153 688 175 AD
714 153 849 177 cOLoss.

67 215 165 249 Ἀνοίας
180 216 231 256 γὰρ
245 217 385 255 περιττῆς,
401 213 524 251 πολέμων
540 213 585 242 καὶ
605 213 748 253 ἀπεχθείας
771 227 839 254 προ-

65 262 157 301 φάσεις
175 263 296 292 ἐπινοεῖν.
320 260 394 300 Πρὸς
416 259 468 298 γὰρ
490 260 528 298 τῷ
550 259 684 292 κινδύνους
704 260 842 298 περιττοὺς

64 307 205 346 ὑπομένειν
218 307 263 336 καὶ
278 306 368 345 κέρδος
387 307 433 334 οὐκ
449 304 558 343 ἔχοντας
568 326 576 340 ‚
589 304 634 332 καὶ
649 305 728 343 ἑτέρα
741 305 841 343 γίνεται

67 353 154 392 βλοίὸη
164 377 170 389 ,
184 354 214 382 τὸ
226 352 284 385 τοὺς
295 352 429 387 ’Έλληνας
442 350 478 389 μὴ
493 349 630 390 προσιέναι
644 352 718 386 ἡμῖν.
730 350 777 378 Ἐν
790 351 840 389 γὰρ
862 366 878 388 F

65 403 120 431 τοῖς
135 399 255 438 ἀδελφοῖς
269 398 331 427 ὅταν
351 393 382 437 ’ᾗς
393 420 400 433 ,
416 396 523 428 εἰκότως
538 397 657 435 Οαῤῥεῖς·
673 394 722 428 ἔξω
745 395 771 424 δὲ
793 398 842 435 οὐχ

67 444 136 474 οὕτω
143 457 162 484 χ
165 445 205 484 ρή.
218 444 300 484 Ὁρᾷς
312 446 368 477 πῶς
377 445 514 482 πανταχοῦ
526 441 585 474 τοὺς
596 441 656 478 ἔξω,
669 441 728 474 τοὺς
740 441 841 477 Ἔλλη-

67 503 111 524 νας
121 490 192 530 λέγει
204 503 211 527 ;
223 491 274 520 Διὰ
286 493 362 519 τοῦτο
375 489 420 518 καὶ
431 487 556 528 Τιμοθέῳ
569 488 677 527 γράφων
688 487 763 525 ἔλεγε
775 499 781 505 ·
794 489 842 516 Δεῖ

880 155 958 178 (ἉΡ.
987 155 1036 177 lv.

1067 155 1185 178 nomn.
1215 155 1260 177 Nl.

1571 146 1637 190 47¹

899 216 992 254 Neque
1001 216 1074 246 dixit
1096 216 1279 253 solummodo,
1293 215 1393 253 Emite,
1409 216 1469 253 sed,
1484 215 1639 253 Redimite,

896 261 1051 300 significans
1061 263 1143 301 quod,
1157 263 1195 291 sic
1211 262 1299 291 affecti
1309 285 1318 297 ‚
1335 262 1426 302 ipsum
1438 263 1492 291 alio
1504 263 1586 292 modo
1595 274 1645 293 ve·-

896 313 982 335 strum
995 307 1100 336 efficite.
1113 309 1233 337 summm
1247 308 1320 337 enim
1332 308 1413 336 suerit
1425 308 1547 337 amentiae
1561 331 1568 344 ,
1581 309 1643 338 bel-

896 352 985 381 lorum
1011 360 1037 382 et
1064 353 1270 383 inimicitiarum
1297 355 1452 393 excogitare
1480 355 1643 385 occasiones.

897 399 966 427 Nam
980 399 1015 428 ad
1026 400 1078 428 hoe
1091 423 1098 435 ‚
1113 401 1185 438 quod
1201 402 1322 441 pericula
1333 403 1497 432 sustinemus
1509 403 1647 443 superflua

897 450 923 471 et
938 454 999 481 quae
1011 444 1081 473 nihil
1095 445 1196 474 liabent
1208 447 1277 475 lucri
1289 469 1297 483 ,
1309 448 1385 476 aliud
1397 459 1503 487 quoque
1517 448 1648 477 damnum

897 489 1002 517 accedit
1016 512 1023 525 ,
1039 490 1113 528 quod
1129 491 1164 519 ad
1178 501 1224 520 nos
1241 493 1331 521 Graeei
1346 503 1398 522 non
1414 494 1550 523 accedant.
1574 496 1644 524 Nam

67 537 94 565 δὲ
109 537 186 566 αὐτὸν
198 537 244 566 καὶ
260 535 406 576 μαρτυρίαν
418 534 502 570 καλὴν
515 533 584 573 ἔχειν
603 533 656 562 ἀπὸ
667 534 720 562 τῶν
732 533 839 567 ἔξωθεν·
850 556 886 575 407
898 535 1006 573 quando
1020 535 1103 563 fueris
1122 535 1191 564 inter
1206 537 1318 573 fratres,
1336 539 1432 567 merito
1449 540 1563 569 confidis
1578 553 1584 568 :
1603 541 1645 569 so·

66 583 111 612 καὶ
125 584 216 619 πάλιν,
227 583 263 612 Τί
277 583 328 622 γάρ
351 593 396 621 μοι
410 581 455 610 καὶ
470 581 528 613 τοὺς
542 579 590 613 ἔξω
605 579 715 619 κρίνειν;
731 579 779 609 Ἐν
794 592 840 609 σο-
859 584 878 606 Α

66 629 125 668 φίᾳ,
139 629 202 668 φησὶ
211 652 219 665 ,
231 632 402 669 περιπατεῖτε
414 627 478 667 πρὸς
489 625 548 658 τοὺς
561 625 620 658 ἔξω.
629 624 703 659 Ἔξω
713 625 764 666 γάρ
777 627 838 661 εἶσι,

67 674 116 703 κᾶν
130 675 174 704 τὸν
198 675 275 704 αὗτὸν
297 674 395 712 κόσμον
415 674 521 701 οἷκῶσιν
535 674 611 709 ἡμῖν,
634 673 681 706 τῆς
703 672 840 710 βασιλείας

67 721 139 754 ὄντες
154 720 204 754 ἔξω
219 721 263 749 καὶ
284 722 328 748 τοῦ
348 718 465 748 οἷκίσκου
480 720 526 746 τοῦ
550 721 688 756 πατρικοῦ.
704 717 776 756 Ἅμα
793 718 839 747 καὶ

67 770 263 806 παραμυθεῖται
277 765 367 797 αὐτοὺς
376 788 384 800 ,
397 763 446 797 ἔξω
456 763 570 796 ἐκείνους
584 764 673 792 καλῶν
683 775 689 781 ·
704 764 770 803 ὅπερ
785 764 839 794 ἔλε-

69 825 113 851 γεν
126 813 264 851 ἀνωτέρω,
286 811 326 839 ὅτι
349 811 383 839 Ἥ
399 810 453 845 ζωὴ
469 811 544 848 ὑμῶν
561 810 710 850 κέκρυπται
733 810 778 839 σὺν
801 812 839 850 τῷ

69 860 176 898 Χριστῷ
187 860 213 887 ἐν
227 860 264 897 τῷ
274 858 347 895 Θεῷ.
363 857 431 886 Τότε
441 879 448 892 ,
463 856 544 896 φησὶ,
557 856 632 890 δόξαν
647 858 749 892 ζητεῖτε
758 880 766 893 ,
780 857 839 886 τότε

68 904 163 943 τιμὰς,
177 903 235 933 τότε
249 902 283 932 τὰ
303 903 372 931 ἄλλα
388 902 476 931 πάντα
489 915 494 920 ·
509 906 555 931 νῦν
571 903 598 932 δὲ
614 902 652 940 μὴ
662 925 669 938 ,
688 905 747 932 ἀλλ’
770 903 840 932 ἐκεί-

68 963 120 984 νοις
130 949 268 989 παρέχετε.
283 944 349 978 Εἶτα
359 972 365 984 ,
380 948 422 977 ἵνα
436 948 473 987 μὴ
485 948 596 988 νομίσῃς
610 949 739 988 χρήματα
753 949 839 988 λέγειν

69 997 156 1032 αὐτὸν,
174 996 281 1034 ἐπάγει·
305 996 340 1024 ‘O
355 995 432 1035 λόγος
447 998 522 1034 ὑμῶν
545 996 660 1024 πάντοτε
679 998 705 1025 ἓν
730 997 839 1036 χάριτι,

69 1043 145 1072 ἅλατι
166 1041 328 1081 ἠρτυμένος,
345 1042 441 1070 εἰδέναι
458 1044 527 1080 ὑμᾶς
542 1043 600 1074 πῶς
614 1043 653 1070 δεῖ
676 1043 714 1071 ἑνὶ
735 1043 840 1083 ἑκάστῳ

68 1087 262 1128 ἀποκρίνεσθαι.
272 1087 333 1117 Ἵνα
349 1088 386 1125 μὴ
402 1088 566 1126 ὑποκρίσεως
576 1088 645 1128 γε’μῃ
654 1111 661 1125 ,
673 1089 752 1127 φησί·
763 1092 840 1118 τοῦτο
859 1095 876 1117 Β

65 1134 118 1174 γὰρ
128 1135 157 1164 οὔ
171 1133 264 1173 χάρις,
278 1135 336 1163 οὐδὲ
351 1134 430 1163 ἅλατι
441 1134 563 1174 ἥρτυται.
576 1129 652 1172 Οἷον,
666 1134 711 1163 ἐὰν
730 1135 775 1174 δέῃ
797 1138 841 1164 θε-

67 1184 196 1220 ραπεῦσαι
219 1180 379 1217 ἀκινδύνως,
404 1179 441 1218 μὴ
466 1180 642 1220 παραιτήσῃ·
664 1180 693 1209 ἂν
711 1182 802 1221 καιρὸς
822 1178 840 1221 ᾗ

66 1229 203 1266 προσηνῶς
221 1228 410 1266 διαλεχθῆναι,
425 1226 462 1265 μὴ
487 1226 598 1266 νομίσῃς
612 1226 642 1255 τὸ
661 1232 774 1267 πρᾶγμα
793 1240 840 1256 κο-

66 1273 174 1303 λακείαν
186 1285 192 1291 ·
213 1273 300 1302 πάντα
323 1273 394 1302 ποίει
415 1272 449 1301 τὰ
463 1274 500 1305 εἷς
521 1273 602 1311 τιμὴν
617 1273 762 1310 ἀνήκοντα,
779 1275 840 1304 ἄνευ

65 1323 110 1349 τοῦ
127 1319 291 1358 βλάπτεσθαι
304 1319 352 1355 τὴν
367 1319 512 1349 εὖσέέειαν.
539 1320 599 1359 Οὐχ
623 1322 685 1359 ὁρᾷς
708 1323 765 1354 πῶς
785 1323 841 1350 Δα-

66 1366 125 1402 νιὴλ
147 1366 284 1405 ἄνθρωπον
318 1365 402 1400 ἇσεέἦ
429 1365 586 1404 θεραπεύεις
618 1368 667 1406 οὐχ
694 1369 756 1406 ὁρᾷς
782 1367 841 1400 τοὺς

65 1417 134 1452 τρεῖς
154 1413 265 1447 παῖδας,
288 1414 345 1445 πῶς
361 1411 428 1450 μετὰ
454 1412 546 1451 σοφίας
569 1414 607 1451 τῷ
631 1413 736 1451 βασιλεῖ
761 1425 841 1453 προσ-

65 1459 204 1498 εφέροντο,
225 1458 271 1487 καὶ
293 1458 414 1497 ἀνδρείαν
426 1458 591 1495 δεικνύντες,
608 1459 654 1487 καὶ
678 1461 841 1499 παρρησίαν,

65 1505 111 1534 καὶ
138 1505 210 1534 οὐδὲν
236 1504 318 1544 θρασὺ
340 1504 398 1533 οὐδὲ
424 1505 553 1544 ἐπαχθές;
579 1507 655 1535 τοῦτο
678 1506 730 1546 γὰρ
755 1507 841 1536 οὐκέτι

63 1551 230 1590 παῤῥησίας,
251 1550 320 1580 ἀλλὰ
342 1550 497 1584 κενοδοξίας.
524 1551 644 1587 Εἰδέναι,
668 1552 751 1591 φησὶ,
785 1556 842 1586 πῶς
860 1564 878 1587 C

64 1598 103 1626 δεῖ
128 1600 196 1636 ὑμᾶς
225 1596 262 1626 ἑνὶ
293 1595 398 1636 ἑκάστῳ
423 1596 620 1636 ἀποκρίνεσθαι.
645 1596 761 1638 Ἑτέρως
789 1598 840 1639 γὰρ

63 1645 102 1684 τῷ
122 1644 248 1683 ἄρχοντι,
269 1642 355 1676 ἄλλως
369 1644 407 1682 τῷ
430 1643 570 1683 ἀρχομένῳ
580 1655 586 1661 ·
602 1643 689 1677 ἄλλως
703 1646 741 1684 τῷ
756 1647 840 1674 πλου-

63 1693 150 1720 τοῦντι
160 1713 168 1727 ,
197 1690 284 1722 ἄλλως
308 1691 345 1729 τῷ
378 1689 482 1724 πένητι.
504 1689 557 1718 Διὰ
573 1689 615 1726 τί;
644 1689 708 1720 ιὈτι
736 1693 762 1720 αἱ
787 1694 839 1721 τῶν

63 1736 247 1768 πλουτούντων
260 1736 306 1765 καὶ
320 1736 456 1776 ἀρχόντων
472 1736 557 1776 ψυχαὶ
569 1737 756 1779 ἀσθενέστεραι
772 1751 839 1777 τυγ-

63 1783 187 1823 χάνουσιν
198 1778 274 1812 οῧσαι
283 1804 291 1818 ,
304 1783 404 1821 μᾶλλον
416 1782 626 1821 φλεγμαίνουσαι
635 1806 642 1819 ,
655 1785 755 1822 μᾶλλον
771 1786 840 1824 διαρ-

64 1829 169 1870 ῥέουσαι
181 1841 186 1847 ·
201 1828 271 1858 ὥστε
286 1830 339 1858 ἐκεῖ
352 1829 582 1867 συγκαταὸατικὸν
598 1824 665 1858 εῖναι
680 1831 717 1859 δεῖ
727 1842 733 1848 ⁴
746 1833 772 1859 αἱ
787 1833 839 1860 τῶν

62 1875 183 1911 πενήτων
197 1874 243 1904 καὶ
264 1874 421 1914 ἀρχομένων
441 1874 611 1915 στεῤῥότεραι
631 1876 676 1905 καὶ
695 1877 839 1906 συνετώτε-

65 1934 122 1963 ραι·
135 1922 205 1952 ὥστε
215 1924 327 1952 ἐνταῦθα
339 1921 384 1951 καὶ
406 1921 545 1960 παρρησία
558 1923 612 1962 χρὴ
626 1922 724 1961 μείζονι
737 1926 839 1963 κεχρῆ-

63 1972 137 2005 σθαι,
148 1969 213 2009 πρὸς
227 1969 254 1997 ἓν
273 1971 377 2008 δρῶντα
389 1990 396 2003 ,
413 1968 461 2004 τὴν
476 1969 628 2007 οἰκοδομήν.
651 1969 698 2005 Μὴ
714 1970 806 2005 ἐπειδὴ
824 1973 838 1999 ὁ
857 1979 876 2001 [ι

62 2016 110 2054 μὲν
127 2015 250 2048 πλούσιος
260 2037 267 2050 ,
281 2018 295 2044 ὃ
317 2015 343 2044 δὲ
363 2015 461 2050 πένης,
476 2018 490 2044 ὁ
503 2014 552 2052 μὲν
571 2015 651 2044 πλέον
667 2016 791 2054 τιμάσθω
802 2039 809 2051 ,
824 2020 838 2046 ὁ

61 2062 88 2092 δὲ
100 2062 208 2091 ἔλαττον
219 2074 225 2080 ·
238 2061 307 2091 ἀλλὰ
324 2062 367 2091 διὰ
380 2061 429 2097 τὴν
444 2061 579 2090 ἀσθένειαν
595 2064 609 2090 ὃ
626 2061 673 2100 μὲν
690 2062 838 2091 διαέαστα-

61 2108 159 2143 ζέσθω,
177 2110 190 2137 ὁ
209 2107 235 2137 δὲ
261 2107 297 2146 μὴ
322 2107 418 2140 οὕτως·
435 2102 498 2142 οἷον,
520 2107 606 2140 αἰτίας
622 2109 670 2136 οὐκ
685 2108 782 2144 οὔσης,
799 2109 836 2146 μὴ

60 2154 136 2183 κάλει
150 2155 194 2184 τὸν
206 2153 329 2189 ιΈλληνοι
346 2153 450 2192 μιαρὸν,
468 2152 535 2191 μηέὲ
551 2153 595 2182 ἔσο
611 2153 739 2192 ὑδριστής
753 2166 758 2171 ·
777 2155 836 2183 ἀλλ’

60 2201 91 2230 ἂν
105 2200 152 2239 μὲν
176 2202 311 2241 ἐρωτηθῇς
325 2200 387 2239 περὶ
409 2203 454 2229 τοῦ
474 2200 621 2238 δόγματος,
638 2201 781 2240 ἀπόκριναι
795 2201 836 2230 ὅτι

60 2248 153 2286 μιαρὸν
167 2248 212 2276 καὶ
225 2246 318 2279 ἀσεὸές
329 2258 335 2263 ·
353 2247 456 2279 οὐδενὸς
472 2246 499 2275 δὲ
515 2248 668 2286 ἐρωτῶντος,
680 2248 739 2276 οῦδὲ
755 2250 836 2286 ἀναγ-

59 2293 181 2327 κάζοντος
190 2293 287 2331 λέγειν,
302 2294 331 2321 οὐ
343 2292 473 2331 προσήκει
498 2293 589 2326 ἁπλῶς
605 2293 750 2333 ἀπέχθειαν
767 2296 835 2323 ἀνα-

58 2339 189 2379 δέχεσθαι.
210 2338 282 2368 Ποία
300 2338 353 2379 γὰρ
367 2339 471 2378 ἀνάγκη
491 2339 617 2380 περιττὰς
637 2340 733 2379 ἔχθρας
748 2353 834 2370 κατα-

58 2386 211 2421 σκευάζειν;
227 2385 325 2419 Πάλιν,
343 2385 373 2413 ἄν
387 2397 447 2413 τινα
464 2388 602 2425 κατηχῇς,
617 2385 679 2424 λε’γε
697 2385 723 2419 ἐξ
739 2387 834 2416 ὑποθέ-
853 2401 871 2423 Ε

57 2443 123 2465 σεως
137 2430 313 2468 ὖποκειμένης
325 2442 331 2448 ·
346 2430 423 2459 “Emi
443 2430 516 2469 σίγα.
534 2431 599 2460 Ἐὰν
614 2427 631 2470 ᾗ
648 2432 727 2461 ἅλατι
751 2433 832 2472 ἠρτυ-

91 2545 101 2555 ²
120 2537 209 2568 [Fon.
225 2540 273 2563 ἐπεὶ
282 2537 378 2569 ἅὶλως.]

896 581 933 610 ris
944 587 1034 609 autem
1046 590 1099 609 non
1114 580 1153 609 sic
1163 587 1278 620 oportet.
1294 582 1380 610 Vides
1394 585 1531 620 quomodo
1545 586 1648 624 ubique

896 637 940 656 eos
953 626 1000 665 qui
1021 633 1083 655 sunt
1100 626 1166 655 foris
1187 625 1253 654 dicit
1277 627 1396 656 Graecos.
1413 628 1555 667 Propterea
1569 631 1647 659 dicc-

895 673 942 701 bat
965 672 1046 701 etiam
1075 672 1194 700 scribens
1226 671 1262 700 ad
1288 673 1466 702 Timotheum
1491 686 1497 700 ι

895 721 988 758 ipsum
1010 724 1038 747 et
1056 720 1094 747 ab
1115 720 1152 747 iis
1167 720 1219 756 qui
1234 719 1312 757 foris
1332 726 1401 748 sunt
1417 721 1522 748 bonum
1539 721 1646 750 habere
1660 731 1682 753 7-

896 766 1095 794 testimonium
1105 776 1116 798 ;
1142 770 1167 792 et
1187 774 1280 793 rursus
1293 787 1302 799 ‚
1323 765 1402 802 Quid
1424 767 1503 793 enim
1520 777 1585 794 mea
1597 777 1646 795 re-

893 812 953 849 fert
973 812 1010 839 de
1030 813 1066 839 iis
1084 811 1220 850 quisoris
1231 817 1301 839 sunt
1312 812 1450 850 judicare
1461 815 1474 839 Ξ
1485 813 1522 840 In
1531 815 1646 852 sapien-

897 860 959 893 tia,
990 858 1097 897 inquit,
1116 859 1270 887 ambulate
1282 860 1323 887 ad
1341 869 1389 888 eos
1413 861 1464 899 qui
1474 859 1552 899 soris
1566 867 1646 889 sunt.

895 903 973 932 Foris
995 903 1067 931 enim
1088 910 1169 938 sunt,
1188 903 1236 932 etsi
1250 904 1375 932 eumdem
1390 914 1471 942 quem
1494 915 1543 933 nos
1564 915 1644 934 mun-

895 948 960 977 dum
976 949 1099 978 habitent
1110 971 1119 987 7
1136 956 1167 978 ut
1182 950 1230 988 qui
1255 949 1309 978 sint
1322 956 1399 978 extra
1419 961 1533 989 regnum
1548 957 1573 979 et
1593 950 1645 980 do-

895 1006 972 1023 mum
995 995 1091 1034 patris.
1114 995 1204 1024 Simul
1229 995 1309 1024 etiam
1334 1006 1378 1024 eos
1393 996 1566 1035 consolatur,
1582 997 1644 1026 illos

895 1051 994 1070 vocans
1004 1047 1144 1069 extraneos
1158 1052 1164 1068 :
1177 1041 1249 1079 quod
1259 1040 1370 1079 quidem
1385 1041 1493 1070 dicebat
1507 1042 1644 1082 superius,

898 1088 966 1116 Ῑῖεα
981 1093 1083 1116 vestra
1095 1088 1241 1116 absconsa
1253 1093 1296 1116 est
1309 1097 1375 1115 cum
1391 1088 1508 1116 Christo
1525 1090 1557 1116 in
1567 1089 1643 1118 Deo.
1659 1094 1709 1117 Col.
1721 1095 1744 1118 3.
1760 1095 1785 1118 3.

897 1134 993 1171 Tune,
1016 1133 1120 1171 inquit,
1135 1133 1251 1171 gloriam
1276 1134 1406 1172 qmerite,
1430 1140 1494 1162 tunc
1509 1134 1642 1170 honores,

896 1188 960 1210 tunc
980 1181 1033 1210 alia
1057 1181 1167 1217 omnia;
1189 1191 1261 1210 nunc
1283 1188 1374 1210 autem
1394 1192 1581 1221 nequaquam,
1597 1183 1645 1212 sed

897 1229 952 1258 illis
966 1229 1092 1268 pra-bete.
1109 1228 1228 1265 Deinde,
1244 1239 1276 1257 ne
1290 1236 1369 1268 putes
1391 1240 1452 1258 eum
1473 1229 1507 1258 de
1521 1230 1643 1270 pecuniis

897 1277 971 1316 loqui
984 1300 993 1312 ,
1007 1277 1085 1306 addit
1098 1289 1103 1304 ε
1118 1278 1218 1306 Sermo
1233 1284 1332 1306 vester
1345 1288 1456 1317 semper
1475 1280 1506 1306 in
1528 1281 1627 1317 gratia
1637 1301 1646 1315 ‚

898 1325 962 1352 sale
974 1326 1012 1352 sit
1024 1324 1160 1352 conditus
1169 1346 1179 1361 ‚
1193 1330 1223 1353 ut
1236 1326 1338 1353 sciatis
1353 1325 1499 1364 quomodo
1514 1332 1647 1364 oporteat

898 1381 953 1399 vos
980 1373 1137 1409 unicuique
1152 1372 1335 1410 respondere.
1351 1372 1391 1401 Ut
1416 1383 1468 1400 non
1491 1372 1524 1400 sit
1549 1373 1646 1412 plenus

898 1417 1039 1456 hypocrisi
1052 1439 1059 1453 ‚
1076 1416 1180 1454 inquit:
1196 1416 1249 1445 hoc
1260 1417 1330 1445 enim
1346 1427 1399 1445 non
1414 1424 1453 1446 est
1469 1418 1555 1456 gratia
1569 1441 1579 1456 7
1594 1429 1646 1447 ne-

898 1474 966 1502 que,
990 1463 1053 1492 Sale
1068 1470 1107 1492 est
1125 1463 1275 1492 conditum.
1300 1464 1338 1492 Ut
1351 1470 1416 1503 puta
1429 1487 1439 1499 ‚
1456 1464 1558 1503 absque
1571 1464 1646 1504 peri—

898 1508 959 1536 culo
975 1508 1062 1537 colere
1080 1514 1218 1547 oporteat,
1242 1518 1275 1536 ne
1299 1518 1422 1537 recuses:
1440 1509 1463 1537 si
1479 1516 1587 1549 tempus
1611 1509 1648 1538 sit

897 1554 1003 1593 placide
1016 1553 1144 1592 loquendi
1158 1576 1166 1591 ,
1182 1564 1215 1583 ne
1232 1565 1290 1582 eam
1304 1565 1361 1583 rem
1376 1555 1513 1584 existimes
1528 1563 1646 1585 assenta-

898 1598 998 1627 tionem
1010 1610 1015 1626 :
1029 1599 1072 1627 fac
1088 1598 1178 1627 omnia
1195 1609 1255 1636 quae
1268 1598 1304 1627 ad
1315 1598 1445 1627 honorem
1461 1599 1593 1637 attinent,
1606 1599 1644 1628 ita

896 1651 988 1674 utnon
999 1645 1116 1674 laedatur
1129 1645 1226 1685 pietas.
1242 1646 1303 1674 Non
1312 1645 1388 1674 vides
1399 1646 1536 1684 quomodo
1546 1647 1646 1676 Daniel

896 1691 1032 1720 hominem
1046 1691 1109 1720 colit
1125 1691 1242 1731 impium
1252 1692 1266 1720 1>
1279 1702 1331 1720 non
1344 1692 1420 1721 vides
1438 1692 1578 1730 quomodo
1592 1699 1645 1722 tres

895 1738 974 1778 pueri
1000 1749 1062 1768 cum
1088 1738 1220 1778 sapientia
1250 1739 1306 1777 regi
1335 1739 1483 1767 offerantur
1507 1746 1533 1768 et
1559 1740 1644 1769 animi

894 1787 1063 1816 ostendentes
1080 1785 1267 1815 fortitudinem
1290 1793 1316 1815 et
1341 1786 1453 1816 (licendi
1467 1787 1620 1817 libertatem
1636 1811 1644 1824 ,

893 1844 946 1862 non
957 1840 1047 1862 autem
1062 1832 1230 1861 temerariam
1246 1833 1387 1861 audaciam
1403 1840 1429 1861 et
1449 1834 1643 1873 asperitatem?

894 1881 945 1909 hoc
960 1880 1031 1909 enim
1045 1890 1097 1908 uon
1112 1886 1150 1908 est
1169 1879 1302 1917 loquendi
1313 1879 1447 1909 libertatis
1469 1886 1495 1908 et
1513 1880 1622 1909 fiduciae
1631 1903 1639 1917 ,

893 1926 939 1956 sed
955 1926 1042 1955 inanis
1053 1925 1155 1964 gloriae.
1175 1926 1212 1953 Ut
1229 1927 1331 1954 sciatis
1344 1948 1350 1958 ‚
1369 1925 1457 1964 inquit
1468 1949 1475 1963 ‚
1491 1928 1639 1965 quomodo

895 1979 1025 2012 oporteat
1040 1973 1259 2010 vosunicuique
1269 1973 1455 2010 respondere.
1471 1972 1559 2001 Aliter
1567 1973 1641 2002 enim

894 2020 1026 2059 principi,
1043 2018 1120 2046 aliter
1131 2016 1154 2045 ei
1170 2017 1216 2055 qui
1228 2017 1340 2046 alterius
1352 2025 1428 2057 paret
1440 2018 1555 2058 imperio
1564 2031 1574 2057 3
1589 2020 1640 2048 ali-

894 2071 934 2093 ter
947 2063 1049 2100 diviti,
1067 2062 1146 2091 aliter
1166 2061 1287 2101 pauperi.
1305 2064 1396 2098 Quare
1407 2063 1420 2090 {³
1444 2063 1582 2098 Quoniam
1597 2063 1641 2092 di—

893 2109 980 2137 vitum
996 2115 1021 2137 et
1042 2107 1196 2147 principum
1210 2106 1294 2136 animi
1308 2114 1371 2136 sunt
1386 2107 1576 2136 imbecilliores
1589 2130 1597 2142 ,
1610 2115 1640 2136 ut

893 2152 940 2190 qui
956 2158 1076 2180 tumeant
1085 2158 1110 2179 et
1123 2150 1251 2179 diffluant
1264 2162 1270 2178 ε
1288 2161 1342 2188 quo
1364 2150 1396 2179 fit
1410 2157 1440 2179 ut
1451 2150 1526 2190 apud
1539 2162 1584 2180 eos
1608 2162 1636 2181 se

892 2198 979 2237 magis
989 2197 1130 2226 demittere
1144 2204 1170 2226 et
1183 2196 1387 2225 accommodare
1407 2204 1527 2236 oporteat
1542 2209 1549 2225 ε
1566 2209 1639 2237 pau-

891 2255 987 2284 perum
1007 2251 1098 2273 autem
1119 2251 1144 2272 et
1160 2254 1253 2272 eorum
1268 2243 1315 2282 qui
1331 2250 1393 2271 sunt
1413 2243 1528 2282 subjecti
1542 2244 1638 2280 alteri,

892 2292 1034 2322 solidiores
1048 2298 1073 2321 et
1084 2291 1271 2332 prudentiores
1284 2303 1290 2318 ε
1309 2301 1393 2329 quare
1408 2298 1434 2320 ct
1448 2291 1493 2320 hic
1507 2291 1639 2321 utendum

891 2346 930 2369 est
955 2339 1051 2379 majori
1065 2337 1193 2376 loquendi
1210 2337 1332 2367 libertate
1341 2360 1350 2374 ‚
1361 2348 1448 2366 unum
1471 2337 1618 2378 spectando
1628 2360 1638 2375 ‚

891 2396 987 2425 nempe
1007 2384 1223 2414 aedificationem.
1240 2385 1299 2413 Non
1313 2384 1442 2422 quoniam
1458 2384 1504 2413 hic
1527 2384 1638 2423 quidem

889 2439 927 2461 est
947 2441 1068 2471 pauper,
1085 2431 1131 2459 ille
1144 2440 1208 2459 vero
1230 2429 1324 2465 dives,
1341 2429 1387 2459 ille
1401 2429 1463 2459 ideo
1478 2430 1540 2470 plus
1552 2430 1637 2460 hono—

1662 762 1681 776 ι.
1693 756 1746 777 Cor.

1662 791 1698 808 η.

1527 677 1647 713 Oportet
1663 699 1682 714 Ι.
1698 695 1755 716 Tim.
1778 694 1802 716 3·

1762 757 1785 778 5.
