1893 2860
106 1413 202 1434 Videtur

254 181 320 215 300
592 191 620 212 s.

254 252 439 293 Epaphrodito
451 251 530 279 etiam
545 250 624 279 valde
639 250 808 289 exploratum
823 260 888 287 esse,
905 247 1069 297 amar1²g⁶

254 310 281 327 sc
291 309 304 326 a
319 297 402 326 vobis.
417 297 472 324 Hoc
484 306 547 325 xero
562 306 614 324 non
626 306 722 334 paium
738 295 771 323 ad
785 295 930 323 amandum
944 304 991 323 so—

253 344 287 372 let
299 343 413 371 allicere.
427 341 590 376 Quomodo?
602 341 763 379 AEgrotavit,
775 341 872 380 inquit,
888 347 913 369 et
926 350 991 369 moe-

253 388 286 416 sti
302 388 406 421 fuistis;
421 387 569 421 convaluit,
593 393 618 415 et
640 397 687 415 vos
713 397 825 415 moerore
848 386 991 421 liberavit,

253 445 331 472 quem
347 444 380 461 ex
396 432 479 472 ipsius
504 432 684 461 invaletudine
699 432 864 471 capiebatis:
879 442 925 460 nec
947 439 991 459 ta-

254 489 313 507 men
330 485 468 518 propterea
477 478 532 517 ipse
542 488 652 506 moerere
662 477 753 511 desiit,
763 477 809 506 sed
821 477 928 506 dolebat
939 487 991 505 non

253 535 297 560 se,
313 535 373 553 cum
390 524 526 558 valuisset,
541 534 588 552 vos
603 523 711 552 vidisse.
728 523 777 551 Hic
793 530 816 551 et
833 522 908 551 aliud
923 522 990 561 agit,

253 570 287 599 ad
300 570 340 599 sui
357 570 534 598 defensionem
550 580 657 598 causam
670 569 782 597 afferens
792 591 799 604 ‚
813 568 847 597 ob
861 579 940 606 quam
954 578 991 596 se-

253 617 310 645 rius
324 616 358 645 ad
379 616 439 644 illos
455 616 560 644 mittat:
573 626 624 644 non
640 615 711 644 enim
727 615 755 644 id
770 626 804 644 ex
828 614 990 653 negligentia
1007 617 1024 639 B

254 662 322 699 ficri,
337 662 383 691 sed
400 661 576 690 Timotheum
591 660 701 699 quidem
716 672 731 689 a
746 671 773 689 se
787 660 910 696 retineri,
923 670 991 698 quo-

253 709 325 737 niam
340 709 471 737 neminem
486 707 584 735 habeat
597 719 604 743 ;
621 708 773 735 Neminem
788 709 876 743 enim,
892 705 990 743 inquit,

253 753 347 781 habeo
358 754 545 785 unanimem;
557 751 773 790 Epaphroditum
790 761 852 779 vero
866 751 900 779 ob
914 750 991 778 inva-

252 797 407 826 letudinem.
422 797 524 826 Deinde
539 795 678 825 ostendens
699 796 806 834 longam
829 807 859 824 ac
881 795 991 824 dintur—

253 854 314 872 nam
327 844 419 880 fuisse,
435 842 554 871 addidit:
568 844 646 870 Nam
660 849 686 870 el
698 842 864 881 infirmatus
878 848 919 870 est
941 851 991 869 115—

254 900 309 928 que
324 890 364 917 ad
377 887 600 917 1n‹›rtem.x‘ides
615 894 744 926 quantum
767 887 849 916 studii
864 887 993 915 adhibeat

254 935 366 971 Paulus,
380 945 413 962 ne
428 934 568 973 discipulis
579 934 634 962 suis
649 933 794 971 quidquam
805 933 857 961 loci
870 943 897 961 se
911 932 993 960 ullius

254 980 422 1019 negligentiae
445 990 475 1007 ac
498 978 625 1007 socordiae
647 979 822 1007 insimulandi
848 979 993 1016 relinquat,

255 1036 338 1063 neque
352 1024 504 1063 suspicandi
520 1023 597 1059 ideo,
615 1023 688 1061 quod
710 1024 781 1062 ipsos
807 1029 994 1059 contemneret,

255 1081 307 1099 non
327 1071 475 1109 profectum
490 1080 546 1097 esse
556 1070 569 1097 ἶ)
584 1069 666 1097 Nulla
693 1069 765 1097 enim
785 1079 813 1097 re
827 1079 902 1106 aeque
923 1067 996 1096 allici
1010 1068 1028 1090 C

255 1117 406 1156 discipulus
421 1123 527 1155 potest,
549 1126 580 1144 ac
600 1116 770 1155 persuasione
794 1116 858 1153 hac,
874 1126 944 1144 curae
969 1126 997 1144 se

256 1174 310 1192 esse
325 1163 489 1202 praeceptori,
501 1173 600 1200 suaque
610 1172 689 1190 causa
700 1162 778 1190 illum
792 1172 913 1196 mcerere,
924 1161 997 1200 quod

256 1209 429 1237 exuberantis
443 1208 562 1237 caritatis
576 1215 623 1236 est.
637 1208 823 1245 Audieratis,
837 1208 939 1246 inquit,
958 1209 998 1236 il-

258 1257 317 1283 lum
329 1255 510 1294 infirmatum
523 1266 531 1281 :
546 1265 614 1282 nam
628 1260 655 1282 et
670 1254 838 1292 infirmatus
850 1260 891 1282 est
908 1264 999 1293 usque

258 1303 299 1331 ad
311 1308 440 1330 mortem.
460 1304 499 1330 Ac
509 1311 541 1329 ne
556 1308 632 1340 putes
647 1301 696 1329 ista
709 1300 776 1328 mihi
792 1311 838 1339 per
850 1300 999 1329 simulatio-

258 1359 318 1376 nem
333 1348 398 1385 dici,
424 1347 486 1375 audi
509 1347 644 1385 sequentia
659 1358 664 1373 z
678 1347 735 1375 Sed
760 1349 839 1375 Deus
866 1349 999 1375 misertus

260 1401 301 1423 est
313 1396 382 1433 ejus.
398 1393 471 1428 Quid
485 1393 533 1429 ais,
548 1393 689 1421 haeretice?
705 1393 761 1421 Hoc
775 1393 833 1421 loco
848 1393 1000 1421 misericor-

107 1449 185 1465 connra
202 1444 250 1465 Ma·
260 1439 333 1467 diam
349 1439 397 1467 Dei
412 1446 499 1473 vocat,
516 1439 628 1467 retinere
645 1439 723 1467 illum
736 1439 781 1476 qui
795 1438 917 1467 abiturus
931 1446 996 1474 erat,

109 1476 203 1496 nichaeos

107 1513 178 1534 agere·

261 1492 287 1513 et
301 1484 335 1513 ad
350 1485 433 1513 vitam
448 1494 581 1513 revocare.
592 1484 673 1522 Quod
687 1484 707 1512 si
723 1484 841 1512 mundus
857 1491 923 1512 esset
940 1495 997 1512 ma-
1014 1488 1033 1511 D

261 1531 336 1567 lum,
358 1541 409 1558 non
433 1529 615 1558 misericordia
641 1530 697 1558 haec
718 1537 784 1558 esset
807 1531 957 1568 relinquere
972 1531 1000 1559 in

261 1576 340 1605 malo.
351 1577 481 1604 Caetemm
492 1575 620 1605 adversus
630 1575 785 1604 haereticum
801 1575 909 1614 quidem
923 1576 1001 1605 facile

261 1629 299 1651 est
310 1621 408 1657 dicere,
418 1632 480 1659 erga
489 1621 671 1649 Christianum
683 1628 771 1649 autem
782 1621 847 1659 quid
859 1621 998 1650 dicemus?

260 1669 331 1697 Nam
343 1668 387 1695 hic
402 1667 510 1695 sortasse
519 1667 663 1703 haesitabit,
675 1678 705 1695 ac
717 1667 786 1695 dicet
796 1667 902 1702 :QuidP
914 1667 936 1695 si
948 1667 999 1696 dis-

260 1714 329 1743 solvi
345 1721 370 1742 et
387 1724 442 1742 esse
456 1724 517 1741 cum
529 1713 635 1741 Christo
650 1713 735 1741 multo
748 1714 938 1752 praestabilius,
952 1725 1000 1742 cur

261 1760 349 1798 inquit
365 1760 455 1799 ipsum
478 1758 688 1787 misericordiam
707 1769 762 1787 esse
785 1760 1002 1797 consequutum?

262 1806 321 1844 Ego
334 1816 399 1835 vero
411 1805 499 1834 dicam
512 1817 517 1832 ι
530 1804 605 1839 Quid
619 1811 667 1840 est,
682 1804 756 1842 quod
767 1805 824 1843 ipse
837 1805 932 1843 inquit,
945 1816 1000 1833 ma-

262 1852 303 1890 gis
316 1851 491 1879 necessarium
513 1861 568 1878 esse
593 1860 698 1878 manere
720 1857 829 1889 propter
843 1861 891 1879 vos
901 1851 914 1878 Ρ
930 1851 999 1879 Nam

262 1896 488 1935 quemadmodum
509 1895 592 1924 Paulo
606 1895 657 1924 hoc
681 1896 858 1924 necessarium
874 1902 929 1924 erat
939 1918 948 1932 7
962 1896 1000 1924 ita

263 1950 288 1971 et
300 1942 486 1982 Epaphrodito
499 1954 505 1970 ε
521 1941 620 1981 quippe
635 1941 681 1979 qui
693 1941 868 1980 amplioribus
883 1952 944 1970 cum
958 1941 1001 1970 di-
1018 1951 1035 1974 Ε

262 1989 338 2017 vitiis
352 1989 504 2027 majoreque
518 1987 627 2016 fidentia
642 1997 672 2015 ac
697 1987 837 2015 securitate
857 1986 892 2016 ad
914 1988 1002 2016 Deum

264 2036 386 2064 abiturus
414 2041 489 2063 esset.
515 2033 622 2062 Etenim
654 2033 723 2061 illud
753 2033 863 2071 quidem
899 2033 1003 2062 etiamsi

265 2081 405 2121 paululum
431 2080 602 2115 differretur,
630 2080 751 2108 futurum
776 2086 864 2108 tamen
895 2080 1003 2109 omnino

265 2134 339 2164 erat;
355 2127 454 2155 lucrari
469 2137 532 2155 vero
551 2126 664 2161 animas,
678 2132 819 2164 postquam
837 2126 902 2154 illuc
917 2126 1003 2155 abiis-

266 2181 314 2210 set,
330 2185 380 2202 non
395 2180 505 2212 poterat.
521 2173 580 2201 Huc
599 2172 711 2207 accedit,
726 2172 841 2200 Paulum
863 2172 947 2201 multa
970 2184 1005 2202 ex

268 2220 402 2248 communi
417 2219 582 2247 audientium
605 2229 683 2247 sensu
700 2218 828 2257 proferre,
841 2229 925 2257 neque
940 2219 1005 2247 uhi-

268 2276 320 2303 que
330 2265 512 2304 philosophari
523 2264 572 2293 :ad
580 2264 729 2292 mundanos
737 2264 808 2292 enim
819 2264 938 2293 homines
948 2276 1003 2294 ser·
1023 2264 1039 2286 F

269 2321 312 2339 mo
338 2311 387 2350 ipsi
403 2318 458 2338 erat
476 2310 624 2345 institutus,
638 2316 750 2337 mortem
764 2309 853 2338 adhuc
873 2310 1003 2340 timentes.

270 2359 398 2386 Praeterca
414 2358 542 2394 ostendit,
557 2357 649 2395 quanti
661 2357 878 2396 Epaphroditum
890 2358 985 2387 faceret
997 2371 1003 2386 :

303 2464 312 2474 τ’
332 2454 403 2479 Idem
416 2455 500 2479 Codex
515 2458 699 2488 ἀπολογοὺμετος.
713 2461 774 2486 Τίνος
794 2461 865 2482 ἕνεκεν
884 2460 919 2483 διὰ
942 2464 1023 2492 χρόνον

272 2499 369 2526 πέμπεν,
384 2498 407 2519 o)

307 2535 318 2552 ¹¹
337 2533 420 2566 [Fert.
437 2533 508 2561 οὗτος.
518 2534 576 2557 Mox
592 2533 671 2557 voluit
684 2535 790 2559 Dunoeus
801 2539 819 2561 εἰ
832 2540 857 2561 τὸ
866 2538 972 2561 7122).sz
986 2540 1022 2561 καὶ

648 190 786 212 JOANMS
813 188 992 212 cnm'sos'r
1025 188 1180 212 AncmEP.
1208 189 1473 213 CONSTANTINOP-

1045 261 1130 288 ειχετε
1151 250 1193 279 διὰ
1211 250 1259 286 τὴν
1280 251 1413 280 ἀσθένειαν
1434 252 1530 280 αὐτοῦ·
1546 250 1574 278 οὗ
1589 249 1640 287 μὴν
1656 248 1713 278 οὐδὲ
1727 248 1808 280 ουτως

1044 294 1092 327 ἔξω
1106 295 1191 331 λυπης
1214 299 1244 331 ἠν
1257 317 1266 331 ,
1283 298 1341 325 ἀλλ’
1356 296 1449 335 ἤλγει,
1471 296 1537 325 διότι
1559 295 1666 334 ὓγιάνας
1686 296 1732 323 οὐκ
1743 289 1794 322 εἶδε
1795 305 1808 320 ν

1045 342 1120 378 ὑμᾶς.
1146 340 1275 369 Ενταῦθα
1289 353 1332 369 και
1349 342 1413 370 ἄλλο
1427 342 1653 376 κατασκευάζει,“
1649 338 1810 377 ἀπολογού-

1047 396 1122 422 μενος
1137 386 1176 414 ὅτι
1191 385 1232 414 διὰ
1247 387 1340 425 χρόνου
1354 387 1454 425 πέμπει
1468 387 1532 426 πρὸς
1546 386 1636 418 αὐτοὺς
1648 408 1655 421 ,
1669 387 1696 414 οὐ
1711 384 1753 413 διὰ
1765 386 1811 422 ῥᾳ-

1047 431 1151 469 θυμίαν,
1165 432 1252 470 φησὶν,
1269 432 1337 460 ἀλλὰ
1349 432 1392 460 τὸν
1407 432 1454 469 μὲν
1467 432 1596 470 Τιμόθεον
1610 431 1653 460 διὰ
1667 431 1697 459 τὸ
1711 429 1811 468 μηδένα

1047 477 1116 515 ἔχειν
1129 483 1251 517 κατεῖχον
1261 490 1267 495 ·
1282 479 1340 507 Οὔκ
1355 477 1407 515 ἔχω
1421 477 1471 516 γὰρ
1480 500 1488 513 ,
1501 477 1580 516 φησὶν
1589 498 1597 510 ,
1613 478 1750 515 ἰσόψυχον·
1767 475 1810 503 τὸν

1046 522 1073 551 δὲ
1097 522 1290 563 Ἐπαφρόδιτον
1312 523 1355 552 διὰ
1375 522 1423 558 τὴν
1445 523 1588 552 ἀσθένειαν.
1616 519 1683 552 Εἶτα
1703 520 1812 556 δεικνὺς,

1045 569 1085 596 ὅτι
1102 569 1192 607 μακρὰ
1207 569 1272 604 αὕτη
1295 569 1400 607 γέγονε,
1422 569 1467 597 καὶ
1481 568 1561 597 πολὺν
1575 568 1667 607 χρόνον
1683 567 1811 601 ἀνάλωσε,

1045 614 1122 653 φησί·
1135 614 1240 654 καὶγὰρ
1250 614 1377 650 ἠσθένησε
1390 614 1572 653 παραπλήσιον
1586 613 1708 642 θανάτου.
1729 612 1812 651 “Ορᾷς

1045 660 1108 695 ὅσην
1123 665 1237 689 ποιεῖται
1250 662 1357 692 Παῦλος
1371 660 1487 695 σπουδὴν
1501 660 1567 698 ὑπὲρ
1582 662 1625 688 τοῦ
1638 659 1725 694 πάσης
1736 660 1812 697 ῥᾳθυ-

1047 706 1109 744 μίας
1123 707 1167 734 καὶ
1180 706 1320 744 ὀλιγωρίας
1332 706 1463 745 πρόφασιν
1476 705 1586 743 ἐκκόψαι
1599 706 1629 733 ἐκ
1642 706 1688 739 τῆς
1698 706 1749 732 τῶν
1762 714 1812 741 μα-

1047 754 1131 787 Θητῶν
1146 752 1269 788 διανοίας,
1284 753 1329 781 καὶ
1347 752 1383 790 μὴ
1399 753 1594 786 ὑποπτευῦἧναι
1606 774 1613 786 ‚
1627 751 1667 779 ὅτι
1681 760 1814 788 καταφρο-

1046 799 1096 825 νῶν
1112 799 1196 826 αὐτῶν
1211 800 1257 826 οὐκ
1271 794 1367 833 ἦλθεν,
1383 797 1465 826 Οὐδὲν
1483 797 1533 836 γὰρ
1549 796 1617 824 οὕτω
1631 795 1673 824 τὸν
1693 793 1813 832 μαθητὴν

1046 843 1224 881 ἐπαγαγέσθαι
1249 843 1402 879 δυνήσεται,
1426 844 1461 875 ὡς
1481 843 1511 871 τὸ
1530 844 1684 877 πεπεῖσθαι,
1705 840 1750 869 καὶ
1771 840 1812 869 ὅτι

1046 888 1174 927 φροντίζει
1208 890 1286 917 αὐτοῦ
1320 891 1333 917 6
1366 887 1500 927 προεστὼς
1510 910 1518 922 ,
1550 887 1594 915 καὶ
1622 886 1662 915 ὅτι
1687 888 1813 924 ἀδημονεί

1046 933 1111 972 ὑπὲρ
1138 935 1233 966 αὐτοῦ,
1266 934 1330 972 ὅπερ
1359 933 1572 971 ὓπερίαλλούσης
1599 932 1703 970 ἀγάπης
1732 932 1812 960 ἐστίν.

1047 978 1206 1013 Ἠκούσατε,
1230 979 1308 1018 φησὶν
1321 1001 1328 1014 ,
1359 980 1399 1007 ὅτι
1420 978 1561 1013 ἠσθένησε·
1591 977 1636 1006 καὶ
1662 976 1712 1015 γὰρ
1734 976 1814 1011 ἠσθέ-

1046 1035 1110 1058 νησε
1130 1024 1315 1062 παραπλήσιον
1336 1024 1459 1052 θανάτου.
1485 1024 1538 1052 Και
1555 1022 1595 1051 οτι
1610 1023 1638 1051 οὔ
1657 1021 1814 1060 προφασίζο-

1049 1081 1108 1107 μαι,
1123 1069 1265 1099 ἀκουσατε·
1281 1069 1350 1098 Αλλ’
1362 1069 1455 1101 ὗΘεὸς
1467 1069 1543 1097 αὐτον
1554 1068 1660 1103 ἠλέησε.
1674 1066 1814 1105 Τίλέγεις,

1047 1118 1069 1144 ὠ
1092 1116 1223 1155 αἱρετικέ;
1249 1117 1381 1144 Ἐνταῦθα
1401 1115 1472 1144 εΛεόν
1487 1126 1550 1154 φησι
1563 1117 1608 1143 τοῦ
1621 1115 1690 1143 Θεοῦ
1705 1108 1771 1141 εἶναι
1785 1113 1815 1141 τὸ

1048 1161 1091 1190 τὸν
1115 1161 1243 1199 μέλλοντα
1260 1160 1365 1189 ἀπιεναι
1379 1160 1501 1199 κατέχειν
1524 1159 1569 1188 καὶ
1583 1158 1746 1197 ὑποστρέψαι
1766 1157 1816 1187 ποί-

1049 1208 1100 1236 λιν.
1123 1207 1175 1235 Και
1198 1206 1249 1244 μὴν
1269 1207 1291 1235 εἰ
1310 1206 1422 1245 πονηρὸν
1438 1208 1451 1234 6
1468 1205 1582 1243 κόσμος,
1600 1206 1645 1233 οὐκ
1659 1204 1729 1236 ἔλεος
1741 1198 1815 1235 οὗτός

1050 1255 1106 1282 ἐστι
1124 1253 1154 1282 τὸ
1172 1254 1198 1281 ἐν
1219 1255 1256 1280 τῶ
1279 1254 1386 1292 πονηρῷ
1403 1252 1514 1292 ἀφιέναι.
1537 1251 1615 1280 Ἀλλα
1632 1261 1696 1291 προς
1711 1250 1758 1287 μὲν
1772 1249 1816 1278 τὸν

1051 1298 1182 1338 αἱρετικὸν
1198 1282 1301 1327 εὔκολον
1325 1300 1417 1333 εἰπεῖν,
1439 1298 1503 1336 πρὸς
1521 1297 1547 1327 δὲ
1562 1297 1605 1326 τὸν
1617 1295 1775 1336 Χριστιανὸν
1790 1294 1817 1323 τί

1052 1346 1176 1384 ἐροῦμενς
1193 1344 1245 1372 Καὶ
1258 1343 1309 1382 γὰρ
1324 1343 1358 1372 ¹'6
1373 1344 1449 1377 αὐτὸς
1463 1342 1660 1382 ἀμφισὸητ-ἡσει
1674 1341 1752 1377 ἴσως,
1772 1340 1821 1369 καὶ

1052 1392 1104 1430 ἐρεῖ
1112 1413 1120 1428 ,
1133 1392 1155 1419 εἰ
1167 1389 1196 1418 τὸ
1208 1391 1334 1419 ἀναλῦσαι
1343 1389 1389 1418 σὺν
1402 1391 1508 1445 Χριστῷ
1520 1391 1609 1428 πολλῷ
1621 1389 1720 1426 μᾶλλον
1731 1392 1817 1426 κρεῖσ-

1053 1448 1107 1472 σον,
1121 1436 1189 1469 τίνος
1215 1436 1300 1465 ἕνεκεν
1321 1447 1399 1475 φησιν
1423 1436 1500 1464 αὐτὸν
1522 1436 1552 1463 ε’)
1553 1437 1668 1463 εεῖσῠαι
1662 1457 1669 1470 ,
1695 1432 1767 1471 Ἐγὼ
1789 1432 1817 1461 δὲ

1054 1484 1125 1521 μᾶλ)
1127 1494 1153 1511 ον
1176 1482 1322 1522 ἐρήσομαι,
1337 1481 1405 1514 τίνος
1418 1481 1503 1510 ἕνεκεν
1518 1483 1532 1509 6
1547 1480 1621 1513 αὐτός
1636 1492 1714 1519 φησιν
1731 1481 1816 1536 ἀναγ-

1053 1529 1187 1568 καιότερον
1208 1532 1275 1557 εἰναι
1291 1540 1321 1556 το
1343 1529 1475 1565 ἐπιμεῖναι
1492 1527 1525 1555 δι’
1549 1529 1630 1564 ὓμᾶς;
1644 1525 1749 1564 εὨσπερ
1765 1526 1818 1582 γὰρ

1054 1575 1125 1613 αὖτῳ
1147 1575 1286 1612 ἀναγκαῖον
1311 1576 1342 1608 ἦν
1368 1575 1459 1607 ἐκεῖνο,
1483 1571 1552 1600 οὕτω
1574 1571 1619 1600 καὶ
1643 1571 1728 1610 τούτῳ
1750 1570 1818 1608 μετὰ

1053 1621 1170 1653 πλείονος
1193 1619 1306 1648 πλούτου
1327 1619 1371 1647 καὶ
1392 1618 1507 1657 μείζονος
1525 1616 1674 1656 παρρησίας
1696 1616 1821 1654 μέλλοντι

1053 1667 1117 1706 πρὸς
1130 1666 1172 1695 τὸν
1192 1666 1259 1694 Θεὸν
1273 1665 1386 1694 ἀπιέναι.
1403 1665 1506 1693 Ἐκεῖνο
1521 1663 1567 1701 μὲν
1580 1663 1632 1702 γὰρ
1645 1662 1711 1690 οκὸὶν
1724 1661 1760 1699 μὴ
1773 1664 1819 1690 νῦν

1054 1713 1170 1750 ἐγένετο,
1183 1711 1288 1750 ὕστερον
1315 1711 1408 1748 ἔμελλε
1420 1723 1426 1728 ·
1450 1711 1480 1739 τὸ
1496 1709 1522 1738 δὲ
1536 1710 1658 1748 κερδᾶναι
1673 1707 1758 1747 ψυχὰς
1771 1708 1819 1736 οὐκ

1054 1759 1091 1787 ἔνι
1106 1758 1196 1786 λοιπὸν
1212 1757 1370 1788 ἀπελθόντας
1384 1759 1447 1785 ἐκεῖ.
1472 1757 1496 1784 Τ
1499 1755 1515 1783 ὰ
1534 1754 1619 1783 πολλὰ
1633 1754 1678 1782 καὶ
1693 1753 1761 1782 κατὰ
1771 1752 1821 1788 τὴν

1054 1803 1142 1838 κοινὴν
1156 1802 1291 1837 συνήθειαν
1304 1804 1356 1830 τῶν
1369 1801 1515 1830 ἀκουόντων
1530 1802 1543 1828 6
1554 1801 1659 1831 Παῦλος
1670 1798 1819 1838 φθέγγεται,

1054 1850 1099 1879 καὶ
1113 1851 1141 1879 οὐ
1157 1851 1292 1887 πανταχοῦ
1307 1850 1455 1887 φιλοσοφεῖ·
1471 1847 1535 1886 πρὸς
1545 1846 1595 1885 γὰρ
1610 1844 1760 1885 ἀνθρώπους
1772 1856 1818 1873 κο-

1055 1895 1164 1934 σμικοὺς
1186 1897 1199 1922 6
1217 1895 1292 1933 λόγος
1312 1890 1343 1929 ἦν
1361 1895 1446 1932 αὐτῷ,
1463 1892 1610 1924 δεδοικότας
1629 1891 1667 1920 ἔτι
1680 1891 1724 1920 τὸν
1738 1890 1819 1919 θάνα-

1055 1953 1109 1971 τον.
1135 1937 1200 1969 Εἶτα
1214 1940 1343 1968 δείκνυσιν
1360 1941 1386 1967 ἐν
1399 1941 1451 1977 ὅσῳ
1464 1938 1534 1976 λόγῳ
1545 1937 1614 1966 ἐστὶν
1628 1938 1697 1976 αὐτῷ
1708 1938 1722 1964 ὃ
1736 1936 1822 1965 Ἐπα-

1057 1987 1186 2027 φρόδιτος,
1203 1985 1248 2014 καὶ
1265 1985 1316 2013 ἀπο
1336 1984 1428 2013 τούτου
1447 1983 1581 2021 αἰδέσιμον
1597 1981 1672 2011 αὐτὸν
1693 1983 1785 2016 ποιῶν,
1799 1981 1824 2009 εἴ

1056 2044 1086 2071 γε
1101 2031 1148 2066 τὴν
1165 2030 1264 2060 ἐκείνου
1279 2029 1411 2069 σωτηρίαν
1432 2029 1500 2057 οὕτω
1517 2027 1653 2067 χρησίμην
1669 2028 1755 2066 ἑαυτῳ
1770 2038 1824 2065 φη-

1059 2090 1099 2107 σιν
1114 2081 1198 2113 εἶναι,
1212 2078 1248 2109 ὡς
1261 2074 1534 2111 ἠλεῆσθαικαιαῦτὸν
1549 2075 1580 2102 δι’
1593 2072 1701 2102 ἐκείνου.
1724 2071 1824 2105 Ἄλλως

1059 2124 1101 2160 δὲ,
1118 2134 1164 2151 και
1183 2133 1266 2161 χωρίς
1280 2121 1371 2150 τούτου
1385 2120 1465 2149 καλὸν
1480 2122 1496 2154 ἡ
1511 2122 1632 2158 παροῦσα
1647 2117 1716 2153 ζωή·
1731 2117 1788 2146 ἐπεὶ
1801 2118 1824 2145 εἷ

1059 2169 1096 2207 μὴ
1112 2169 1209 2203 καλὸν,
1226 2167 1269 2196 διὰ
1287 2166 1313 2195 τί
1326 2168 1352 2195 ἐν
1367 2166 1438 2199 τάξει
1461 2164 1588 2204 τιμωρίας
1601 2164 1688 2199 τίθησι
1701 2162 1759 2195 τους
1772 2162 1826 2191 ἀώ-

1061 2227 1118 2254 ρους
1140 2213 1278 2248 θανάτους,
1303 2225 1338 2245 ως
1361 2212 1422 2240 ὅταν
1443 2211 1525 2249 λεγῃ,
1550 2209 1601 2239 Δια
1621 2213 1698 2238 τοῦτο
1717 2210 1743 2237 ἐν
1762 2210 1825 2246 ὑμῖν

1059 2260 1151 2290 πολλοὶ
1164 2262 1280 2292 ἀσθενεῖς
1292 2271 1336 2287 και
1351 2259 1498 2297 ἄρρωστοι,
1513 2256 1558 2285 καὶ
1572 2266 1717 2293 κοιμωνται
1730 2253 1824 2283 ἱκανοί.

1060 2309 1094 2338 Ἡ
1119 2321 1165 2346 μεν
1190 2320 1241 2347 γαρ
1264 2307 1396 2344 μέλλουσα
1420 2305 1472 2340 ζωη
1490 2304 1548 2344 οὐχι
1562 2307 1677 2343 πονηροῦ
1689 2303 1825 2342 κρείττων,

1653 2353 1713 2382 Ἵνα
1727 2352 1763 2391 μὴ
1777 2352 1825 2381 λύῃ

1061 2359 1118 2388 ἕπεὶ
1134 2359 1180 2387 οὒκ
1195 2356 1294 2396 ἀγαθὴ,
1312 2355 1380 2384 ἀλλὰ
1392 2356 1473 2384 καλοῦ
1490 2354 1626 2393 κρείττων.

1072 2461 1109 2483 σὺν
1120 2464 1209 2491 Χριστῷ
1223 2457 1299 2488 εἷ’-ιαμ]

1105 2505 1115 2517 c
1133 2496 1206 2530 [Legn
1220 2500 1260 2521 κᾶν
1273 2499 1291 2520 εἰ
1300 2500 1333 2526 μὴ
1347 2499 1390 2520 νῦν.
1404 2494 1531 2525 Eumaeus-J
