1893 2860
204 156 273 190 (330
534 166 562 189 s.
591 165 729 188 JOANMS
757 165 937 188 cum'sosr.

207 236 234 256 tu
249 239 306 256 cain
321 238 424 266 quoquc
436 226 563 255 beneficio
573 226 658 254 affice.
670 224 830 260 Quomodo?
844 226 875 253 ln
887 225 943 264 spi-

210 274 352 301 ritualibus
367 273 389 301 ci
405 282 513 300 manum
533 272 639 311 porrige
655 283 660 299 ε
678 282 737 310 qum
752 271 870 300 audieris
893 272 943 300 uti-

211 319 244 347 lia
256 342 262 351 ,
279 330 307 346 ra
325 329 375 346 non
390 328 464 346 secus
478 325 557 356 atque
574 317 732 346 hirundines
756 328 801 346 ore
816 324 940 357 portans,

210 365 275 391 atter
285 370 310 391 et
327 374 394 402 ponc
406 363 433 391 in
457 374 502 392 ore
517 363 608 391 matris
621 370 646 391 ct
660 363 806 402 pullorum.
822 364 945 398 Quomo-

209 408 244 436 ‹lo
262 408 333 436 enim
348 419 399 437 uon
415 415 452 437 cst
462 408 609 437 absurdum
622 415 645 437 te
656 409 683 437 in
698 409 758 437 aliis
768 408 876 447 quidem
888 410 945 448 pri-

211 465 267 482 iuas
279 454 347 483 velle
368 453 506 491 obtinere,
523 461 549 483 ct
571 455 661 483 locum
683 461 772 483 tencre
784 455 897 495 capitis,
918 456 945 484 in

210 501 331 529 doctrina
351 508 440 529 autern
455 501 576 530 ordinem
593 501 733 530 deserere?
749 501 820 530 Eum
835 501 882 540 qui
896 502 947 531 im-

210 553 284 584 perat
296 569 303 581 ,
321 547 353 575 iis
376 547 422 585 qui
446 554 539 586 parent
551 569 558 583 ,
573 554 676 586 oportet
697 558 828 586 proeesse,
845 558 896 576 non
919 548 946 577 in

211 592 375 629 honoribus,
394 592 440 621 sed
463 592 490 621 in
504 592 672 622 virtutibus:
690 603 751 622 nam
774 593 824 622 hoc
837 593 947 632 quidem

211 638 380 677 imperantis,
396 638 464 666 illud
480 649 541 667 vero
556 649 647 667 rorum
665 639 711 677 qui
725 646 816 678 parent
830 647 868 668 est
882 640 946 668 offi-

211 685 291 712 cium.
307 684 336 713 Si
352 684 436 712 multo
450 683 550 713 honore
570 684 667 713 fruaris
677 707 685 722 ,
700 685 750 713 hoc
764 685 831 713 nihil
854 686 888 714 ad
902 692 945 723 te3

212 730 335 769 accepisti
351 730 421 758 enim
431 730 464 758 ab
474 731 550 759 aliis:
563 731 584 759 si
599 731 682 759 multa
695 731 793 759 vii-tute
805 731 945 770 refulgeas,

211 775 261 804 lioc
275 782 360 804 totum
373 782 410 804 cst
425 783 511 804 tuum.
530 775 566 804 Es
579 783 658 815 caput
672 776 781 811 uxoris,
795 777 923 805 concinna
936 799 945 814 ‚

213 821 315 860 corrige
330 828 355 849 ct
369 832 496 860 compone
515 822 649 859 reliquum
669 833 773 861 corpus.
794 824 853 851 Non
873 823 948 851 vides

213 867 286 906 quod
301 874 379 906 caput
394 878 444 895 non
468 874 572 896 tantum
596 868 654 897 loco
680 875 788 907 superat
814 869 949 907 reliquum

212 924 308 952 corpus
320 936 327 949 ‚
344 920 476 951 quantum
498 924 561 942 cura
576 921 601 942 ct
617 914 789 953 providentia
800 937 809 952 ,
825 922 854 943 ut
876 915 950 953 quod

213 959 302 997 ipsum
318 965 434 996 rogatae
448 958 549 997 dirigat
571 966 706 997 tamquam
722 960 906 999 gubernator?
919 962 950 990 In

213 1004 299 1042 capite
320 1004 392 1032 enim
402 1010 427 1032 ct
452 1005 571 1043 corporis
586 1011 610 1033 et
624 1005 719 1033 animae
733 1013 794 1034 sunt
808 1007 878 1035 oculi
894 1019 900 1034 :
919 1007 951 1035 il-

213 1048 267 1076 linc
283 1047 317 1075 ad
329 1058 372 1076 cos
387 1048 474 1076 affluit
489 1049 530 1076 vis
546 1049 741 1088 perspiciendi,
759 1050 833 1079 illinc
855 1051 897 1080 vis
908 1062 955 1079 re-

214 1094 294 1133 gendi
311 1105 370 1132 quae
394 1101 464 1123 tenet
480 1094 668 1134 principatum.
686 1095 721 1124 Et
741 1096 874 1134 reliquum
890 1098 952 1135 qui-

213 1140 275 1168 dem
301 1151 398 1179 corpus
418 1141 590 1169 constituitur
607 1141 639 1169 ad
663 1142 889 1180 ministrandum3
903 1143 954 1171 hoc

214 1196 279 1215 vero
295 1186 453 1214 collocatum
466 1187 516 1215 suit
528 1186 562 1215 ad
578 1187 774 1226 imperandum.
786 1189 882 1218 Omnes
895 1200 953 1218 sen-

215 1244 259 1262 sus
284 1233 359 1262 illinc
377 1233 475 1262 liabent
501 1234 666 1273 principium
687 1242 712 1264 et
739 1236 860 1265 fontem:
879 1237 954 1266 illinc

215 1280 390 1307 instrumenta
405 1279 563 1308 emittuntur
573 1281 690 1316 vocalia,
707 1281 818 1310 facultas
833 1282 954 1319 videndi,

215 1325 326 1353 facultas
339 1324 486 1363 odorandi,
502 1332 586 1354 tactus
601 1326 759 1356 universus:
773 1327 848 1356 illinc
860 1329 955 1357 consti-

215 1371 301 1398 tuitur
311 1370 391 1399 radix
405 1381 548 1399 nervorum
563 1378 588 1400 ct
598 1372 706 1400 ossium.
719 1372 802 1402 Vides
814 1374 884 1411 quod
896 1385 954 1413 pro-

215 1416 333 1445 videntia
348 1417 433 1455 magis
449 1418 580 1452 excellat,
596 1429 677 1456 quam
703 1418 826 1448 honore?
841 1421 881 1448 Ita
908 1431 956 1449 nos

218 1460 298 1488 ctiam
312 1461 476 1499 imperemus
495 1461 656 1490 mulieribus
668 1474 673 1489 :
693 1473 736 1490 eas
749 1463 889 1492 vincamus
903 1474 954 1492 non

216 1503 289 1542 quod
304 1503 364 1542 plus
389 1503 497 1532 honoris
517 1515 682 1542 quaeramus,
699 1505 745 1534 sed
769 1507 841 1544 quod
862 1507 925 1546 ipsae
940 1518 955 1536 a

218 1547 294 1575 nobis
321 1547 416 1586 majori
437 1548 590 1576 afficiantur
612 1549 752 1578 beneficio.
777 1551 890 1579 Ostendi
913 1562 955 1580 eas

218 1604 271 1622 non
284 1594 374 1633 parvis
389 1605 435 1622 nos
451 1594 556 1623 afficere
567 1595 721 1633 beneficii&
737 1595 783 1624 sed
798 1596 820 1624 si
838 1597 955 1626 velimus

217 1651 261 1668 cas
277 1640 440 1669 remunerari
455 1641 657 1680 spiritualibus,
673 1651 720 1671 nos
735 1643 876 1672 vincimus.
888 1645 955 1672 Nam

218 1687 245 1714 in
256 1686 440 1725 corporalibus
450 1697 501 1714 non
512 1698 651 1725 possumus
663 1688 767 1726 aliquid
779 1689 873 1718 afferre
884 1690 957 1728 quod

219 1733 257 1761 eis
273 1744 306 1762 ex
320 1744 396 1771 aequo
407 1734 573 1772 respondeat.
583 1734 658 1769 Quid
669 1735 738 1763 enim
747 1736 760 1763 Ξ)
775 1736 875 1765 affertis
886 1739 956 1765 mul-

220 1787 260 1808 tas
271 1782 397 1819 pecunias
405 1780 418 1807 {³
430 1780 483 1808 Sed
492 1780 538 1808 illa
548 1788 635 1809 servat
648 1793 653 1809 :
668 1781 724 1810 haec
733 1788 822 1810 autem
832 1792 895 1811 cura
913 1783 953 1811 illi

218 1825 326 1862 {equalis
338 1831 415 1861 est,ct
423 1825 460 1853 sic
472 1835 500 1853 ea
512 1836 579 1864 opus
590 1826 680 1854 hahet.
693 1827 806 1862 Quare?
818 1827 887 1862 Quia
898 1828 957 1867 plu-

219 1872 280 1900 rimi
290 1871 334 1909 qui
345 1871 427 1899 multa
440 1871 620 1911 possidebant,
629 1872 755 1911 quoniam
765 1884 815 1902 non
825 1873 958 1903 habehant

219 1926 278 1953 quae
289 1922 414 1952 servaret,
422 1915 510 1944 omnia
519 1916 704 1954 perdiderunt.
715 1917 766 1945 Sed
778 1925 886 1957 propter
895 1918 958 1947 libe-

220 1972 262 1989 ros
278 1968 316 1990 cst
329 1961 397 1989 inter
410 1961 502 1990 ambos
517 1962 627 1990 societas
643 1975 648 1990 :
664 1973 713 2001 par
723 1974 828 2002 quoque
843 1971 880 1992 est
893 1965 958 1993 utri-

222 2017 304 2044 usque
316 2007 490 2043 benelicium3
505 2007 558 2036 imo
570 2018 634 2037 vcro
644 2008 693 2037 itta
708 2008 733 2036 in
745 2008 785 2037 his
797 2009 956 2039 laboriosius

220 2053 277 2081 obit
288 2052 463 2081 ministerium
472 2075 479 2089 ‚
493 2059 523 2080 ut
532 2064 590 2091 qum
603 2064 707 2093 semper
721 2055 787 2083 serat
801 2055 913 2091 foetum,
932 2063 957 2084 et

221 2105 313 2137 partus
338 2106 453 2126 vexetur
480 2098 629 2129 laboribus.
650 2100 832 2134 Quamobrem
851 2101 878 2130 in
894 2101 957 2130 solis

220 2144 406 2183 spiritualibus
430 2154 487 2172 cam
510 2151 584 2183 potes
601 2145 712 2173 vincere.
734 2147 774 2174 Ne
793 2158 914 2176 curemus
929 2155 958 2176 ut

219 2192 271 2219 sint
286 2190 363 2219 nobis
374 2191 503 2230 pecuniae,
515 2190 561 2219 sed
578 2198 607 2219 ut
617 2202 676 2230 quae
689 2192 766 2221 nobis
781 2193 886 2222 creditae
896 2200 958 2222 sunt

220 2237 330 2270 animae,
347 2246 389 2264 cas
401 2246 463 2264 cum
475 2236 574 2264 fiducia
591 2247 681 2265 coram
696 2238 753 2266 Deo
768 2238 891 2267 sistamus
906 2250 912 2265 ε
929 2239 955 2267 in

220 2282 274 2310 illis
289 2282 358 2310 onim
374 2281 539 2320 corrigendis
552 2289 576 2310 et
590 2282 779 2312 concinnandis
794 2284 871 2313 nobis
886 2295 957 2322 quo-

222 2338 274 2365 quc
291 2328 406 2356 inultum
422 2327 599 2367 proderimus.
621 2329 689 2357 Nam
703 2329 749 2367 qui
765 2329 849 2358 alium
863 2330 955 2366 docet,

221 2375 242 2402 si
259 2374 325 2402 niliil
340 2374 413 2402 aliud
427 2397 433 2411 ‚
450 2374 476 2402 in
492 2374 605 2403 dicendo
618 2376 826 2414 compungitur,
840 2377 957 2406 maxime

221 2420 284 2448 duni
299 2420 370 2448 ridet
383 2421 499 2459 seipsum
523 2421 557 2449 iis
570 2432 625 2450 esse
645 2422 794 2451 obnoxium
808 2422 842 2451 dc
857 2424 955 2461 quibus

219 2466 284 2493 alios
300 2465 476 2503 reprehendit.
492 2466 625 2501 Quoniam
645 2478 707 2506 ergo
719 2474 743 2496 ct
758 2468 833 2496 nobis
848 2469 912 2507 ipsis
928 2477 953 2498 ct

966 166 982 187 Α
989 167 1118 190 RetttEt‘.
1149 169 1210 191 CON
1217 169 1274 192 §TA
1281 169 1415 192 N'rtnot‘.

998 227 1134 265 χρήσιμα,
1145 232 1227 257 ταῦτα
1237 252 1244 265 ,
1262 229 1378 268 καθάπερ
1394 231 1419 258 αἱ
1433 230 1561 268 χελιδόνες
1571 252 1578 264 ,
1597 229 1633 267 τῷ
1646 226 1757 266 στόματι

999 272 1179 306 διαὸαστοίζων
1202 274 1337 312 ἀπάγαγε,
1363 275 1406 303 καὶ
1427 275 1494 307 ἔνθες
1509 276 1543 306 εἷς
1565 274 1594 302 τὸ
1609 274 1694 311 στόμα
1713 273 1758 301 καὶ

999 319 1044 352 τ’ῆς
1060 319 1158 358 μητρὸς
1171 319 1280 347 καὶτῶν
1296 322 1414 349 νεοττῶν.
1429 321 1491 353 Πῶς
1501 321 1551 360 γὰρ
1563 321 1608 348 οὐκ
1623 320 1717 348 ἄτοπον
1733 321 1758 347 ἓν

1000 363 1046 401 μὲν
1070 368 1122 396 τοῖς
1144 364 1232 396 ἄλλοις
1248 366 1299 392 τῶν
1322 365 1456 402 πρωτείων
1473 365 1559 398 ἀξιοῦν
1584 366 1694 401 σαυτὸν,
1717 364 1760 392 καὶ

999 409 1046 444 τὴν
1059 412 1105 445 τῆς
1120 411 1234 449 κεφαλῆς
1248 409 1338 448 χώραν
1362 409 1465 448 ἐπέχειν
1477 432 1484 445 ,
1508 412 1534 439 ἐν
1549 411 1574 440 δὲ
1588 414 1620 450 τῇ
1634 411 1759 439 διδασκα-

1000 454 1043 494 λία
1057 455 1156 484 λείπειν
1171 454 1218 489 τὴν
1232 454 1304 488 τάξιν
1316 467 1323 490 ;
1345 455 1398 483 Τὸν
1414 455 1530 494 ἄρχοντα
1543 458 1593 485 τῶν
1609 456 1760 496 ἀρχομένων

1000 501 1046 529 οὐκ
1059 503 1085 529 ἐν
1100 505 1157 534 ταῖς
1170 505 1259 539 τιμαῖς
1273 501 1410 539 ὑπερέχειν
1426 501 1478 538 δεῖ,
1502 502 1559 530 ἀλλ’
1576 503 1601 530 ἐν
1622 506 1679 535 ταῖς
1697 503 1761 540 ἀρε-

965 552 984 575 D
1000 552 1069 580 ταῖς·
1085 549 1161 576 τοῦτο
1174 547 1225 587 γὰρ
1240 547 1377 586 ἄρχοντος·
1397 549 1478 576 ε’κεῖνο
1490 546 1536 585 μὲν
1551 547 1601 586 γὰρ
1615 550 1665 576 τῶν
1683 550 1762 587 ἀρχο-

1002 593 1086 630 μένων
1100 593 1168 628 ἐστὶ,
1182 595 1257 622 τοῦτο
1273 592 1299 621 δὲ
1313 594 1391 621 αὐτοῦ
1400 596 1446 622 τοῦ
1458 593 1582 632 ἄρχοντος
1595 593 1762 632 κατόρθωμα.

1000 638 1045 666 Ἂν
1060 640 1159 672 πολλῆς
1181 638 1331 676 ἀπολαύσῃς
1345 639 1438 675 τιμῆς,
1461 638 1532 667 οὐδὲν
1551 641 1626 667 τοῦτο
1639 639 1703 677 πρὸς
1719 638 1762 666 σέ·

1001 684 1092 717 ἔλαῧες
1103 684 1153 723 γὰρ
1166 685 1228 722 παρ’
1243 683 1337 722 ἑτέρων
1348 695 1354 701 ·
1367 683 1396 712 ἂν
1407 685 1491 722 πολλῇ
1503 683 1612 722 λάμπῃς
1622 686 1653 722 τῇ
1665 685 1745 721 ἀρετῇ
1756 706 1763 718 ,

1001 733 1077 758 τοῦτο
1092 729 1151 758 ὅλον
1167 730 1220 759 σόν,
1236 729 1345 768 Κεφαλὴ
1360 731 1406 764 τῆς
1422 729 1544 768 γυναικὸς
1565 724 1602 757 εἷ·
1617 730 1708 757 οὐκοῦν
1722 731 1764 767 ῥυ-

1003 776 1114 813 θμιζέτω
1129 776 1159 803 τὸ
1172 777 1250 813 σῶμα
1266 776 1296 804 τὸ
1310 775 1399 804 λοιπὸν
1412 779 1427 811 ἡ
1445 776 1557 814 κεφαλή.
1577 776 1637 813 Οὐχ
1651 776 1713 813 ὁρᾷς
1724 774 1765 803 ὅτι

1002 821 1030 848 οὐ
1044 822 1081 859 τῷ
1093 820 1165 859 τόπῳ
1182 823 1301 848 τοσοῦτον
1316 819 1438 858 ὑπερέχει
1456 822 1500 847 τοῦ
1515 821 1606 848 λοιποῦ
1627 818 1764 856 σώματος,

1002 867 1060 896 ὅσον
1076 869 1108 906 τῇ
1127 867 1248 906 προνοίᾳ,
1264 867 1382 907 καθάπερ
1397 879 1435 900 τις
1446 867 1620 906 κυῧερνήτης,
1637 867 1704 895 ἅπαν
1720 868 1765 895 αὖ·

1002 914 1032 942 τὸ
1047 913 1200 948 εὖθύνουσα;
1221 913 1267 941 Ἰίν
1281 913 1332 952 γὰρ
1346 915 1378 951 τῆ
1394 914 1495 951 κεφαλῇ
1511 914 1555 942 καὶ
1576 916 1600 942 οἱ
1614 916 1658 941 τοῦ
1675 913 1765 951 σώμα-

970 969 987 991 E
1004 971 1062 994 τος,
1078 958 1122 988 καὶ
1135 961 1158 987 οἱ
1173 961 1218 992 τῆς
1229 960 1315 997 ψυχῆς
1326 959 1469 997 ὀφθαλμοί·
1491 961 1585 987 ἐκεῖθεν
1600 960 1698 998 ἐπιῤῥεῖ
1710 958 1766 987 τού-

1005 1017 1058 1038 τοις
1072 1005 1102 1033 τὸ
1114 1004 1270 1044 διορατικὸν,
1285 1005 1380 1032 ἐκεῖθεν
1395 1003 1424 1031 τὸ
1436 1004 1599 1042 ἡγεμονικόν.
1610 1005 1664 1033 Καὶ
1679 1004 1709 1033 τὸ
1722 1004 1771 1042 μὲν

1005 1051 1095 1080 λοιπὸν
1117 1050 1241 1078 τάττεται
1264 1052 1299 1082 εἷς
1314 1050 1446 1078 διακονίαν
1456 1073 1463 1085 ,
1479 1050 1543 1085 αὐτὴ
1567 1049 1593 1079 δὲ
1615 1052 1651 1082 εἷς
1664 1050 1694 1079 τὸ
1707 1052 1768 1079 ε’πι-

1006 1096 1108 1125 τάττειν
1131 1100 1226 1124 κεῑται.
1250 1097 1340 1124 Πᾶσαι
1361 1098 1387 1124 αἱ
1407 1096 1539 1131 αἰσθήσεις
1561 1097 1659 1125 ἐκεῖθεν
1680 1096 1769 1134 ἔχουσι

1006 1143 1053 1178 τὴν
1070 1142 1153 1182 ἀρχὴν
1165 1142 1209 1170 καὶ
1224 1142 1270 1177 τὴν
1283 1142 1370 1180 πηγήν
1380 1154 1385 1159 ·
1401 1142 1433 1170 τὰ
1445 1141 1580 1181 φωνητικὰ
1594 1142 1690 1180 ὄργανα
1703 1144 1769 1170 ἐκεῖ·

1008 1192 1048 1218 θεν
1066 1188 1264 1226 ἀναπέμπεται,
1285 1188 1314 1217 τὸ
1329 1188 1490 1226 διορατικὸν,
1515 1187 1545 1216 τὸ
1558 1188 1731 1227 ὀσφρητικὸν,
1751 1190 1768 1222 ἡ

1007 1235 1060 1274 ἁφὴ
1084 1239 1159 1263 πᾶσα
1169 1246 1174 1251 ·
1198 1237 1215 1269 ἡ
1244 1233 1294 1273 γὰρ
1309 1236 1361 1262 τῶν
1374 1233 1471 1273 νεύρων
1487 1233 1544 1273 ῥίζα
1563 1234 1606 1262 καὶ
1621 1236 1672 1262 τῶν
1687 1234 1770 1262 ὀστῶν

1008 1282 1104 1310 ἐκεῖθεν
1115 1279 1367 1319 συνέστηκενῖΟρᾷς
1374 1279 1413 1308 ὅτι
1424 1282 1455 1318 τῇ
1466 1280 1574 1319 προνοίᾳ
1587 1280 1684 1318 μᾶλλον
1694 1281 1770 1318 ὓπερ-

1009 1327 1080 1366 έχει,
1101 1326 1117 1362 ἢ
1138 1329 1170 1365 τῇ
1190 1329 1276 1365 τιμῆς
1299 1325 1378 1354 Οὕτω
1401 1326 1446 1354 καὶ
1467 1328 1520 1354 τῶν
1542 1328 1671 1364 γυναικῶν
1695 1327 1772 1362 ἡμεῖς

1009 1373 1148 1412 ἅρχωμεν·
1169 1374 1283 1409 νικῶμεν
1304 1372 1383 1404 αὐτὰς
1402 1371 1438 1409 μὴ
1452 1373 1489 1410 τῷ
1506 1371 1612 1400 πλείονα
1628 1370 1707 1408 τιμὴν
1724 1372 1771 1405 ζη-

975 1424 991 1446 F
1008 1423 1061 1446 τεῖν
1083 1420 1146 1457 παρ’
1168 1419 1268 1452 αὐτῶν,
1289 1417 1357 1445 ἀλλὰ
1377 1419 1414 1455 τῷ
1437 1417 1560 1455 μειζόνως
1574 1416 1652 1449 αὐτὰς
1667 1417 1771 1456 εὖεργε-

1010 1465 1107 1492 τεῖσθαι
1121 1464 1183 1501 παρ’
1198 1465 1283 1500 ἡμῶν.
1298 1461 1404 1495 ”Baetim
1419 1462 1458 1490 ὅτι
1469 1463 1497 1490 οὔ
1513 1462 1608 1502 μικρὰς
1620 1465 1690 1500 ἡμᾶς
1702 1463 1773 1499 εὔερ-

1010 1509 1098 1547 γεσίας
1112 1511 1301 1548 εὐεργετοῦσιν,
1317 1510 1374 1537 ἀλλ’
1394 1509 1437 1537 ἐὰν
1453 1509 1567 1546 θέλωμεν
1592 1510 1617 1537 ἐν
1631 1512 1684 1541 τοῖς
1697 1519 1775 1536 πνευ-

1012 1560 1130 1593 ματικοῖς
1145 1556 1232 1583 δοῦναι
1248 1555 1294 1590 τὴν
1312 1555 1457 1590 ἀντίδοσιν,
1473 1557 1548 1592 ἡμεῖς
1566 1556 1694 1592 νικῶμεν·
1717 1553 1776 1582 ἐπεὶ

982 1625 1002 1643 '13
1012 1604 1036 1630 ἐν
1049 1605 1101 1634 τοῖς
1116 1605 1275 1639 σωματικοῖς
1290 1600 1444 1640 ἇντίῤῥοπόν
1460 1613 1485 1628 τι
1499 1602 1645 1639 εἰσαγαγεῖν
1658 1602 1686 1629 οὗ
1699 1600 1774 1628 δυνα-

976 1653 993 1674 Α
1011 1647 1063 1676 τόν.
1084 1646 1120 1675 Τί
1133 1647 1199 1686 γάρ,
1213 1648 1330 1685 εἷσάγετε
1344 1646 1429 1675 πολλὰ
1442 1646 1584 1685 χρήματα;
1608 1646 1676 1674 Ἀλλ’
1689 1646 1775 1681 ἐκείνη

1012 1692 1146 1732 φυλάττει·
1165 1693 1318 1731 ἀντίρροπος
1332 1692 1358 1720 δὲ
1376 1692 1439 1728 αὕτη
1455 1692 1556 1727 ἐκείνης
1567 1695 1583 1727 ἡ
1598 1691 1717 1730 πρόνοια,
1731 1692 1777 1720 καὶ

1012 1738 1092 1771 οὕτως
1114 1739 1192 1773 αὐτῆς
1209 1739 1301 1767 δεῖται.
1318 1738 1368 1766 Διὰ
1384 1738 1426 1773 τί;
1452 1738 1515 1766 “Ort
1529 1737 1620 1766 πολλοὶ
1634 1737 1720 1766 πολλὰ
1733 1749 1775 1766 κε-

1011 1784 1136 1822 κτημένοι
1148 1806 1156 1820 ,
1180 1784 1270 1819 ἐπειδὴ
1294 1784 1473 1823 φυλάττουσαν
1495 1785 1542 1812 οὐκ
1569 1783 1646 1822 ἔσχον
1656 1805 1664 1818 ,
1688 1783 1776 1811 πάντα

1013 1830 1163 1858 ἀπώλεσαν.
1197 1830 1282 1859 Ἀλλὰ
1306 1831 1357 1858 τῶν
1382 1830 1483 1858 παίδων
1509 1830 1593 1858 ἕνεκεν
1630 1833 1774 1857 κοινωνεῖτε

1013 1875 1167 1915 ἀμφότεροι,
1180 1876 1223 1904 καὶ
1239 1876 1282 1911 ἴση
1298 1877 1360 1915 παρ’
1374 1875 1497 1914 ἑκατέρου
1512 1877 1528 1909 ἡ
1542 1874 1688 1914 εὐεργεσία·
1709 1875 1775 1912 μᾶλ-

1011 1923 1055 1949 λον
1070 1921 1096 1950 δὲ
1111 1921 1196 1956 ἐκείνη
1209 1921 1426 1960 πολυπονωτέραν
1440 1923 1466 1950 ἐν
1477 1921 1575 1954 τούτοις
1590 1921 1644 1959 ἔχει
1657 1919 1702 1955 τὴν
1718 1921 1776 1949 δια-

1012 1966 1115 2003 κονίαν,
1141 1967 1280 2000 διαπαντὸς
1306 1967 1418 2006 φέρουσα
1439 1966 1469 1994 τὸ
1493 1966 1633 2004 κυόμενον,
1655 1965 1699 1994 καὶ
1720 1970 1777 1998 ταῖς

1011 2012 1087 2041 ὠδῖσι
1104 2012 1305 2050 διακοπτομένη.
1323 2012 1404 2041 εΏστε
1422 2013 1447 2040 ἐν
1462 2017 1515 2045 τοῖς
1529 2015 1716 2050 πνευματικοῖς
1730 2011 1777 2050 μό-

977 2075 994 2097 B
1012 2069 1064 2090 νοις
1081 2058 1178 2097 δυνήσῃ
1197 2063 1280 2097 νικᾷν.
1304 2058 1350 2093 Μὴ
1375 2057 1406 2093 δὴ
1423 2057 1598 2097 φροντίζωμεν
1622 2057 1692 2089 ὅπως
1713 2059 1776 2094 ἡμῖν

1012 2104 1140 2143 χρήματα
1155 2104 1228 2133 ἔσται
1237 2125 1244 2139 ,
1255 2105 1313 2132 ἀλλ’
1327 2104 1396 2135 ὅπως
1410 2103 1439 2136 ἃς
1450 2103 1666 2141 ἐνεπιστεύθημεν
1678 2102 1762 2142 ψυχὰς
1770 2122 1778 2136 ,

1014 2150 1080 2187 μετὰ
1095 2150 1242 2190 παρῥησίας
1253 2151 1291 2188 τῷ
1306 2151 1368 2188 Θεῷ
1381 2149 1593 2187 παραστήσωμεν
1605 2161 1611 2166 ·
1637 2151 1662 2178 ἐν
1675 2150 1712 2188 τῷ
1727 2148 1778 2187 γὰρ

1015 2196 1145 2235 ῥυθμίζειν
1165 2196 1265 2228 ἐκείνας
1281 2195 1326 2224 καὶ
1341 2194 1446 2227 ἑαυτοὺς
1458 2195 1491 2224 τὰ
1514 2195 1626 2234 με’γιστα
1639 2195 1776 2233 ὀνήσομεν.

1012 2242 1046 2271 ‘O
1060 2242 1111 2281 γὰρ
1126 2242 1212 2280 ἕτερον
1229 2240 1372 2274 διδάσκων,
1394 2241 1416 2268 εἰ
1432 2240 1477 2269 καὶ
1500 2240 1579 2278 μηδὲν
1593 2240 1694 2280 ἕτερον,
1717 2240 1775 2268 ἀλλ’

1012 2289 1038 2316 ἐν
1058 2289 1095 2326 τῷ
1110 2287 1194 2326 λέγειν
1216 2285 1424 2322 κατανύσσεται,
1449 2285 1493 2314 καὶ
1515 2286 1630 2323 μάλιστα
1651 2285 1712 2314 ὅταν
1733 2285 1775 2323 ἴδῃ

1012 2334 1103 2362 ἑαυτὸν
1114 2333 1253 2361 ὑπεύθυνον
1266 2332 1326 2360 ὄντα
1344 2332 1459 2367 τούτοις,
1476 2331 1541 2370 ὑπὲρ
1561 2327 1596 2360 ὧν
1612 2330 1708 2370 ἑτέροις
1720 2333 1776 2359 ἐπι-

1010 2384 1084 2418 τιμᾷ.
1107 2379 1183 2408 Ἐπεὶ
1196 2374 1238 2407 οῧν
1251 2377 1296 2407 καὶ
1313 2380 1383 2416 ἡμᾶς
1400 2377 1491 2410 αὐτοὺς
1501 2400 1508 2413 ,
1522 2377 1643 2409 κάκείνας
1659 2377 1776 2416 ὠφελοῦ-

1012 2437 1075 2463 μεν,
1099 2424 1142 2452 καὶ
1166 2424 1199 2452 δι’
1215 2424 1318 2452 ἐκείνων
1337 2424 1381 2452 τὸν
1395 2419 1464 2452 οἷκον
1474 2446 1481 2459 ‚
1509 2423 1553 2452 καὶ
1566 2425 1604 2461 τῷ
1617 2424 1679 2461 Θεῷ
1699 2425 1776 2451 τοῦτο

1013 2472 1082 2498 δοκεῖ
1104 2469 1317 2509 προηγουμένως,
1341 2470 1377 2506 μὴ
1398 2469 1576 2506 ἀποκάμωμεν
1597 2469 1701 2504 καὶτῆς
1718 2470 1775 2496 ἔαυ-

216 2511 269 2539 iltis
284 2521 442 2550 prosumus,
460 2519 483 2540 et
500 2523 546 2550 per
559 2513 616 2541 illas
627 2513 736 2548 domui,
754 2521 778 2542 ct
794 2515 842 2543 ltOC
858 2515 883 2543 in
897 2516 951 2555 pri-
973 2524 991 2545 tj
1014 2517 1079 2549 τῶν,
1097 2516 1140 2544 mi.
1158 2518 1202 2549 τῆς
1216 2517 1266 2543 τῶν
1292 2514 1496 2552 διακονουμένων
1512 2517 1575 2551 ἡμῖν
1591 2516 1675 2553 ψυχῆς
1695 2515 1775 2549 κηδό-
