1893 2860
105 1576 127 1592 1.
142 1569 220 1599 [2017.

115 2473 153 2494 33.

228 1570 234 1581 1

225 1579 246 1600 «⁴⁴

257 171 318 203 180
587 178 614 199 s.
644 176 782 200 Jonxis
809 176 988 198 cuuxsosr.

250 252 308 279 quae
326 248 387 270 suut
401 241 443 269 liis
460 240 544 276 magis
557 238 701 266 neccssaria
715 259 723 273 ‚
740 244 764 265 et
780 236 836 264 haee
853 246 904 265 non
925 243 985 264 sunt

250 286 422 315 eommunia?
441 285 499 312 Non
515 283 576 311 lieet
595 283 695 317 dicere,
711 282 773 310 Lux
787 288 825 310 est
846 292 920 318 mea,
940 281 986 310 Sol

250 337 287 358 cst
300 340 372 357 nicus
382 351 388 362 ,
413 330 490 364 Aqua
505 337 560 354 mea
573 338 578 353 :
596 337 656 364 qum
678 333 739 354 sunt
763 327 883 364 majora,
898 325 985 353 onmia

251 375 326 403 nobis
341 381 401 402 sunt
414 372 563 401 eommunia
576 394 583 409 ‚
598 372 714 411 pecuniae
725 379 814 400 autem
833 382 885 400 non
910 378 987 399 crunt

251 428 402 446 comumnes
414 417 427 444 ’τ’
442 417 555 445 Pereant
581 416 679 444 millies
698 416 828 455 pecuniae,
847 416 900 444 into
925 426 987 445 vero

251 473 301 491 non
320 462 456 500 pecuniae,
474 461 520 489 sed
535 461 618 489 animi
640 461 760 490 instituta
771 484 778 498 ‚
795 472 853 500 quar,
867 461 987 489 nesciunt

250 509 287 537 uti
304 508 441 548 pecuniis,
458 507 501 536 sed
516 518 559 536 eas
573 508 697 537 omnibus
714 508 868 546 przrserunt.
887 507 921 536 Et
932 507 987 536 hsce

250 556 315 583 doce
329 566 388 583 eum
401 554 477 589 aliis,
491 554 538 582 sed
552 564 613 582 cum
626 554 709 582 multa
725 553 820 591 gratia.
832 555 899 582 Nam
917 564 987 591 quo-

250 601 321 629 niam
334 600 389 639 ipsa
404 611 450 639 per
464 610 490 628 se
512 599 546 628 ad
562 599 686 628 virtutem
699 599 849 628 exhortatio
872 599 987 627 multum

250 646 328 674 habet
342 645 472 679 tristitiae,
491 645 608 674 maxime
635 645 709 684 apud
738 645 856 684 puellam
872 652 987 673 teneram

250 698 274 720 et
289 691 476 730 juvenculam5
493 690 599 728 quando
622 690 704 719 verba
722 690 786 718 sient
811 690 845 718 de
867 690 988 729 pbiloso-

251 736 314 775 pliia
328 759 334 770 ,
350 736 462 764 multam
481 736 602 773 excogita
617 736 748 773 gratian15
763 743 787 763 et
802 736 852 764 hoc
873 735 990 763 maxime

250 792 284 810 ex
300 781 372 809 illius
393 781 480 809 anima
495 781 642 811 extermina
663 788 687 810 et
703 781 834 817 amanda,
857 791 944 809 meum
964 787 990 809 et

250 834 336 855 tuum.
348 827 376 855 Si
397 826 512 861 dixerit,
527 827 604 863 Mea,
621 826 682 854 die:
699 828 827 861 Quaenam
841 827 909 855 dicis
921 827 989 855 tua?

252 873 338 901 nescio
353 872 442 909 enim,
457 883 518 900 cum
537 882 585 910 ego
607 872 675 900 nihil
697 872 808 900 habeam
829 873 967 912 proprium
983 885 989 900 ε

252 918 385 955 quomodo
399 928 462 955 ergo
481 918 548 946 dieis
559 940 567 955 ,
584 919 646 946 Mea
657 940 665 955 ,
682 928 743 946 eum
758 918 847 946 omnia
860 919 911 947 sint
925 920 988 947 tua?
1017 929 1023 935 ¹

254 964 381 993 condona
406 964 429 992 ci
456 964 506 991 hoc
528 964 651 992 verbum.
671 965 730 992 Non
750 964 844 1000 vides,
866 964 937 1002 quod
962 965 989 992 in

252 1011 342 1048 parvis
356 1009 445 1048 pueris
459 1009 509 1037 hoc
524 1009 658 1037 facimus?
678 1009 786 1046 quando
810 1010 886 1039 nohis
898 1016 989 1038 tenen-

252 1055 324 1082 tibus
335 1053 438 1092 aliquid
450 1064 516 1092 puer
528 1054 646 1093 rapuerit
658 1077 667 1089 ‚
684 1061 710 1082 et
724 1055 783 1083 vult
796 1055 899 1093 aliquid
915 1055 990 1084 aliud

252 1101 371 1140 accipere
382 1124 388 1135 ‚
401 1101 571 1130 concedimus
584 1108 609 1129 et
621 1102 737 1130 dicimus
750 1114 755 1129 :
772 1103 848 1131 Certe
864 1110 940 1131 tuum
953 1111 991 1132 est

252 1148 302 1175 hoe
316 1154 341 1176 et
353 1147 430 1176 illud.
446 1147 501 1175 Hoc
520 1147 599 1176 etiam
617 1147 745 1176 faciamus
760 1149 787 1177 in
803 1149 934 1177 muliere:
952 1156 992 1178 est

252 1195 323 1223 enim
341 1205 414 1223 mens
425 1195 482 1234 ejus
494 1195 579 1233 magis
588 1195 716 1234 puerilis:
734 1203 759 1224 et
771 1196 794 1224 si
806 1196 878 1224 dicat
891 1220 898 1232 ,
912 1198 971 1225 Mea
980 1219 988 1235 ‚

252 1241 295 1269 dic
307 1263 313 1275 ‚
328 1240 426 1269 Omnia
438 1247 499 1268 sunt
516 1248 579 1277 tua,
596 1248 621 1269 et
638 1251 686 1280 ego
708 1248 776 1270 tuus.
804 1243 862 1270 Non
875 1249 913 1271 cst
928 1253 990 1271 ver-

253 1286 318 1314 bum
338 1285 498 1314 adulationis
508 1309 515 1322 ,
528 1286 573 1314 sed
586 1287 677 1315 multae
690 1287 846 1326 prudentias.
859 1288 904 1317 Sic
915 1295 993 1328 pote-

253 1332 290 1360 ris
312 1332 370 1371 ejus
394 1332 461 1360 iram
485 1333 647 1371 reprimere,
674 1340 699 1361 et
721 1334 890 1372 exstinguere
909 1334 992 1363 animi

255 1378 450 1416 argritudiuem.
467 1378 516 1407 Est
528 1379 598 1407 enim
609 1379 745 1416 adulatio,
762 1380 868 1418 quando
884 1388 993 1420 propter

256 1425 357 1452 malum
382 1424 485 1462 aliquid
510 1425 602 1453 seceris
628 1425 782 1454 indecorum
797 1434 822 1454 et
847 1427 991 1465 illiberale3

256 1470 306 1498 hoc
320 1477 407 1498 autem
419 1477 456 1498 est
468 1470 586 1498 maxima
595 1470 775 1510 philosophia.
791 1472 921 1511 Dicergo‚
938 1474 995 1511 ligo

258 1527 363 1555 quoque
375 1527 434 1545 sum
448 1524 509 1545 tuus
521 1540 528 1552 ,
544 1528 560 1545 o
572 1517 665 1546 filiola.
679 1517 733 1545 Hoc
745 1518 810 1546 mihi
825 1520 909 1548 suasit
921 1522 995 1548 Pau-

259 1563 318 1599 lus,
334 1562 444 1591 dicens:
470 1564 521 1591 Vir
542 1565 653 1602 proprii
677 1568 806 1603 corporis
823 1572 996 1604 potestatem

260 1610 442 1644 nonhabet,
464 1610 515 1637 sed
537 1610 649 1638 mulier.
671 1609 701 1638 Si
726 1610 778 1638 mei
801 1612 920 1650 eorporis
944 1622 996 1640 non

258 1655 343 1683 babeo
352 1661 525 1693 potestatem,
539 1655 586 1682 sed
607 1662 635 1682 tu
648 1678 655 1689 ‚
670 1655 754 1683 multo
769 1657 854 1695 magis
869 1658 996 1696 pecuniae.

261 1701 374 1729 Sedabis
399 1711 475 1736 eam,
493 1701 515 1728 si
531 1700 569 1729 sic
592 1701 672 1729 fueris
696 1702 839 1740 loquutus,
861 1704 996 1732 flammam

257 1747 428 1785 exstingues,
455 1746 593 1774 diabolum
609 1747 707 1785 probro
724 1748 825 1776 afficies
837 1771 845 1785 ,
872 1750 997 1778 ancillam

257 1792 342 1830 magis
355 1803 412 1820 eam
427 1792 506 1820 facies
516 1815 523 1828 ,
538 1803 618 1830 quam
634 1804 692 1830 quae
717 1800 754 1821 est
769 1801 838 1821 emta
862 1796 974 1833 pecunia
989 1808 994 1823 :

258 1838 301 1865 his
311 1837 400 1866 verbis
412 1849 470 1866 cam
486 1838 618 1877 alligabis.
636 1839 819 1874 Quamobrem
835 1850 867 1868 ex
893 1841 924 1869 iis
939 1852 998 1879 quac

259 1884 389 1921 loqueris,
407 1883 473 1912 (loce
494 1895 551 1912 eam
573 1895 720 1922 numquam
743 1885 846 1923 dicere,
867 1887 959 1915 Meum
973 1894 998 1916 et

260 1935 349 1956 tuum.
379 1930 433 1957 Nec
460 1939 517 1957 eam
543 1929 737 1958 inconsiderate
760 1941 852 1967 voces,
872 1932 916 1960 sed
937 1943 998 1961 cum

260 1974 417 2009 blanditiis,
434 1985 495 2002 cum
520 1975 620 2003 honore
631 1997 638 2011 ‚
655 1986 716 2004 cum
741 1976 825 2004 multa
847 1977 997 2007 dilectione.

260 2020 367 2049 Honora
381 2032 454 2057 cam,
474 2028 498 2049 et
513 2032 565 2049 non
591 2032 658 2060 opus
681 2022 791 2050 habebit
812 2030 841 2051 ut
854 2023 1000 2054 honoretur

261 2066 295 2094 ab
310 2066 370 2094 aliis
383 2078 388 2093 :
404 2077 456 2095 non
469 2067 555 2105 egebit
568 2067 652 2106 gloria
674 2067 709 2095 ab
730 2067 790 2096 aliis
802 2068 889 2098 danda
902 2092 911 2107 ,
933 2071 954 2098 si
971 2081 998 2099 ea

260 2112 365 2140 fruatur
376 2123 428 2150 qua
442 2119 469 2140 tu
487 2124 542 2141 eam
555 2114 683 2142 affeceris.
703 2114 769 2142 Eam
782 2126 906 2154 prmpone
916 2118 1000 2145 omni-

261 2158 329 2195 bus,
344 2166 452 2197 propter
465 2160 554 2188 omnia
565 2183 571 2195 ,
598 2167 622 2188 et
639 2168 747 2199 propter
769 2162 1001 2200 pulchritudinem

263 2210 287 2232 et
300 2205 473 2243 sapientiam,
488 2213 513 2234 et
533 2217 591 2234 eam
607 2217 671 2234 orna
691 2206 825 2235 laudibus.
844 2209 882 2237 lta
902 2216 926 2237 et
942 2220 1001 2248 per-

264 2250 388 2279 suadebis
402 2258 430 2279 ut
441 2252 509 2280 nulli
523 2260 649 2281 extraneo
661 2253 781 2282 animum
796 2254 921 2284 adhibeat
934 2279 940 2293 ‚
955 2256 1003 2285 scd

265 2295 331 2323 alias
342 2306 431 2325 omnes
444 2297 561 2326 irrideat.
579 2299 652 2327 Doce
666 2299 715 2327 Dei
729 2299 862 2337 timorem,
875 2308 900 2329 et
914 2302 1002 2330 onmia

267 2346 402 2377 tamquam
419 2352 433 2369 a
452 2342 523 2371 fonte
536 2343 664 2380 affluent,
679 2344 782 2382 eritque
799 2345 894 2374 domus
909 2348 1002 2375 referta

265 2385 343 2414 bonis
358 2385 607 2418 innumerabilibus.
624 2390 652 2417 Si
673 2390 887 2430 incorruptibilia
903 2404 1004 2431 qumra-

116 2441 202 2463 ,νιιιιΙιΔ
217 2440 238 2462 σ.
267 2442 326 2460 mus
338 2454 345 2468 ‚
358 2434 542 2472 corruptibilia
558 2446 664 2473 quoquc
678 2436 819 2466 advenient
833 2450 838 2465 :
858 2440 1001 2477 Qmeritoe,

302 2540 309 2550 ι·
329 2532 415 2565 [5axil.
430 2535 763 2568 Fon.›2521-2502-njrm1t0010.
778 2538 818 2563 Sic
832 2540 931 2571 Interpr
945 2539 952 2571 1

1020 176 1037 198 ,ἱ
1045 175 1159 198 nonnil)
1166 191 1173 198 .
1202 175 1327 199 CONSTA
1334 176 1454 199 NTtNOt*
1461 190 1468 197 .

1040 236 1109 264 ἔστιν
1124 237 1217 273 εἰπεῖν,
1230 237 1259 266 τὸ
1269 237 1330 275 ἐμὸν
1342 239 1408 276 φῶς,
1419 238 1432 265 ὁ
1442 236 1502 274 ἐμὸς
1509 235 1596 271 ἥλιος,
1610 234 1638 263 τὸ
1649 234 1710 271 ἐμὸν
1722 234 1799 272 ὕδωρ·

1040 282 1127 310 πάντα
1141 284 1203 320 ἡμῖν
1215 282 1288 311 κοινὰ
1301 283 1334 312 τὰ
1350 282 1468 320 μείζονα,
1484 281 1517 310 τὰ
1530 281 1556 309 δὲ
1569 280 1695 320 χρήματα
1707 280 1735 307 οὗ
1746 290 1801 307 κοι-

1041 327 1087 362 νάς
1100 328 1265 356 Ἀπολλύσθω
1276 328 1309 357 τὰ
1323 328 1450 367 χρήματα
1463 327 1583 366 μυριάκις
1593 349 1599 361 ,
1617 327 1714 363 μᾶλλον
1726 324 1751 352 δὲ
1764 323 1800 362 μὴ

1041 374 1073 401 τὰ
1088 373 1229 412 χρήματα,
1247 374 1304 402 ἀλλ’
1316 377 1342 402 αἱ
1357 373 1520 412 προαιρέσεις
1534 373 1560 401 αἱ
1576 372 1612 410 μὴ
1630 372 1722 400 εἰδυῖαι
1736 369 1802 408 χρή-

1042 430 1106 456 μασι
1132 419 1294 457 χρήσασθαι,
1320 418 1387 447 ἀλλὰ
1410 419 1514 447 πάντων
1539 417 1605 446 αὐτὰ
1625 417 1801 455 προτιμῶσαι.

1042 463 1094 492 Καὶ
1105 466 1188 492 ταῦτα
1201 463 1266 502 μετὰ
1279 466 1330 492 τῶν
1345 464 1430 492 ἄλλων
1444 463 1560 498 δίδασκε,
1576 461 1644 491 ἀλλὰ
1658 460 1725 499 μετὰ
1739 461 1802 488 πολ-

1041 511 1089 543 λῆς
1103 511 1149 544 τῆς
1166 509 1281 548 χάριτος.
1302 509 1413 544 Ἐπειδὴ
1428 509 1479 548 γὰρ
1493 508 1557 544 αὐτὴ
1577 509 1633 536 καθ’
1649 506 1743 541 ἑαυτὴν
1756 507 1802 539 τῆς

1043 556 1138 594 ἀρετῆς
1152 557 1167 589 ἡ
1183 555 1336 593 παραίνεσις
1357 554 1423 583 πολὺ
1446 554 1475 582 τὸ
1489 553 1641 592 σκυθρωπὸν
1667 552 1736 590 ἔχει,
1757 549 1802 579 καὶ

1043 599 1158 637 μάλιστα
1170 601 1234 639 πρὸς
1248 601 1326 639 κόρην
1340 599 1444 634 ἁπαλὴν
1459 599 1503 627 καὶ
1516 598 1575 627 νέαν
1586 620 1593 633 ,
1609 597 1670 625 ὅταν
1684 596 1744 635 περὶ
1758 607 1802 634 φι-

1043 644 1165 684 λοσοφίας
1185 646 1301 685 λέγοιντο
1311 646 1397 684 λόγοι,
1416 644 1516 680 πολλὴν
1537 643 1634 672 ἐπινόει
1647 641 1695 676 τὴν
1711 641 1804 680 χάριν,

1044 692 1088 719 καὶ
1108 694 1183 720 τοῦτο
1199 692 1315 729 μάλιστα
1330 692 1381 721 ἀπὸ
1396 694 1442 727 τῆς
1456 693 1541 730 ψυχῆς
1560 689 1672 729 ε’ξόρισον
1688 686 1802 721 ἐκείνης,

1044 737 1073 765 τὸ
1092 737 1169 775 ἐμὸν,
1193 738 1236 766 καὶ
1253 738 1282 767 τὸ
1296 738 1349 767 σόν.
1374 738 1425 766 Ἂν
1444 737 1502 776 εἴπῃ
1518 736 1551 764 τὰ
1564 735 1629 773 ε’μὰ,
1654 733 1709 762 εἰπὲ
1723 733 1802 770 αὐτῇ,

1044 787 1105 812 ποῖοι
1120 783 1203 822 λέγεις
1216 784 1248 813 σοί
1259 797 1265 819 ;
1277 783 1332 813 οὐδὲ
1344 784 1395 823 γὰρ
1410 779 1479 812 οἶδα·
1504 782 1574 812 οὐδὲν
1591 781 1645 820 ἔχω
1661 778 1712 817 ἐγὼ
1723 778 1787 806 ἴδιον
1798 789 1803 794 ·

1044 830 1099 861 πῶς
1113 825 1156 857 οὖν
1168 829 1250 868 λέγεις
1264 830 1297 858 τὰ
1310 830 1361 867 ἐμὰ
1370 853 1377 865 ,
1391 829 1495 857 πάντων
1509 828 1588 856 ὄντων
1603 828 1669 859 σῶν,
1688 824 1804 862 Χάρισαι

1045 876 1108 912 αὐτῇ
1124 875 1153 903 τὸ
1169 878 1250 914 ῥῆμα.
1274 877 1333 915 Οὐχ
1348 879 1408 914 ὁρᾷς
1423 876 1465 904 ἐπὶ
1488 877 1536 902 τῶν
1552 872 1662 901 παιδίων
1677 871 1717 899 ὅτι
1729 873 1804 898 τοῦτο

1044 920 1206 958 πράττομεν;
1224 922 1283 949 ὅταν
1296 923 1371 958 ἡμῶν
1386 920 1552 958 κατεχόντων
1566 930 1591 946 τι
1615 916 1721 956 ἁρπάσῃ
1731 937 1738 950 ,
1759 914 1804 943 καὶ

1043 966 1073 994 τὸ
1087 965 1172 1005 ἕτερον
1193 967 1272 994 πάλιν
1290 966 1414 1004 βούληται
1430 966 1533 999 λαῧεῖν,
1556 965 1741 1002 συγχωροῦμεν
1761 961 1805 989 καὶ

1044 1011 1153 1049 λέγομεν
1164 1023 1169 1028 ·
1181 1011 1239 1047 ναὶ,
1254 1014 1329 1039 τοῦτο
1343 1011 1386 1040 σόν
1402 1013 1470 1046 ἐστι,
1482 1012 1595 1039 κάκεῖνο.
1606 1010 1691 1037 Τοῦτο
1703 1007 1748 1036 καὶ
1762 1006 1805 1035 ἐπὶ

1044 1059 1091 1091 τῆς
1103 1057 1223 1094 γυναικὸς
1237 1058 1352 1094 ποιῶμεν
1362 1068 1368 1074 ·
1384 1055 1561 1095 παιδικωτέρα
1575 1053 1625 1093 γὰρ
1643 1053 1721 1088 αὐτῆς
1735 1054 1751 1087 ἦ
1764 1052 1806 1080 δι-

1046 1103 1120 1131 άνοιά
1134 1104 1202 1131 ἐστι·
1223 1102 1270 1131 κᾶν
1283 1102 1346 1141 λέγῃ
1360 1102 1393 1131 τὰ
1405 1102 1473 1140 ἐμὰ,
1495 1101 1564 1137 εἰπὲ,
1589 1100 1675 1129 πάντα
1691 1098 1724 1127 σά
1736 1099 1806 1131 ἐστι,

1045 1149 1089 1177 καὶ
1104 1149 1154 1187 ἐγὼ
1170 1149 1221 1182 σός.
1237 1150 1293 1178 Οὐκ
1303 1148 1358 1177 ἔστι
1371 1148 1509 1180 κολακείας
1523 1148 1552 1176 τὸ
1566 1148 1637 1186 ῥ’ἥμα
1649 1168 1656 1182 ,
1668 1144 1735 1173 ἀλλὰ
1745 1145 1807 1173 πολ-

1045 1196 1092 1229 λῆς
1112 1194 1247 1227 συνέσεως.
1262 1194 1353 1228 Οὕτως
1368 1196 1447 1229 αὐτῆς
1468 1193 1565 1231 δυνήσῃ
1579 1191 1695 1231 χαλάσαι
1708 1190 1751 1218 τὸν
1765 1192 1807 1217 θυ-

1047 1241 1110 1278 μὸν,
1133 1240 1176 1268 καὶ
1189 1240 1236 1275 τὴν
1259 1239 1371 1278 ἀθυμίαν
1393 1240 1494 1268 σὸέσαι.
1510 1237 1641 1267 Κολακεία
1654 1236 1705 1275 γάρ
1722 1237 1790 1264 ἐστιν
1801 1254 1808 1268 ,

1046 1286 1107 1315 ὅταν
1119 1299 1157 1318 τις
1179 1286 1281 1324 ἀγεννές
1296 1298 1319 1314 τι
1333 1286 1418 1325 πράξῃ
1433 1288 1513 1314 κακοῦ
1526 1284 1625 1313 ἕνεκεν·
1639 1286 1713 1312 τοῦτο
1725 1280 1752 1310 δὲ
1767 1292 1809 1320 φι-

1046 1332 1155 1371 λοσοφία
1168 1332 1288 1371 μεγίστη.
1305 1332 1371 1371 Λέγε
1382 1328 1438 1368 οὖν,
1460 1331 1503 1360 καὶ
1518 1331 1569 1369 ἐγὼ
1584 1331 1640 1366 σὸς,
1659 1324 1680 1357 if)
1692 1327 1807 1358 παιδίον·

1048 1379 1123 1407 τοῦτό
1136 1390 1180 1416 μοι
1190 1379 1294 1410 Παῦλος
1308 1378 1452 1417 παρῄνεσεν
1464 1377 1557 1406 εἰπών·
1566 1376 1599 1405 ‘O
1611 1375 1677 1414 ἀνὴρ
1687 1377 1731 1402 τοῦ
1745 1372 1809 1402 ἰδίου

1050 1423 1170 1462 σιῖιματος
1184 1425 1230 1452 οὐκ
1245 1424 1402 1459 ἐξουσιάζει,
1420 1424 1477 1452 ἀλλ’
1492 1425 1508 1458 ἡ
1523 1422 1596 1462 γυνή.
1617 1422 1650 1450 Εἰ
1663 1423 1708 1449 τοῦ
1723 1418 1812 1456 σώμα-

1050 1470 1092 1503 τός
1108 1481 1156 1507 μου
1169 1471 1214 1498 οὐκ
1227 1469 1279 1509 ἔχω
1300 1469 1413 1503 ἐξουσίαν
1423 1492 1430 1505 ,
1452 1468 1519 1497 ἀλλὰ
1534 1467 1564 1496 σὺ
1575 1490 1582 1503 ,
1605 1468 1694 1505 πολλῷ
1714 1465 1812 1504 μᾶλλον

1051 1518 1101 1544 τῶν
1116 1516 1274 1555 χρημάτιιιν.
1300 1514 1460 1548 Ἀνέπαυσας
1474 1513 1554 1548 αὐτὴν
1573 1515 1656 1542 ταῦτα
1669 1511 1814 1551 φθεγξάμε-

1051 1574 1105 1597 νος,
1121 1562 1229 1593 ἔσῧεσας
1246 1561 1292 1596 τὴν
1309 1560 1392 1599 πυρὰν
1403 1583 1410 1596 ‚
1431 1560 1597 1599 κατῄσχυνας
1611 1559 1654 1587 τὸν
1676 1557 1813 1591 διάδολον,

1053 1608 1145 1642 δούλην
1160 1607 1283 1642 ἐποίησας
1298 1607 1396 1644 μᾶλλον
1407 1610 1418 1622 ³
1434 1605 1631 1645 ἀργυρώνητον,
1645 1607 1698 1636 τοῖς
1714 1602 1815 1642 ῥήμασι

1052 1653 1151 1685 τούτοις
1170 1653 1314 1688 κατέδησας
1330 1652 1419 1687 αὐτήν.
1442 1651 1528 1680 “flore
1550 1646 1638 1690 ἀφίἷν
1655 1649 1686 1678 σὺ
1700 1649 1797 1688 φθέγγῃ
1809 1670 1816 1683 ,

1053 1699 1153 1732 δίδαξον
1169 1698 1249 1734 αὐτὴν
1266 1698 1394 1737 μηδέποτε
1405 1698 1491 1736 λέγειν
1502 1697 1564 1735 ἐμὸν
1577 1696 1621 1725 καὶ
1632 1695 1685 1724 σόν.
1701 1694 1754 1724 Καὶ
1766 1706 1816 1732 μη-

1054 1745 1144 1773 δέποτε
1156 1745 1245 1776 ἁπλῶς
1258 1744 1337 1779 αὐτὴν
1353 1744 1444 1779 κάλει,
1456 1742 1523 1771 ἀλλὰ
1535 1742 1602 1780 μετὰ
1614 1741 1761 1774 κολακείας,
1772 1752 1814 1778 με·

1025 1810 1030 1817 .
1053 1789 1086 1818 τὰ
1100 1793 1178 1827 τιμῆς
1188 1812 1195 1825 ,
1211 1789 1278 1827 μετὰ
1294 1790 1393 1824 πολλῆς
1407 1789 1520 1827 ἀγάπης.
1536 1788 1612 1826 Τίμα
1625 1786 1718 1822 αὐτὴν,
1731 1786 1775 1815 καὶ
1787 1786 1815 1814 οὗ

1054 1836 1175 1870 δεήσεται
1196 1838 1243 1870 τῆς
1266 1836 1328 1874 παρ’
1341 1835 1434 1874 ἑτέρων
1449 1837 1545 1873 τιμῆς,
1571 1835 1599 1862 οὐ
1624 1833 1744 1868 δεήσεται
1769 1834 1816 1867 τῆς

1053 1883 1115 1920 παρ’
1127 1881 1221 1920 ἑτέρων
1237 1880 1324 1916 δόξης,
1340 1880 1369 1908 ἂν
1386 1880 1505 1918 ἀπολαύῃ
1521 1881 1568 1914 τ’ῆς
1579 1878 1651 1917 παρὰ
1663 1881 1718 1907 σοῦ.
1743 1878 1816 1906 Πάν-

1052 1939 1103 1955 των
1117 1926 1195 1962 αὐτὴν
1209 1926 1325 1965 προτίθει
1335 1949 1342 1962 ,
1357 1926 1461 1954 πάντων
1474 1925 1573 1959 ἕνεκεν,
1594 1924 1638 1953 καὶ
1650 1924 1760 1956 κάλλους
1772 1923 1815 1952 καὶ

1054 1972 1193 2006 συνέσεως,
1209 1972 1252 2000 καὶ
1265 1971 1421 2010 ἐγκωμίαζε.
1433 1971 1525 2003 Οὕτως
1537 1970 1617 2006 αὐτὴν
1629 1970 1728 2002 πείσεις
1739 1970 1817 2007 μηδε-

1055 2017 1078 2045 νὶ
1092 2018 1232 2057 προσέχειν
1253 2020 1304 2046 τῶν
1318 2017 1424 2053 ἔξωθεν,
1448 2017 1515 2045 ἀλλὰ
1530 2016 1634 2045 πάντων
1654 2018 1706 2044 τῶν
1731 2015 1816 2044 ἄλλων

1055 2065 1210 2102 καταγελᾷν.
1225 2064 1338 2092 Δίδασκε
1351 2067 1396 2092 τοῦ
1413 2064 1482 2092 Θεοῦ
1497 2062 1540 2091 τὸν
1561 2063 1654 2102 φόὸον,
1674 2062 1718 2090 καὶ
1733 2061 1817 2090 πάντα

1055 2109 1144 2148 ὥσπερ
1160 2110 1211 2138 ἀπὸ
1222 2111 1308 2147 πηγῆς
1319 2108 1464 2147 ἐπιῤῥεύσει
1473 2131 1480 2144 ,
1495 2109 1539 2136 καὶ
1551 2108 1649 2147 μυρίων
1663 2108 1735 2137 ἔσται
1749 2111 1765 2142 ἡ
1778 2109 1802 2136 οἷ
1815 2124 1818 2127 Δ

1056 2156 1100 2185 κίοι
1112 2159 1163 2184 τῶν
1180 2158 1283 2194 ἀγαθῶν
1299 2155 1424 2193 γέμουσα.
1442 2154 1486 2183 Ἂν
1500 2154 1532 2182 τὰ
1544 2154 1663 2193 ἄφθαρτα
1680 2154 1798 2191 ζητῶμεν
1810 2175 1818 2188 ,

1031 2220 1034 2225 -
1057 2202 1102 2230 καὶ
1114 2205 1196 2230 ταῦτα
1212 2201 1378 2230 ἐπελεύσεται
1394 2200 1426 2228 τὰ
1440 2199 1554 2239 φθαρτά·
1570 2200 1678 2233 Ζητεῖτε
1691 2198 1756 2238 γὰρ,
1771 2211 1819 2238 φη-

1058 2247 1097 2284 σὶ,
1110 2249 1212 2287 πρῶτον
1224 2246 1271 2282 τὴν
1286 2246 1419 2285 βασιλείαν
1431 2249 1476 2273 τοῦ
1487 2246 1569 2278 Θεοῦ,
1582 2244 1627 2273 καὶ
1640 2247 1723 2273 ταῦτα
1734 2244 1819 2273 πάντα

1058 2292 1265 2331 προστεθήσεται
1273 2294 1342 2330 ὑμῖν.
1350 2291 1429 2323 Οἵους
1440 2286 1505 2319 εἶναι
1515 2290 1567 2329 χρὴ
1576 2290 1688 2328 νομίζειν
1696 2290 1754 2322 τοὺς
1762 2294 1821 2318 παῖ-

1059 2340 1104 2372 δας
1123 2341 1173 2367 τῶν
1196 2338 1316 2367 τοιούτων
1331 2337 1465 2375 πατέρων,
1490 2336 1556 2369 οἵους
1576 2336 1635 2369 τοὺς
1653 2335 1755 2368 οἰκέτας
1769 2337 1819 2364 τῶν

1059 2389 1181 2418 τοιούτων
1194 2390 1339 2423 δεσποτῶν;
1362 2387 1429 2419 οἵους
1447 2387 1503 2419 τοὺς
1521 2387 1614 2418 ἄλλους
1629 2386 1745 2418 ἅπαντας
1765 2385 1821 2417 τοὺς

1060 2440 1265 2476 πλησιάζοντας,
1280 2435 1330 2479 ἆρα
1345 2437 1403 2476 οὐχὶ
1421 2437 1519 2475 μυρίων
1538 2439 1588 2466 τῶν
1604 2437 1706 2475 ἀγαθῶν
1720 2435 1763 2465 καὶ
1779 2437 1822 2465 αὖ·
