1893 2860
111 1525 168 1546 lsai.
182 1529 202 1545 Ι,
214 1522 248 1545 16.

261 161 326 196 732
599 157 627 180 S.
657 156 797 179 JOANNJS
824 156 1004 178 eltnx'SOST.

258 222 402 260 proplieta’.
420 217 632 247 Misericordiam
654 224 743 245 autem
763 216 825 245 dico
847 227 899 244 11011
922 227 997 250 eam,
1017 220 1036 242 D

259 278 317 305 qua:
335 276 395 294 cum
418 264 534 293 habendi
550 263 697 302 cupiditate
717 263 858 302 conjuncta
872 269 910 291 est
928 274 934 289 t
950 272 998 290 ne-

258 323 308 350 que
332 311 402 339 enim
423 309 507 348 51111111ἱ
531 308 610 337 mdix
631 308 720 337 oleum
751 308 836 347 parit,
853 308 899 337 sed
920 308 999 337 olivae

258 357 456 385 1·n(lix.ltanec
471 354 602 389 amrium,
615 364 662 382 nec
677 354 825 393 injustitiae,
836 364 882 382 nec
898 354 998 393 rapinae

257 402 338 430 radix
361 399 575 429 misericordiam
603 400 684 439 parit.
714 400 776 428 Noli
803 400 998 439 eleemosynam

258 446 403 482 criminari,
415 456 447 474 ne
469 445 545 473 illam
562 445 684 473 omnium
699 444 848 473 maledictis
867 455 995 484 exponas.

257 493 285 521 Si
297 502 411 530 namque
420 491 479 520 ideo
491 490 572 530 rapis,
582 497 612 518 ut
621 490 815 530 eleemosynam
824 490 998 529 eroges,nihil

258 538 308 566 hae
322 538 489 576 eleemosyna
507 537 591 576 pejus.
604 536 673 564 Cum
690 536 761 564 enim
775 546 807 564 ex
826 536 919 575 rapina
930 537 999 564 oria-

257 591 311 619 tur,
337 594 388 612 non
407 590 447 612 est
469 589 539 611 certe
563 582 730 621 eleemosyna
755 594 761 609 :
780 582 932 611 immanitas
953 582 999 610 illa

258 637 339 658 estet
359 628 523 666 crudelitas,
547 638 578 657 ac
602 628 762 657 contumelia
786 629 843 657 Deo
862 628 946 656 illata.
970 629 999 657 Si

258 674 326 702 Cain
346 674 393 712 qui
412 683 472 711 quae
493 673 594 701 minora
616 682 663 700 sua
684 679 758 700 erant
779 671 886 708 obtulit,
904 672 941 700 ita
956 672 1000 700 of—

257 719 343 749 fendit
353 731 362 757 3
379 719 424 758 qui
444 719 529 747 aliena
546 719 635 756 offert,
647 717 783 756 quomodo
797 729 850 747 non
863 718 999 747 offendet?

258 765 368 794 Oblatio
382 765 450 794 nihil
464 764 540 793 aliud
559 771 598 793 est
613 774 693 802 quam
707 764 870 793 sacrificium
880 787 890 802 ,
905 775 1000 793 emun-

258 811 340 847 datio,
358 822 410 840 non
429 809 610 839 immunditia.
625 810 749 838 sordidis
773 821 852 849 porro
875 810 998 838 manibus

259 868 310 886 non
325 858 406 886 audes
419 857 532 896 precari,
549 855 642 884 sordes
652 863 742 884 autem
752 863 778 884 et
798 855 998 884 immunditiam

259 915 292 933 ex
313 905 405 943 rapina
428 904 552 939 offerens,
566 902 635 930 nihil
658 909 684 930 te
706 902 770 930 mali
792 903 878 930 facere
901 901 999 940 putas?

259 951 357 978 Manus
371 959 423 977 11011
441 948 507 977 sinis
524 947 650 976 sordibus
665 954 692 975 et
707 947 879 976 immunditia
892 947 997 982 soedari,

259 995 306 1024 sed
325 994 477 1024 emundatis
495 994 559 1029 illis,
575 993 612 1021 ita
631 993 731 1021 offers:
746 993 821 1031 atqui
845 993 885 1021 hae
909 993 1000 1021 sordes

259 1041 328 1070 nihil
348 1041 432 1080 culpae
446 1040 564 1077 habent;
582 1039 634 1067 illae
650 1049 714 1068 vero
735 1046 797 1068 sunt
809 1039 998 1068 criminatione
1020 1058 1036 1080 F

260 1087 360 1126 dignae.

301 1136 329 1163 4.
342 1135 382 1163 Ne
394 1134 485 1172 itaque
501 1133 529 1162 id
549 1133 733 1167 observemus,
749 1139 780 1161 ut
792 1132 900 1161 mundis
914 1133 1001 1161 mani-

260 1181 311 1209 bus
325 1181 469 1208 offeramus
484 1186 509 1208 et
518 1189 667 1218 precemur,
676 1179 722 1207 sed
736 1185 765 1207 ut
776 1189 835 1217 quae
851 1179 1002 1207 offeruntur

260 1225 361 1254 munda
384 1220 539 1254 sint.‘lllud
555 1225 626 1253 enim
646 1224 702 1253 risu
723 1224 838 1263 dignum
858 1231 897 1253 est
914 1237 920 1252 :
937 1226 1002 1253 acsi

260 1271 320 1310 quis
335 1271 410 1299 lance
421 1271 513 1299 abluta
528 1270 603 1298 illam
618 1269 766 1298 immundis
778 1269 857 1298 donis
867 1270 1001 1309 impleret,

261 1316 443 1345 nonneirrisio
451 1316 508 1345 haec
515 1316 600 1344 esset?
610 1316 670 1344 Sint
680 1314 786 1343 mundae
798 1326 893 1343 manus
906 1327 911 1342 ι
926 1322 1003 1344 erunt

260 1371 361 1401 autem,
379 1363 401 1392 si
414 1373 466 1391 non
480 1373 547 1401 aqua
563 1369 668 1391 tantum
683 1361 744 1390 illas
757 1362 909 1398 abluamus,
919 1362 965 1391 sed
978 1369 1003 1391 et

258 1410 363 1449 justitia
379 1410 454 1449 prius
469 1421 476 1437 ε
492 1409 549 1438 haec
569 1419 633 1437 vera
653 1419 783 1437 manuum
799 1408 939 1437 mundatio
954 1416 1001 1437 est.

261 1457 290 1486 Si
315 1464 404 1485 autem
423 1456 562 1494 iniquitate
575 1455 647 1494 pleni
671 1454 766 1491 simus,
783 1454 886 1483 etiamsi
905 1455 1002 1484 millies
1021 1467 1040 1489 Α

261 1503 322 1531 illas
333 1503 507 1538 affluerimus,
522 1501 591 1530 1111111
605 1500 667 1529 inde
685 1501 762 1529 lucri.
777 1501 944 1537 Lavamini,
957 1501 1001 1529 in*

262 1549 328 1588 quit,
344 1550 446 1577 mnndi
461 1554 559 1577 estote.
571 1547 648 1581 Quid
659 1557 722 1585 ergo
731 1547 745 1574 P
757 1557 822 1574 num
837 1546 952 1581 addidit,
965 1547 1004 1575 lte

261 1597 297 1626 ad
310 1598 404 1634 sontes,
418 1596 453 1624 ad
468 1595 576 1630 balnea,
589 1594 624 1622 ad
635 1601 738 1632 stagna,
750 1593 785 1622 ad
797 1595 916 1623 fluvios?
929 1594 1004 1623 Nihil

263 1643 361 1672 horum
375 1655 381 1677 ;
395 1641 442 1671 sed
449 1641 537 1679 quid?
552 1641 681 1680 Auferte
695 1640 827 1668 malitias
838 1646 953 1668 vestras
967 1641 1004 1668 ab

263 1690 419 1717 animabus
433 1689 561 1719 vestri5;
575 1686 627 1714 hoc
651 1692 702 1721 est,
723 1685 821 1714 Mundi
839 1692 932 1714 estote.
950 1685 1006 1714 Hoc

262 1735 297 1763 ab
308 1734 508 1772 inquinamento
520 1732 633 1768 liberat,
646 1731 702 1759 haec
716 1738 755 1759 est
779 1741 842 1760 vera
860 1731 1004 1759 munditia.

262 1781 312 1809 Illa
325 1780 398 1808 enim
410 1789 460 1807 non
467 1778 583 1807 multum
593 1777 708 1816 profuit5
718 1776 776 1805 haec
789 1776 866 1804 nobis
877 1776 1007 1804 fiduciam

263 1825 297 1854 ad
311 1826 398 1854 Deum
411 1830 518 1864 praestat
535 1836 540 1851 :
558 1823 634 1851 illam
643 1829 755 1861 possunt
766 1821 867 1850 habere
879 1821 1006 1859 adulteri,

262 1873 346 1909 fures,
360 1869 514 1905 homicidae,
527 1869 633 1905 molles,
648 1868 772 1897 dissoluti
781 1867 846 1905 viri,
856 1868 1006 1905 fornicarii,

267 1925 292 1946 et
306 1916 414 1953 amasii,
429 1923 453 1944 et
467 1915 496 1944 hi
510 1915 637 1943 maxime.
655 1914 701 1942 Isti
713 1913 784 1942 enim
807 1920 868 1941 sunt
885 1913 931 1951 qui
947 1924 1005 1942 cor-

265 1964 338 2003 poris
352 1961 515 1991 munditiam
528 1961 614 1999 magis
629 1966 732 1994 curant,
750 1959 893 1997 unguentis
904 1970 1008 1999 semper

266 2011 383 2045 olentes,
406 2009 585 2046 abstergentes
605 2007 778 2046 sepulchrum
805 2019 812 2034 :
835 2007 1007 2046 sepulchrum

266 2057 337 2086 enim
360 2056 426 2096 ipsis
441 2062 480 2084 est
501 2065 607 2094 corpus,
627 2064 687 2082 cum
711 2053 800 2081 anima
816 2053 888 2081 intus
902 2061 1006 2082 mortua

267 2104 311 2132 sit.
331 2105 425 2142 Itaque
441 2103 516 2131 illam
536 2101 645 2140 quidem
667 2101 827 2129 munditiam
850 2101 878 2129 hi
903 2112 1008 2139 quoquc

268 2151 388 2179 obtinere
403 2156 523 2189 possunt,
537 2149 607 2176 lianc
628 2158 692 2176 vero
710 2158 762 2176 non
776 2148 847 2176 item.
866 2148 943 2176 Nihil
951 2159 1008 2176 ma-

269 2208 351 2236 gnum
366 2204 413 2233 est,
425 2197 445 2225 si
461 2206 558 2235 corpus
572 2195 666 2223 abluas
683 2206 689 2222 τ
706 2194 819 2223 Judaica
830 2201 867 2222 est
880 2195 935 2223 haec
947 2206 1011 2234 pur-

269 2243 351 2281 gatio,
368 2242 454 2270 inanis
469 2248 493 2270 et
516 2241 630 2273 inutilis,
647 2240 670 2268 si
688 2240 791 2268 interna
804 2250 855 2268 non
872 2240 954 2269 adest.
969 2241 1011 2270 Sit

269 2289 402 2328 quispiam
423 2287 564 2327 putredine
585 2287 680 2326 plenus
696 2293 721 2314 et
735 2286 902 2323 vulneribus,
919 2287 1011 2316 abluat

270 2345 367 2373 corpus
382 2346 387 2362 :
404 2345 464 2372 quae
481 2333 605 2362 utilitas?
619 2333 679 2370 quis
693 2332 777 2361 finis?
787 2332 867 2368 Quod
879 2333 899 2361 si
916 2340 1012 2372 putre-

270 2380 328 2408 dini
345 2379 463 2418 corporis
484 2379 553 2408 nihil
573 2377 673 2407 mederi
690 2379 782 2417 possit,
808 2389 870 2407 cum
893 2380 1010 2409 exterius
1029 2386 1047 2408 C

303 2486 311 2495 ³
331 2478 407 2510 {Leg.
422 2480 614 2511 ἀπος,υὴχοντε,’.]

303 2518 314 2535 t,
331 2516 446 2547 [ἀνένητος
455 2516 570 2541 dedimus
581 2526 609 2541 cx
623 2517 745 2542 Commcl.
754 2524 779 2542 et
791 2518 867 2543 53111.
882 2518 1021 2553 chebniur

1035 156 1053 179 A
1059 157 1176 181 nonu-:1³
1183 173 1190 181 .
1218 159 1344 182 CONSTA
1351 161 1472 184 NTINOP
1479 175 1486 183 ·

1055 230 1094 257 γω
1108 219 1136 246 οὖ
1151 219 1194 247 τὸν
1212 221 1278 256 μετὰ
1294 222 1454 255 πλεονεξίας·
1468 224 1496 251 οὐ
1511 222 1563 261 γάρ
1583 224 1627 251 ἐστ
1630 235 1636 251 ι
1656 225 1732 252 τοῦτο
1743 234 1820 255 vso-7

1055 264 1123 293 Οὐδὲ
1131 266 1182 304 γὰρ
1192 266 1306 300 ἀκάνθης
1319 267 1376 307 ῥίζα
1386 268 1472 297 ἔλαιον
1480 269 1563 297 τίκτει
1573 269 1712 305 ποτὲ,ἀ).’λ
1722 269 1821 300 ἐλαίας

1054 310 1144 350 ὅσπερ
1163 314 1207 339 οὖν
1227 312 1284 341 οὐδὲ
1299 313 1446 346 πλεονεξίας
1471 315 1528 352 ρίζα
1547 315 1618 344 ἔλεον
1640 315 1740 351 τίκτει,
1762 314 1820 343 οὐδὲ

1055 357 1173 393 ἀδικίας,
1187 358 1246 386 οὐδὲ
1260 359 1390 397 ἁρπαγῆς.
1411 359 1458 394 Μὴ
1471 361 1599 400 &azau-5<
1613 373 1661 396 την
1676 360 1820 398 ἐλεημοσύ-

1053 415 1110 439 νην,
1127 404 1163 441 μὴ
1185 404 1254 433 ποίει
1269 404 1350 439 αὐτὴν
1364 409 1566 444 κατηγορεῖσθαι
1581 408 1631 436 ὑπὸ
1647 407 1762 436 πάντων.
1784 407 1819 435 Εἰ

1053 448 1104 488 γὰρ
1119 449 1162 478 διὰ
1175 452 1251 478 τοῦτο
1264 450 1406 489 ἇρπάζεις,
1419 450 1462 479 ἵνα
1473 452 1594 491 ἐλεήσῃς,
1606 453 1678 482 οὐδὲν
1687 455 1732 488 τ’ἥς
1745 454 1818 487 ἐλεη-

1055 495 1168 533 μοσύνης
1192 496 1291 530 ταύτης
1312 501 1409 536 χεῖρον.
1428 496 1512 526 ιὈτοιν
1527 497 1578 537 γὰρ
1593 498 1617 531 ἐξ
1642 499 1763 536 ἇρπαγῆς
1775 498 1818 526 τί-

1055 553 1164 577 κτηται,
1179 543 1226 570 οὐκ
1240 542 1295 570 ἔστι
1306 545 1383 570 τοῦτο
1397 543 1572 580 ἐλεημοσύνη·
1589 544 1701 578 dri-riveti
1714 544 1753 577 τίς
1763 545 1821 572 ἐστι

1056 588 1102 616 καὶ
1116 587 1236 625 ὠμότης,
1253 588 1327 626 ῧὸρις
1342 592 1417 617 τοῦτο
1429 590 1465 621 εἷς
1476 589 1519 617 τὸν
1531 589 1608 618 Θεόν.
1621 590 1656 618 Εἰ
1666 593 1680 618 ὁ
1692 589 1726 618 τὰ
1740 589 1819 619 ἔλατ-

1055 645 1117 662 τονα
1144 636 1195 662 τῶν
1216 635 1294 663 αὐτοῦ
1310 633 1491 674 προσενεγκὼν
1515 634 1584 664 οὕτω
1603 635 1793 675 προσέκρουσεν
1808 637 1822 664 ὃ

1056 680 1135 714 Κάϊν,
1155 683 1168 709 ὁ
1182 680 1215 709 τὰ
1229 681 1357 719 ἀλλότρια
1375 680 1529 720 προσφέρων
1550 683 1606 714 πῶς
1626 682 1655 709 οὗ
1678 681 1822 721 προσκρού-

1056 737 1109 761 σεις
1124 725 1267 765 Προσφορὰ
1279 726 1352 755 οὐδὲν
1368 726 1456 765 ἕτερόν
1469 728 1550 762 ἐστιν,
1563 728 1620 756 ἀλλ’
1637 727 1654 762 ἢ
1670 727 1746 757 θυσία
1756 750 1763 764 ,
1775 727 1822 756 κοί·

1056 774 1146 810 θαρσις
1156 793 1163 806 ,
1177 773 1225 800 οὐκ
1237 772 1395 810 ἀκαθαρσία.
1411 772 1464 801 Καὶ
1477 775 1605 812 ῥυπαραῖς
1624 772 1670 810 μὲν
1690 773 1782 812 χερσὶν
1793 774 1822 801 οὔ

1056 817 1156 881 τολμΞς
1170 817 1307 852 εὔξασθαι,
1325 818 1405 857 ῥύπον
1420 819 1447 846 δὲ
1468 818 1514 847 καὶ
1529 818 1692 857 ἀκαθαρσίαν
1705 818 1822 857 προσφέ-

1057 875 1108 902 ρων
1120 863 1145 896 ἐξ
1160 864 1282 920 ἁρπαγης
1300 865 1357 893 οὐδὲ
1360 878 1372 893 ν
1387 867 1440 903 ἡγῇ
1451 869 1534 893 ποιεῖν
1547 865 1643 900 δεινόν;
1655 864 1713 897 Τὰς
1731 869 1822 904 χεῖρας

1055 910 1102 938 οὐκ
1117 910 1201 948 ἀφιεὶς
1222 910 1303 948 ῥύπου
1319 922 1363 938 και
1384 910 1546 948 ἀκαθαρσίας
1562 912 1742 949 πληροῦσθαι,
1753 911 1821 939 ἀλλα

1055 955 1172 994 καθαρὰς
1184 959 1251 984 εἶναι
1265 956 1391 990 ποιήσας,
1406 955 1476 984 oiim»
1489 955 1664 994 προσφέρεις·
1679 955 1765 984 καίτοι
1779 959 1820 984 ου-

1054 1012 1096 1034 τος
1111 1004 1124 1030 ὁ
1140 1001 1218 1040 ῥύπος
1231 1003 1276 1030 οὐδ
1277 1001 1303 1030 ὲν
1317 1002 1438 1041 ἔγκλημα
1458 1002 1544 1041 φέρει,
1558 1003 1654 1034 ἐκεῖνος
1667 1000 1694 1030 δὲ
1708 1013 1820 1040 κατηγο-

1057 1047 1112 1086 ρίας
1126 1046 1196 1080 ἄξιος
1210 1048 1255 1076 καὶ
1266 1047 1399 1082 διαέολῆς.

1096 1140 1142 1175 Μὴ
1153 1140 1238 1168 τοίνυν
1249 1144 1325 1169 τοῦτο
1345 1141 1495 1178 σκοπῶμεν,
1509 1139 1580 1171 ὅπως
1595 1142 1723 1178 καθαραῖς
1739 1150 1823 1179 προσ-

1056 1185 1175 1225 φέρωμεν
1184 1185 1229 1214 καὶ
1241 1186 1380 1224 εὐχώμεθα
1393 1186 1492 1224 χερσὶν,
1505 1186 1562 1213 ἀλλ’
1571 1185 1642 1217 ὅπως
1649 1185 1694 1214 καὶ
1704 1184 1736 1213 τὰ
1744 1195 1823 1223 προσ-

1058 1232 1187 1271 φερόμενα
1199 1228 1215 1271 ᾗ
1227 1232 1339 1271 καθαραί.
1361 1232 1438 1261 Ἐπεὶ
1449 1235 1525 1260 τοῦτο
1538 1231 1619 1270 γέλως
1634 1231 1703 1260 ἐστίν
1712 1243 1719 1248 ·
1733 1229 1824 1269 ὥσπερ

1059 1278 1089 1305 ἂν
1104 1278 1178 1310 εἴτις
1198 1279 1241 1307 τὸν
1256 1278 1356 1306 πίνακα
1377 1277 1537 1315 περιπλύνας
1561 1276 1650 1316 δώρων
1669 1276 1824 1316 ἀκαθάρτων

1057 1326 1147 1352 τοῦτον
1163 1324 1332 1361 ἐμπλήσειεν,
1348 1324 1406 1362 οὐχὶ
1421 1323 1550 1362 χλευασία
1563 1323 1640 1352 τοῦτό
1653 1323 1709 1351 ἐστι
1723 1323 1769 1351 καὶ
1782 1322 1825 1360 γε’-

1058 1372 1125 1405 λως;
1141 1369 1282 1399 Ἔστωσαν
1298 1373 1325 1399 αἱ
1340 1374 1427 1409 χεῖρες
1438 1370 1562 1408 καθαραί·
1575 1370 1677 1398 ἔσονται
1687 1368 1713 1398 δὲ
1724 1391 1732 1404 ,
1743 1368 1774 1396 ἂν
1787 1367 1824 1406 μὴ

1025 1440 1048 1458 ¹:⁴7
1058 1416 1134 1444 ὕδατι
1146 1416 1228 1449 αὐτὰς
1240 1416 1426 1454 ἀπονίπτωμεν
1439 1416 1526 1453 μόνον,
1537 1415 1605 1444 ἀλλὰ
1619 1415 1663 1444 καὶ
1673 1415 1824 1452 δικαιοσύνῃ

1058 1461 1199 1500 πρότερον·
1214 1464 1290 1490 τοῦτο
1313 1463 1410 1500 χειρῶν
1430 1462 1580 1500 καθάρσιον.
1593 1460 1638 1490 Ἂν
1655 1461 1682 1490 δὲ
1701 1460 1825 1499 γέμωμεν

1059 1507 1161 1540 ἀδικίας
1170 1531 1177 1543 ,
1191 1507 1240 1535 κᾶν
1255 1507 1378 1546 μυριάκις
1390 1508 1470 1540 αὐτὰς
1483 1507 1645 1546 περιπλύνῃς
1657 1529 1664 1540 ,
1680 1506 1771 1546 κέρδος
1785 1507 1827 1535 οὗ·

1059 1554 1109 1583 δέν.
1121 1553 1272 1590 Αούσασθε,
1286 1553 1348 1592 φησὶ
1358 1576 1365 1588 ,
1382 1554 1492 1592 καθαροὶ
1511 1553 1624 1591 γένεσθε.
1645 1553 1684 1582 Τί
1696 1548 1759 1588 οῧν;
1775 1548 1826 1591 ἆρα

1059 1600 1181 1640 προσθεὶς
1195 1596 1268 1636 εἷπε,
1284 1600 1423 1639 πορεύεσθε
1438 1601 1481 1628 ἐπὶ
1502 1599 1548 1632 τὰς
1570 1599 1657 1638 πηγὰς
1667 1621 1675 1634 ,
1687 1598 1828 1639 πορεύεσθε

1061 1647 1105 1675 ἐπὶ
1117 1646 1151 1675 τὰ
1165 1648 1290 1684 βαλανεῖα
1304 1646 1349 1675 καὶ
1363 1646 1409 1678 τὰς
1429 1646 1522 1683 λίμνας
1538 1646 1583 1674 καὶ
1604 1645 1663 1679 τοὺς
1680 1644 1830 1683 ποταμούς,

1062 1693 1146 1722 Οὐδὲν
1160 1692 1258 1721 τούτων
1267 1704 1273 1709 ·
1287 1692 1355 1721 ἀλλὰ
1366 1692 1392 1720 τί
1397 1704 1405 1727 3
1421 1692 1541 1731 Ἀφέλετε
1552 1691 1599 1724 τὰς
1613 1691 1741 1730 πονηρίας
1753 1692 1829 1728 ὑμῶν

1063 1739 1115 1767 ἀπὸ
1137 1741 1189 1767 τῶν
1206 1740 1297 1777 ψυχῶν
1313 1740 1401 1776 ὑμῶν·
1424 1737 1558 1773 τουτέστι,
1584 1738 1694 1777 καθαροὶ
1713 1736 1829 1775 γένεσθε.

1065 1785 1152 1814 Τοῦτο
1171 1785 1342 1824 ἀπηλλάχθαι
1352 1788 1421 1813 ποιεῖ
1433 1785 1583 1821 μολυσμοῦ,
1598 1783 1665 1817 αὕτη
1679 1782 1750 1812 ἐστὶν
1761 1785 1778 1817 ἦ
1787 1782 1831 1810 ὄν-

1063 1842 1115 1862 τως
1140 1830 1296 1869 καθαρότης.
1311 1829 1418 1864 Ἐκείνη
1440 1829 1487 1867 μὲν
1503 1828 1554 1868 γὰρ
1571 1828 1642 1857 οὐδὲν
1667 1827 1735 1866 μέγα
1757 1826 1829 1861 ὤνη-

1063 1888 1118 1912 σεν,
1132 1875 1198 1911 αὕτη
1219 1875 1246 1904 δὲ
1258 1875 1408 1915 παρρησίαν
1422 1878 1486 1912 ἡμῖν
1499 1874 1637 1914 χαρίζεται
1646 1874 1694 1909 τὴν
1708 1872 1773 1913 πρὸς
1786 1873 1830 1901 τὸν

1063 1921 1147 1951 Θεόν·
1164 1921 1288 1956 κάκείνην
1310 1921 1356 1949 καὶ
1382 1920 1488 1960 μοιχοὺς
1506 1920 1553 1948 καὶ
1578 1920 1692 1951 κλέπτας
1719 1919 1764 1948 καὶ
1783 1921 1830 1948 ἀν-

1065 1967 1203 2006 δροφόνους
1218 1967 1286 2006 ἔχειν
1299 1967 1417 2001 δυνατὸν,
1430 1966 1474 1994 καὶ
1487 1967 1586 2004 βλᾶκας
1599 1966 1644 1994 καὶ
1658 1965 1778 1998 ἐκλύτους
1788 1965 1832 1993 ἄν·

1065 2014 1128 2052 δρας
1142 2013 1187 2042 καὶ
1201 2013 1312 2051 πόρνους
1323 2012 1368 2040 καὶ
1379 2011 1570 2051 ἡταιρηκότας,
1586 2011 1632 2040 καὶ
1645 2011 1760 2049 μάλιστα
1773 2010 1832 2039 τού-

1062 2071 1131 2092 τους.
1144 2061 1226 2088 Οὗτοι
1239 2058 1290 2098 γάρ
1305 2059 1369 2087 εἰσιν
1379 2059 1402 2086 οἱ
1413 2060 1459 2092 τῆς
1468 2059 1512 2085 τοῦ
1525 2056 1646 2094 σώματος
1656 2056 1833 2096 καθαρότητος
1870 2063 1875 2072 ’

1065 2105 1252 2143 ἐπιμελόμενοι
1265 2103 1382 2142 μάλιστα
1396 2103 1511 2139 πάντων,
1528 2102 1617 2141 μύρων
1639 2102 1740 2136 ὄζοντες
1763 2114 1835 2131 συνε-

1064 2153 1120 2189 χῶς
1129 2173 1135 2186 ,
1143 2154 1154 2165 ‘³
1165 2149 1364 2188 ἀποσμύχοντες
1376 2149 1406 2177 τὸ
1419 2151 1493 2185 σῆμα
1503 2160 1509 2165 ·
1520 2149 1595 2185 σῆμα
1608 2148 1660 2188 γάρ
1671 2149 1741 2177 ἐστιν
1749 2149 1836 2179 αὐτοῖς

1067 2197 1097 2225 τὸ
1111 2198 1188 2234 σῶμα
1199 2217 1206 2230 ,
1220 2197 1267 2229 τῆς
1281 2197 1370 2235 ψυχῆς
1383 2194 1453 2223 ἔνδον
1467 2194 1546 2229 οὔσης
1561 2199 1665 2232 νεκρᾶς.
1678 2194 1761 2222 Ὥστε
1775 2193 1836 2222 ταύ-

1067 2255 1115 2278 της
1131 2242 1178 2280 μὲν
1190 2245 1237 2277 τῆς
1252 2241 1430 2279 καθαρότητος
1444 2240 1575 2273 κάκείνοις
1587 2240 1704 2278 μετιέναι
1719 2240 1837 2274 δυνατὸν,

1068 2290 1115 2323 ’.ἧς
1129 2287 1156 2316 δὲ
1173 2288 1243 2316 ἔνδον
1256 2286 1354 2316 οὐκέτι.
1370 2286 1453 2316 Οὐδὲν
1472 2286 1557 2323 μέγα,
1569 2285 1613 2315 ἐὰν
1632 2286 1663 2315 τὸ
1676 2288 1756 2324 σῶμα
1771 2287 1836 2314 ἀπο-

1069 2334 1184 2373 πλύνῃς·
1206 2333 1349 2365 'leniat-‚465
1365 2334 1433 2361 ἔστιν
1446 2327 1518 2364 οἶτος
1531 2335 1545 2361 ὃ
1559 2331 1709 2370 καθαρμὸς,
1726 2330 1837 2366 Ι’ἀνόνη-

1068 2393 1110 2413 τος
1124 2381 1169 2408 καὶ
1191 2378 1340 2418 ἀνωφελὴς,
1357 2380 1402 2407 τοῦ
1427 2378 1498 2407 ἔνδον
1514 2379 1560 2406 οὐκ
1583 2378 1662 2411 ὄντος.
1683 2376 1775 2406 Ἔστω
1796 2388 1836 2410 τις

1070 2486 1122 2510 οἶνόν,
1130 2480 1184 2514 τος]
