1893 2860
398 143 429 165 {N
457 143 565 165 liplsT.
595 143 618 165 1.
649 143 692 165 AD
719 143 846 166 TlMO'rn

83 203 212 243 φυλάξῃς,
229 202 272 231 ἵνα
295 202 401 240 μείζονα
416 203 515 243 ἐργάσῃ
538 203 585 239 τὴν
602 204 728 242 βάσανον.
744 205 785 232 Οὐ
799 204 850 242 γὰρ

81 250 118 278 ἔνι
132 249 175 278 τὸν
200 248 358 288 φιλάργυρον
376 248 420 277 καὶ
436 250 629 278 ἀπολαυστικὸν
649 245 714 279 εἶναι
727 262 733 267 ·
750 249 850 278 δέδοικε

78 294 130 332 γὰρ
145 293 182 331 μὴ
196 295 331 332 ἐλαττωῡῇ
346 294 376 323 τὸ
397 295 515 334 χρυσίον,

78 340 102 367 οἱ
123 338 257 378 θησαυροί.
273 339 426 379 Ἀγρύπνει,
443 341 522 379 φησὶ,
539 341 638 373 πάντας
659 341 703 379 ἔχε
727 340 761 368 δι’
781 341 849 368 ὑπο·

77 385 156 423 ψίας,
178 385 223 414 καὶ
237 385 340 418 οἰκέτας
360 386 404 414 καὶ
419 387 522 425 φίλους·
547 387 591 415 ἔσο
606 387 686 426 φύλαξ
703 387 755 414 τῶν
771 387 849 414 ἀλλο-

534 295 571 333 μὴ
587 295 706 334 πενιχροὶ
721 294 849 334 γένωνται

78 431 167 470 τρίων.
181 431 226 459 Ἂν
243 432 300 470 ἴδῃς
317 431 418 467 πένητα
432 434 503 472 λιμῷ
519 433 696 471 φθειρόμενον,
713 433 749 469 μὴ
764 443 847 468 μετα-

78 478 143 516 δῷς,
159 477 229 514 ἀλλ’,
247 479 269 506 εἷ
286 478 403 514 δυνατὸν,
415 479 501 507 καὶτὸ
521 478 604 517 δέρμα
617 477 693 506 αὐτὸν
710 477 848 505 ἀπόδυσον.

78 523 229 562 Ἐπιόρκει,
250 524 354 562 ψεύδου,
377 525 470 561 ὄμνυε,
492 523 653 562 κατηγόρει,
677 521 847 560 συκοφάντει,

78 569 126 599 κᾶν
143 571 177 602 εἷς
198 574 248 610 πῦρ
263 570 377 608 ἐμῧῆναι
398 571 463 608 δέῃ,
482 569 518 608 μὴ
534 568 688 609 παραιτήσῃ
700 590 708 604 ‚
728 568 777 596 κᾶν
799 579 848 605 μυ-

80 616 149 656 ρίους
163 618 327 651 ῃῦποστῆναι
343 616 484 651 Θανάτους,
501 616 550 644 κᾶν
568 617 639 654 λιμῷ
661 615 847 653 διαφθαρῆναι,

78 662 127 690 κᾶν
147 663 345 700 προσ-παλαῖσαι
359 662 437 701 νόσῳ.
455 660 493 690 Ἢ
507 661 567 700 οὐχὶ
581 664 665 689 ταῦτα
679 662 813 697 νομοθετεῖ
830 662 846 694 ἡ

79 707 255 747 φιλαργυρία;
271 707 377 745 ’ἰταμὸς
399 708 443 737 ἔσο
465 707 510 735 καὶ
531 706 721 745 ἀναίσχυντος,
740 704 847 739 ἀναιδὴς

79 754 123 782 καὶ
133 753 240 792 θρασὺς,
252 753 345 792 μιαρὸς
357 753 403 781 καὶ
416 753 558 792 μοχθηρὸς,
569 751 709 790 ἀγνώμων,
722 750 847 785 ἀναίσθη-

77 811 129 835 τος,
144 799 251 838 ἄφιλος,
266 799 407 834 ἄσπονδος,
423 799 558 837 ἄστοργος,
573 796 746 836 πατραλοίας,
759 796 847 835 θηρίον

78 844 202 883 μᾶλλονῆ
215 845 358 886 ἄνθρωπος.
366 844 524 883 Παρέλασον
536 844 622 872 πάντα
633 844 690 882 ὄφιν
701 844 733 881 τῇ
745 842 847 881 πικρία,

77 890 165 920 πάντα
183 890 260 919 λύκον
277 893 310 929 τῇ
326 891 452 930 ἁρπαγῇ,
472 889 604 929 ὓπέρὸηΟι
621 888 665 917 καὶ
681 891 727 923 τῆς
746 888 848 927 φύσεως

77 935 178 972 ἐκείνης
189 935 236 972 τὴν
246 936 386 975 Θηριωδίαν
397 948 402 954 ·
416 936 464 964 κᾶν
477 937 513 967 εἷς
524 934 645 973 δαίμονος
657 936 740 963 ἐλθεῖν
751 932 846 962 κακίαν

78 982 123 1021 δέῃ
133 1005 140 1018 ,
155 983 191 1020 μὴ
206 982 359 1022 παραιτήσῃ
372 993 378 999 ·
396 981 523 1021 ἀγνόησον
538 981 581 1010 τὸν
598 980 746 1019 εὐεργέτην.
775 979 846 1018 Οὐχὶ

78 1031 160 1057 ταῦτα
178 1029 262 1068 λέγει,
284 1029 329 1057 καὶ
352 1029 490 1064 ἀκούεται;
506 1027 540 1056 ‘O
558 1027 584 1056 δὲ
597 1027 665 1059 Θεὸς
680 1026 713 1055 τὰ
728 1026 846 1055 ἐναντία·

78 1074 123 1103 ἔσο
135 1079 201 1103 πᾶσι
217 1075 302 1114 φίλος,
317 1074 362 1103 ἔσο
377 1074 510 1109 ἐπιεικὴς,
523 1073 596 1113 παρὰ
614 1072 719 1101 πάντων
735 1070 847 1111 ἀγαπώ-

79 1132 164 1158 μενος,
174 1121 267 1159 μηδενὶ
276 1121 421 1159 πρόσκρουε
433 1122 491 1159 εἰκῇ
503 1119 546 1148 καὶ
559 1119 656 1156 μάτην,
666 1119 731 1156 τίμα
742 1118 786 1146 τὸν
797 1130 848 1146 πα-

77 1167 150 1205 τέρα,
158 1166 223 1205 τίμα
232 1167 280 1201 τὴν
291 1166 402 1205 μητέρα,
411 1166 484 1201 δόξης
495 1165 610 1194 ἀπόλαυε
618 1167 746 1204 χρηστῆς,
755 1164 798 1193 ἔσο
808 1163 845 1202 μὴ

77 1212 222 1251 ἄνθρωπος,
242 1212 310 1241 ἀλλὰ
326 1212 451 1251 ἅγγελος·
467 1211 550 1250 μηδὲν
569 1211 739 1250 ἀναίσΑυντον
761 1209 845 1248 εἴπῃς,

78 1258 160 1297 μηδὲν
171 1258 272 1298 ψευδὲς,
284 1258 351 1287 ἀλλὰ
363 1258 430 1296 μηδὲ
442 1258 574 1296 ἐννοήσῃς·
586 1257 718 1296 ἐπικούρει
728 1260 781 1289 τοῖς
793 1257 846 1285 δεο-

77 1305 172 1343 μένοις,
186 1304 223 1342 μὴ
236 1304 383 1342 ἀναγκάζοι,
401 1303 548 1342 πράγματα
562 1303 632 1341 ἔχειν
650 1302 785 1341 ἁρπάζων.
808 1300 844 1338 μὴ

75 1350 119 1379 ἔσο
130 1350 256 1390 {effipia-:kg
270 1349 336 1388 μηδὲ
352 1350 462 1388 θρασύς·
479 1349 523 1377 καὶ
536 1349 617 1381 οὐδεὶς
629 1351 642 1377 ὃ
656 1348 764 1377 ἀκούων.
780 1343 846 1386 Ἆρα

75 1398 104 1425 οὗ
119 1396 226 1429 δικαίως
237 1398 253 1431 ἡ
264 1395 372 1434 γέεννα,
385 1397 432 1424 οῦκ
445 1394 552 1427 εἰκότως
566 1395 595 1423 τὸ
606 1397 674 1432 πῖῐρ;
689 1396 702 1422 ὁ
714 1393 818 1429 σκώληξ
832 1395 846 1422 ὑ

75 1442 258 1477 ἀτελεύτητοςς
286 1441 376 1480 Μέχρι
398 1441 466 1474 τίνος
485 1440 554 1469 κατὰ
576 1442 701 1478 κρημνῶν
727 1440 844 1477 ὠθοῧμεν

75 1488 196 1524 ἑαυτούς;
221 1487 300 1527 μέχρι
323 1487 391 1519 τίνος
410 1486 454 1516 ἐπὶ
478 1488 529 1516 τῶν
554 1487 673 1515 ἀκανθῶν
690 1485 843 1524 βαδίζομεν;

75 1535 156 1575 μέχρι
179 1534 248 1568 τίνος
267 1534 340 1569 ἥλοις
365 1533 532 1572 διαπείρομεν
557 1532 677 1568 ἑαυτοὺς,
700 1531 744 1560 καὶ
766 1532 844 1571 χάριν

75 1583 187 1621 ἔχομεν;
207 1580 300 1619 Ὠμοῑς
315 1579 450 1620 τυράννοις
466 1579 643 1616 ὑποκείμεΟα,
668 1578 711 1607 τὸν
725 1579 845 1617 προσηνῆ

75 1627 213 1663 Δεσπότην
225 1625 440 1667 παραιτούμεθα,
452 1625 496 1654 τὸν
509 1624 581 1654 οὐδὲν
597 1623 711 1663 ἐπαχθὲς
725 1623 844 1662 λέγοντα,

74 1673 132 1703 οὐδὲ
153 1673 295 1713 βαρὸαρον,
312 1672 369 1701 οὐδὲ
392 1671 524 1711 φορτικὸν,
545 1670 604 1699 οὐδὲ
624 1670 760 1706 ἀνόνητον,
775 1669 844 1698 ἀλλὰ

73 1720 161 1749 πάντα
175 1720 296 1760 χρήσιμα
310 1718 355 1747 καὶ
370 1718 495 1758 ἐπικερδῆ
510 1717 555 1746 καὶ
570 1716 699 1756 ὠφέλειαν
711 1719 776 1754 ἡμῖν
793 1728 843 1754 με·

72 1766 157 1805 γάλην
168 1765 329 1806 παρέχοντα,
352 1763 542 1801 Διαναστῶμέν
557 1775 634 1799 ποτε,
656 1763 843 1802 συστρέψωμεν

73 1811 180 1845 ἑαυτοὺς
193 1834 200 1847 ,
215 1810 452 1851 συγκροτήσωμεν,
470 1809 651 1848 ἀγαπήσωμεν
661 1832 668 1845 ,
680 1810 716 1841 ὡς
731 1809 785 1844 δεῖ,
800 1808 844 1836 τὸν

73 1857 158 1892 Θεὸν,
171 1857 214 1885 ἵνα
231 1856 436 1894 καταξιωθῶμεν
453 1858 505 1884 τῶν
520 1855 724 1894 ἐπηγγελμένων
739 1856 844 1892 ἀγαθῶν

72 1908 126 1936 τοῖς
147 1905 286 1942 ἀγαπῶσιν
310 1903 402 1937 αὐτὸν,
423 1902 514 1941 χάριτι
533 1901 578 1929 καὶ
600 1900 785 1940 φιλανθρωπία
798 1901 843 1928 τοῦ

73 1949 172 1988 Κυρίου
186 1951 262 1986 ἡμῶν
282 1949 370 1981 Ἰησοῦ
381 1948 506 1985 Χριστοῦ,
523 1948 579 1984 μεθ’
592 1943 621 1975 οἷ
635 1948 673 1984 τῷ
685 1946 773 1985 Πατρὶ
789 1946 844 1983 ἅμα

74 1997 112 2034 τῷ
126 1994 193 2033 ἁγίῳ
208 1993 346 2031 Πνεύματι
362 1992 438 2026 δόξα,
452 1992 547 2031 κράτος
558 2015 565 2027 ,
582 1991 660 2030 τιμὴ,
674 1994 718 2020 νῦν
733 1992 778 2020 καὶ
794 1992 844 2027 ἀεὶ,

74 2041 120 2069 καὶ
138 2042 174 2073 εἷς
188 2040 248 2073 τοὺς
261 2041 358 2071 αἰῶνας
371 2041 423 2067 τῶν
436 2037 550 2067 αἰώνων.
577 2037 671 2075 Ἀμήν.

106 2292 115 2303 ³
132 2287 176 2309 κᾶν
185 2287 287 2317 μυρίους.
302 2283 357 2307 lluc
369 2281 461 2307 desinit
472 2279 559 2307 Codex
569 2279 609 2305 ille
622 2278 753 2305 secundus.

854 156 861 164 ·
890 142 968 165 CAP.
998 143 1045 166 Vl.

1075 143 1192 166 nomi„
1221 143 1318 166 xviii.
1580 146 1644 180 707

904 203 1099 240 circumcurre,
1122 204 1203 232 etiam
1228 211 1344 241 naturae,
1365 203 1444 232 etiam
1465 203 1515 232 Dei
1529 216 1534 232 :
1548 215 1645 233 aurum

904 249 1015 287 collige,
1032 260 1084 278 non
1099 256 1129 278 ut
1148 250 1195 278 illo
1211 249 1327 285 fruaris,
1342 249 1387 278 scd
1403 256 1432 278 ut
1453 249 1599 287 custodias,
1615 257 1646 279 ut

904 295 1004 333 majore
1023 294 1142 323 cruciatu
1159 295 1317 332 torquearis.
1331 295 1391 323 Non
1404 294 1474 323 cnim
1490 294 1547 323 fieri
1559 302 1646 334 potest

905 349 932 369 ut
947 342 1065 380 pccuniae
1078 341 1140 380 quis
1152 352 1254 379 amans,
1271 342 1319 370 illa
1337 342 1443 370 fruatur
1458 353 1463 369 :
1477 341 1554 370 timet
1570 352 1646 370 nam-

904 398 955 425 que
970 398 1002 416 uc
1018 399 1114 416 aurum
1135 388 1292 423 minuatur,
1314 398 1345 415 ne
1367 387 1486 416 thesauri
1509 387 1644 417 deficiant.

906 433 1011 470 Vigila,
1024 433 1120 471 inquit,
1133 444 1224 462 omncs
1241 440 1377 472 suspectos
1391 433 1473 469 habe,
1486 433 1646 463 domesticos

904 485 929 506 ct
943 479 1042 507 amicos
1055 490 1061 506 ε
1075 485 1130 507 esto
1143 479 1291 507 alienorum
1301 487 1399 508 custos.
1415 480 1446 509 Si
1465 479 1564 508 videris
1580 491 1646 519 pan-

904 534 993 563 pcrcm
1008 525 1077 552 fame
1089 532 1253 563 pereuntem,
1265 525 1333 552 nihil
1349 535 1442 563 eroga;
1457 525 1510 554 imo
1523 526 1544 554 si
1560 533 1645 565 potes,

904 569 990 608 ipsam
1004 570 1044 598 illi
1057 570 1167 598 detrahe
1181 577 1278 598 cutem.
1297 571 1424 609 Perjurus
1438 578 1503 607 csto,
1515 572 1626 600 mentire
1637 594 1646 607 ,

900 617 976 656 jura,
991 628 1100 654 accusa,
1115 617 1280 646 calumniare
1291 629 1300 654 ;
1313 618 1416 645 etiamsi
1431 618 1456 646 in
1473 619 1561 655 ignem
1577 630 1646 648 cun-

858 664 968 708 65⁷dum
992 665 1043 701 sit,
1058 675 1092 693 ne
1105 675 1220 701 recuses,
1237 664 1341 693 etiamsi
1356 665 1430 693 mille
1443 666 1534 694 subire
1548 674 1645 695 mortes

866 721 886 743 Λ
902 718 1035 750 oporteat,
1047 712 1069 740 si
1082 711 1152 739 same
1170 711 1294 746 interire,
1311 710 1333 738 si
1346 720 1406 738 cum
1422 711 1516 739 morbo
1532 719 1643 741 certare.

903 758 998 785 Annon
1020 757 1068 786 has
1089 757 1160 796 leges
1180 756 1257 796 ponit
1277 756 1415 785 avaritia?
1430 756 1495 785 Esto
1511 758 1643 796 petulans,

903 801 1062 841 impudens,
1084 801 1282 832 inverecundus
1306 808 1331 830 et
1353 801 1463 839 audax,
1485 803 1645 839 sceleratus,

903 845 1060 885 improbus,
1080 847 1216 885 inguinis⁷
1234 845 1399 874 insensibilis
1411 868 1418 881 ‚
1439 845 1496 874 siue
1511 847 1643 882 amicitia,

903 893 1145 928 irreconciliabilis,
1163 893 1220 921 sine
1233 892 1340 929 affectu,
1353 891 1500 931 parricida,
1516 893 1571 921 sera
1586 903 1645 921 ma-

903 938 943 977 gis
954 949 1036 976 quam
1054 939 1144 967 homo.
1159 938 1314 977 Serpentem
1328 948 1434 966 omnem
1446 938 1591 966 acerbitate
1599 949 1645 966 su-

902 995 976 1023 pera,
989 985 1085 1023 lupum
1099 994 1205 1012 omnem
1217 983 1372 1023 rapacitate,
1382 990 1482 1012 naturae
1497 983 1572 1012 illius
1583 983 1646 1012 seri-

902 1037 982 1058 tatem
999 1041 1112 1070 supera:
1125 1031 1146 1059 si
1161 1030 1196 1058 ad
1215 1029 1345 1058 daemonis
1370 1029 1564 1068 malignitatem
1586 1041 1646 1070 per-

903 1076 993 1105 venirc
1007 1083 1145 1115 oporteat,
1162 1087 1194 1104 ne
1208 1075 1325 1113 refugias
1339 1088 1345 1103 :
1358 1075 1452 1113 ignora
1470 1075 1642 1105 beneficium.

902 1122 997 1151 Nonne
1010 1122 1067 1151 haec
1081 1122 1162 1159 dicit,
1175 1129 1200 1150 et
1211 1121 1343 1150 auditur?
1355 1121 1428 1149 Deus
1440 1131 1503 1151 vero
1512 1121 1645 1150 contraria

903 1168 1052 1208 praecipit:
1069 1168 1135 1197 Esto
1155 1167 1280 1196 omnibus
1301 1166 1417 1203 amicus,
1442 1174 1497 1196 esto
1521 1177 1645 1196 mansue-

902 1220 956 1251 tus,
972 1215 1007 1243 ab
1023 1215 1148 1243 omnibus
1159 1214 1284 1249 dilectus,
1298 1212 1430 1241 neminem
1444 1220 1542 1241 temere
1557 1213 1644 1242 ossen-

900 1259 966 1297 das,
979 1260 1079 1289 honora
1101 1267 1220 1300 patrem,
1239 1258 1342 1288 honora
1369 1265 1498 1295 matrem,
1519 1258 1645 1297 opinione

900 1306 970 1335 bona
991 1307 1096 1344 fruere,
1113 1313 1168 1335 csto
1190 1316 1242 1334 non
1260 1305 1357 1339 nomn,
1370 1304 1417 1333 sed
1437 1304 1560 1343 angelus,
1574 1304 1644 1332 nihil

901 1350 1113 1379 inverecundum
1125 1350 1238 1385 dixeris,
1252 1349 1321 1379 nibil
1335 1348 1449 1385 falsum3
1462 1348 1508 1376 scd
1523 1358 1555 1376 ne
1569 1348 1644 1387 cogi-

902 1394 1000 1423 taveris
1015 1394 1122 1432 quidem
1137 1407 1143 1422 z
1158 1405 1234 1434 opem
1245 1396 1282 1424 fer
1290 1394 1438 1435 egentibus,
1451 1403 1483 1420 ne
1497 1392 1523 1421 in
1539 1391 1644 1430 negotia

902 1444 927 1466 te
939 1438 1058 1466 conferas
1073 1438 1214 1477 rapiendo,
1229 1449 1261 1467 ne
1275 1440 1311 1468 sis
1326 1436 1545 1473 contumeliosus,
1559 1446 1644 1474 neque

901 1484 1043 1513 audax:et
1059 1495 1136 1513 nemo
1156 1484 1243 1513 audit.
1260 1486 1354 1514 Annon
1366 1485 1438 1524 juste
1457 1482 1575 1521 gehenna
1598 1482 1644 1510 in-

901 1531 1008 1559 fertur?
1022 1541 1109 1560 annon
1129 1531 1225 1560 merito
1240 1531 1326 1570 ignis,
1349 1537 1375 1559 et
1392 1529 1491 1558 vermis
1506 1528 1551 1567 qui
1564 1538 1645 1556 num-

901 1588 983 1615 quam
999 1577 1134 1606 moritur?
1147 1578 1294 1616 Quousque
1308 1588 1355 1617 per
1369 1575 1519 1616 praecipitia
1531 1585 1578 1603 nos
1590 1574 1644 1614 pel-

900 1623 1005 1652 lemus?
1018 1634 1157 1662 quousque
1169 1623 1238 1652 inter
1252 1623 1342 1663 spinas
1357 1620 1532 1651 incedemus?
1544 1631 1644 1658 quous-

900 1680 953 1708 que
967 1680 1015 1698 nos
1025 1670 1108 1699 clavis
1120 1670 1274 1709 infigemus,
1288 1677 1314 1698 et
1329 1669 1427 1708 gratias
1439 1667 1571 1706 agemus?
1584 1668 1644 1696 δεε-

899 1717 942 1746 vis
958 1717 1081 1757 tyrannis
1096 1717 1199 1746 subditi
1207 1727 1314 1754 sumus,
1330 1716 1530 1754 benignumque
1548 1713 1644 1742 Domi-

899 1774 964 1792 num
979 1763 1131 1802 respuimus
1141 1785 1147 1797 ,
1157 1763 1203 1801 qui
1224 1762 1293 1791 nihil
1315 1761 1458 1790 molestum
1472 1759 1539 1788 dicit
1551 1782 1559 1794 ‚
1574 1758 1644 1787 nihil

898 1809 1044 1838 barbarum
1055 1832 1062 1845 ‚
1074 1809 1142 1837 nihil
1155 1808 1267 1846 durum,
1290 1807 1361 1836 nihil
1380 1806 1490 1843 inutile,
1504 1805 1552 1834 sed
1567 1805 1644 1833 utilia

899 1855 1004 1891 omnia,
1018 1855 1134 1883 multum
1148 1853 1226 1882 nobis
1243 1853 1312 1882 lucri
1325 1859 1350 1881 et
1364 1851 1538 1881 emolumenti
1550 1851 1642 1879 confe-

898 1900 1019 1930 ferentia.
1043 1900 1192 1938 Surgamus
1216 1899 1325 1927 tandem
1334 1921 1341 1935 ,
1368 1908 1415 1926 nos
1441 1903 1643 1933 convertamus,

899 1958 946 1976 nos
960 1956 1167 1986 componamus,
1182 1946 1280 1980 Deum,
1299 1952 1327 1973 ut
1341 1951 1460 1984 oportet,
1477 1943 1624 1982 diligamus
1636 1965 1644 1978 ‚

899 2000 929 2022 ut
951 1993 1028 2031 digni
1047 1992 1195 2020 habeamur
1216 1991 1294 2020 bonis
1316 1990 1456 2030 promissis
1471 1989 1504 2018 iis
1519 1989 1565 2027 qui
1580 1988 1644 2017 dili—

899 2046 966 2079 gunt
982 2049 1060 2073 eum,
1085 2038 1170 2077 gratia
1192 2045 1217 2066 et
1239 2037 1402 2077 benignitate
1422 2036 1533 2064 Domini
1558 2035 1643 2063 nostri

899 2088 961 2116 Jcsu
976 2084 1085 2121 Clu-isti,
1097 2084 1206 2123 quicum
1220 2083 1293 2112 Patri
1309 2090 1334 2112 et
1348 2082 1463 2122 Spiritui
1478 2087 1567 2110 sancto
1583 2081 1643 2119 glo-

899 2134 949 2169 ria,
964 2133 1106 2172 imperium
1117 2155 1125 2169 ,
1141 2132 1239 2167 honor,
1253 2142 1324 2161 nunc
1338 2137 1363 2160 et
1374 2141 1479 2170 semper
1489 2152 1498 2166 ‚
1512 2135 1538 2158 et
1550 2128 1576 2157 in
1591 2139 1641 2157 stc-

899 2181 959 2210 cula
972 2180 1139 2209 saeculorum.
1156 2181 1250 2208 Amen.
