1893 2860
368 138 401 160 IN
428 137 535 161 EPlS'l'-
573 139 595 160 1.

46 200 162 240 ἐγένοντο
176 201 209 228 δι’
222 200 303 237 ὑμᾶς·
320 200 410 228 οὐκοῦν
423 199 468 228 καὶ
478 202 494 234 ἡ
511 200 619 238 βοήθεια
634 199 732 228 πλείων
747 202 810 239 παρ’

46 248 129 284 ὑμῶν.
150 244 315 273 Ἀσπάσασθε
331 244 389 276 τοὺς
404 244 529 283 ἀδελφοὺς
541 244 642 276 πάντας
656 245 681 273 ἐν
694 244 761 283 ἁγίῳ
773 257 814 284 φι-

45 291 156 329 λήματι.
171 289 257 319 Bagai
272 291 319 324 τ’ἧς
335 289 511 328 θερμότητος,
527 290 608 329 βαῧαὶ
622 293 669 325 τῆς
684 290 814 323 διανοίας·

46 335 135 370 ἐπειδὴ
164 334 295 374 φιλήματι
317 335 408 369 αὐτοὺς
436 336 606 365 ἀσπάσασθαι
631 337 678 364 οὐκ
703 336 816 370 ἠδύνατο

46 381 134 418 ἀπὼν,
147 380 180 410 δι’
197 381 291 420 ἑτέρων
307 382 399 415 αὐτοὺς
412 382 559 415 ἀσπάζεται
569 394 575 400 ·
597 382 665 411 οὕτω
679 382 724 410 καὶ
739 384 816 419 ἡμεῖς

45 430 169 466 ποιοῦμεν
178 450 186 463 ,
217 429 252 460 ὡς
274 427 336 456 ὅταν
360 428 479 467 λέγοιμεν
491 451 498 464 ,
522 428 632 467 φίλησον
657 428 734 457 αὐτὸν
759 428 816 456 ἀντ’

45 475 118 511 ἐμοῦ.
139 472 219 502 Οὕτω
233 473 278 501 καὶ
291 473 363 502 αὐτοὶ
377 473 502 513 κατέχετε
519 474 548 502 τὸ
562 476 615 512 πῦρ
634 476 680 508 τῆς
696 473 815 511 ἀγάπης·

44 520 74 547 οὖ
87 518 139 557 γὰρ
154 519 277 557 ἀνέχεται
289 519 477 557 διαστημάτων
489 542 496 555 ,
522 518 590 548 ἀλλὰ
609 519 653 547 καὶ
669 518 712 547 διὰ
729 518 816 556 μέσων

45 565 96 593 τῶν
116 564 181 593 ὁδῶν
196 563 292 598 ἑαυτὴν
313 565 439 600 ἐκτείνει,
462 565 507 593 καὶ
521 567 659 603 πανταχοῦ
675 564 815 603 πάρεστιν.

45 609 162 649 εΟρκίζω
182 611 250 648 ὑμᾶς
272 609 316 637 τὸν
333 610 445 648 Κύριον,
473 611 672 649 ἀναγνωσθῆναι
692 609 740 644 τὴν
755 611 817 638 ἐπι-

46 656 143 690 στολὴν
168 660 234 685 πᾶσι
254 660 308 688 τοῖς
321 655 406 693 ἁγίοις
420 657 551 695 ἀδελφοῖς.
575 656 628 684 Καὶ
644 657 720 683 τοῦτο
735 655 816 684 πόθου

48 699 182 737 μάλιστα,
202 701 231 728 οὗ
246 699 418 732 διδασκαλίας
432 704 567 729 τοσοῦτοψ
589 699 633 728 ἵνα
654 699 784 732 κάκείνοις
795 694 817 727 ὦ

48 744 314 783 προσδιαλεγόμενος,
331 744 419 783 φησίν.
439 744 473 773 ‘H
485 745 562 784 χάρις
575 747 619 773 τοῦ
633 745 730 784 Κυρίου
743 747 819 782 ἡμῶν

48 790 136 826 Ἰησοῦ
161 791 277 830 Χριστοῦ
293 792 349 828 μεθ’
366 792 450 828 ὑμῶν.
474 791 567 829 Ἀμήν.
593 791 646 819 Καὶ
667 791 715 830 οὐχ
730 791 819 823 ἁπλῶς

48 835 198 871 ἐπιτάττει,
219 837 277 864 ἀλλ’
301 836 428 875 ὁρκίζων,
451 836 504 865 ἀπὸ
519 838 616 875 Θερμῆς
638 836 752 868 διανοίας
775 835 819 864 καὶ

47 884 124 910 τοῦτο
134 883 216 910 ποιῶν
227 904 234 917 ,
249 881 292 910 ἵνα
303 882 351 910 κᾶν
368 884 446 911 αὐτοῦ
461 882 681 921 καταφρονήσωσι
691 905 698 917 ,
720 881 762 910 διὰ
776 882 818 911 τὸν

49 927 174 966 ὅρκια-μὸν
184 927 304 966 πράξωσι
315 928 342 956 τὸ
353 928 504 967 ἐπιταχθέν.
516 927 608 966 Μέγαν
619 927 670 966 γὰρ
680 923 751 966 εἶχον
762 927 821 956 τότε

49 972 130 1011 φόὸον
144 976 189 1002 τοῦ
201 973 356 1012 πράγματος
366 985 371 991 ·
387 974 441 1002 νυνὶ
461 974 488 1002 δὲ
503 973 547 1002 καὶ
560 977 635 1002 τοῦτο
658 973 819 1009 πεπάτηται.

50 1017 104 1047 Καὶ
118 1018 174 1047 ἔστι
190 1018 319 1052 πολλάκις
340 1024 402 1052 παῖς
417 1019 621 1057 μαστιζόμενος,
643 1019 688 1048 καὶ
711 1019 820 1058 ὁρκίζων

50 1064 95 1092 τὸν
118 1064 186 1093 Θεὸν
201 1064 304 1093 καὶτὸν
326 1066 439 1104 Χριστὸν
464 1067 557 1101 αὐτοῦ,
579 1066 643 1101 καὶ,
661 1065 729 1094 οὕτω
752 1066 819 1106 Χρι-

51 1110 156 1143 στιανὸς
169 1111 324 1147 ἀποθάνοις,
344 1112 388 1140 καὶ
409 1112 492 1143 οὐδεὶς
508 1112 652 1151 προσέχει,
667 1112 748 1144 οὐδεὶς
762 1114 822 1141 ἐπι-

52 1156 207 1195 στρέφεται·
233 1156 264 1184 ἂν
279 1156 306 1185 δὲ
320 1158 363 1186 τὸν
386 1158 440 1186 υἱὸν
456 1158 499 1187 τὸν
520 1158 583 1186 ἴδιον
597 1157 704 1197 ὁρκίσῃ,
728 1158 822 1190 εὐθέως

52 1201 98 1230 καὶ
109 1202 197 1237 ἄκων,
214 1202 259 1231 καὶ
272 1202 366 1242 τρίζων
383 1203 442 1236 τοὺς
462 1203 581 1239 ὀδόντας,
604 1203 696 1242 ὑφίησι
717 1207 762 1233 τοῦ
776 1206 822 1232 00-

53 1250 112 1285 μοῦ.
132 1247 224 1280 Ἄλλος
239 1248 319 1277 πάλιν
334 1249 487 1287 ἑλκόμενος,
504 1249 670 1288 ἀπαγόμενος
682 1249 725 1277 ἐπὶ
741 1249 823 1287 μέσης

52 1295 100 1328 τῆς
115 1295 210 1332 ἀγορᾶς
219 1317 226 1330 ,
249 1294 293 1322 καὶ
308 1294 445 1330 Ἑλλήνων
459 1296 504 1324 καὶ
517 1295 652 1325 Ἰουδαίων
669 1295 806 1334 παρόντων
815 1319 822 1330 ,

52 1341 125 1379 ὁρκοῑ
140 1340 183 1369 τὸν
197 1340 333 1379 ἀπάγοντα
355 1340 447 1378 ὅρκους
462 1341 703 1380 φρικωδεστάτους,
724 1342 768 1370 καὶ
782 1343 824 1370 οὐ·

53 1385 104 1418 δεὶς
117 1385 250 1425 προσέχει.
272 1387 296 1414 Τ
300 1386 307 1413 ί
323 1387 369 1414 οὔκ
381 1387 482 1425 ἐροῦσιν
495 1389 518 1415 οἱ
532 1386 679 1423 ἽΞλληνες,
699 1386 761 1414 ὅταν
777 1399 824 1415 πι-

52 1430 112 1463 στὸς
125 1431 168 1459 τὸν
181 1431 272 1460 πιστὸν
285 1431 330 1460 καὶ
347 1432 503 1470 Χριστιανὸν
517 1435 604 1471 ὁρκοί,
618 1432 663 1462 καὶ
678 1433 769 1471 μηδεὶς
783 1434 822 1472 γί-

52 1488 130 1512 νηται
145 1477 221 1516 λόγος
232 1499 239 1513 ,
254 1477 323 1506 ἀλλὰ
340 1478 385 1506 καὶ
405 1480 630 1519 καταφρονῶμεν,

95 1801 224 1832 Βούλεσθε
234 1804 294 1841 ὑμῖν
305 1802 476 1841 διηγήσωμαί
485 1815 510 1831 τι
520 1808 642 1843 πρᾶγμα,
651 1803 716 1843 ὅπερ
727 1805 773 1833 καὶ
783 1807 824 1833 2-3-

56 1847 99 1881 τος
109 1848 225 1883 ἀκήκοα;
235 1848 352 1887 οὐδὲγὰρ
360 1848 483 1877 πλάττων
490 1849 570 1888 λέγω,
581 1850 649 1878 ἀλλὰ
660 1850 733 1889 παρὰ
744 1863 825 1890 προσ-

56 1892 129 1922 ώπου
142 1894 292 1927 ἀξιοπίστου
300 1894 428 1929 ἀκηκοώς.
438 1894 573 1930 Παιδίσκη
585 1907 623 1928 τις
632 1895 706 1934 ἀνδρὶ
718 1898 826 1936 πονηρῷ

57 1939 258 1978 συνεζευγμένη,
275 1942 370 1978 μιαρῷ,
381 1940 509 1978 δραπέτῃ,
526 1941 604 1976 αὕτη,
614 1941 700 1970 πολλὰ
712 1944 757 1970 τοῦ
776 1944 826 1970 ἀν-

56 1984 141 2023 δρὸςι
128 1998 154 2022 τ,
149 1985 375 2023 ιιαρτηκότος,και
383 1985 522 2022 μέλλοντος
533 1987 744 2024 ἀπεμπολεῖσθαι
755 1988 827 2027 παρὰ

55 2041 103 2064 της
122 2028 272 2064 δεσποίνης·
288 2041 333 2058 και
355 2029 407 2069 γὰρ
432 2030 538 2067 μείζονα
563 2031 721 2086 συγγνώμης
739 2035 771 2067 ἠν
794 2032 827 2061 τὰ

55 2075 252 2128 ἁμαρτήματα,
267 2087 312 2104 και
327 2076 399 2115 χήρα
414 2079 444 2111 ἠν
460 2079 477 2111 ἠ
490 2077 570 2113 γυνὴ,
586 2089 631 2105 και
645 2078 767 2110 κολαζειν
780 2079 826 2106 αὐ-

55 2119 98 2148 τὸν
113 2121 305 2158 λυμαινόμενοι
321 2123 399 2155 αἶιτῆς
413 2121 460 2157 τὴν
484 2122 568 2150 οἰκίαν
587 2134 633 2151 ουκ
648 2122 749 2161 ἴοἾυεν,
766 2125 825 2153 &W

55 2166 122 2205 ἔγνω
134 2166 297 2195 ἀποδόσθαι·
309 2178 366 2196 ειτα
383 2167 485 2196 ἀνόσιον
501 2171 568 2197 εἶναι
591 2169 732 2206 νομίζουσα
747 2171 762 2204 ἡ
781 2170 822 2198 δέ-

55 2223 151 2241 σποινα
174 2212 320 2241 διασπασαι
341 2215 388 2247 τῆς
411 2225 534 2251 γυναικος
549 2215 592 2243 τὸν
610 2215 706 2254 ἄνδρα,
721 2227 771 2244 κατ
773 2216 814 2245 εδέ
816 2233 826 2237 -

56 2257 118 2290 ξατο
128 2269 172 2285 και
188 2258 324 2297 γρησίμην
337 2270 416 2288 ουσαν
430 2258 478 2294 τὴν
493 2260 583 2298 κόρην,
599 2260 666 2299 ὑπὲρ
682 2273 727 2296 της
743 2262 827 2290 ἀπαλ-

55 2305 139 2343 λαγῆς
128 2316 200 2339 ςτνς
216 2304 313 2333 ἐκεινου
329 2307 569 2343 συναπεμπολῆσαι
585 2318 629 2335 και
643 2307 692 2342 τὴν
705 2312 826 2346 γυναῖκα.

55 2348 164 2388 ‘Opima
180 2362 265 2378 τοινυν
281 2353 296 2385 ἡ
315 2351 380 2390 κόρη
396 2351 515 2386 {aur->pst
504 2363 530 2380 εν
546 2356 599 2385 τοῖς
614 2352 722 2393 απόροις
736 2365 826 2388 ουσαν,

55 2395 167 2424 ἐλθοῦσα
191 2396 256 2435 πρὸς
281 2397 323 2424 αἰο
326 2396 416 2435 ἑσιμον
439 2397 580 2436 πρόσωπον
605 2410 649 2426 και
672 2398 780 2434 σύνηθες
795 2410 827 2436 τῃ

57 2441 179 2480 δεσποίνῃ
189 2443 279 2478 αὐτῆς,
290 2443 319 2471 τὸ
331 2444 411 2481 κάμοὶ
424 2444 627 2482 διηγησάμενον,
636 2445 743 2473 καὶτῶν
755 2456 798 2483 γον
804 2445 828 2473 εί-

57 2497 108 2515 των
122 2487 258 2525 ἁπτομένη
268 2511 274 2524 ,
285 2488 329 2517 καὶ
340 2489 421 2528 μυρία
435 2489 620 2528 ἀποδυρομένη
630 2490 827 2529 ,παρεκάλεσεν

58 2532 126 2561 ὥστε
144 2533 192 2568 τὴν
205 2535 285 2569 αὐτῆς
299 2533 410 2567 ἀξιῶσαι
428 2535 566 2564 δέσποιναν
586 2536 651 2574 ὑπὲρ
673 2537 752 2570 αὐτ-’ἧς
763 2548 768 2553 ·
782 2536 827 2564 καὶ

625 138 670 160 AD
696 138 796 161 THESS
808 139 856 161 Π..
888 141 966 165 ΟΑΡ.

825 364 861 382 ⁵⁰5

835 392 854 414 Α

1542 128 1609 164 585

871 213 942 232 mere
957 203 1007 232 hoc
1027 203 1132 239 dicens,
1157 202 1204 232 sed
1225 208 1328 231 vestras
1350 211 1441 241 preces
1464 200 1545 230 valde
1566 201 1614 229 de·-

872 248 1002 278 siderans.
1028 250 1059 279 Si
1081 250 1153 278 enim
1184 259 1243 277 sum
1267 248 1402 277 obnoxius
1424 247 1547 276 omnium
1569 257 1617 275 ve-

870 301 956 323 strum
971 305 1064 324 curam
1090 305 1195 333 gerere,
1226 301 1250 323 et
1271 304 1331 322 sum
1357 292 1513 321 redditurus
1532 292 1618 321 ratio-

872 350 932 368 nem
945 353 951 370 ι
965 341 1051 369 multo
1068 341 1154 380 magis
1167 340 1252 368 debeo
1275 346 1377 368 vestras
1391 339 1496 377 assequi
1517 348 1617 377 preces.

872 386 984 425 Propter
995 398 1043 415 vos
1055 398 1115 416 sum
1130 387 1215 425 magis
1229 385 1364 414 obnoxius
1377 384 1521 414 reddendis
1536 386 1620 413 ratio-

872 432 965 469 nibus,
980 439 1005 461 et
1020 443 1066 462 vos
1081 443 1144 470 ergo
1157 432 1224 461 mihi
1236 432 1338 460 debetis
1359 432 1446 470 majus
1457 431 1521 460 dare
1535 431 1620 459 auxi-

871 475 948 504 lium.
968 477 1016 504 26.
1032 476 1184 511 Salutate,
1199 478 1333 515 fratres,
1350 486 1449 504 omnes
1473 477 1504 503 in
1521 476 1621 504 osculo

871 527 983 549 sancto.
1000 522 1093 560 Papae,
1106 528 1221 559 quantus
1234 520 1336 550 ardor!
1353 532 1446 559 papae,
1475 531 1533 559 quae
1546 531 1622 549 mens

872 575 898 596 et
923 568 983 606 quis
1006 568 1112 596 animus
1127 568 1133 597 l
1156 568 1307 604 Quoniam,
1334 578 1396 596 cum
1418 575 1486 596 esset
1510 569 1604 597 absens
1615 591 1622 605 ,

872 614 962 642 osculo
972 624 1016 642 eos
1029 613 1147 642 salutare
1158 624 1208 641 non
1223 619 1344 652 poterat,
1359 624 1406 651 per
1418 613 1484 642 alios
1493 625 1536 642 eos
1549 615 1622 642 salu-

872 666 921 687 tat.
935 659 981 688 Sic
996 669 1043 687 nos
1056 659 1186 693 facimus,
1200 665 1230 687 ut
1241 658 1350 696 quando
1363 657 1479 687 dicimus
1494 671 1499 687 ε
1514 660 1566 687 Pro
1580 670 1622 688 me

873 715 934 733 eum
950 704 1079 733 osculare.
1094 705 1134 732 Ita
1150 714 1197 733 vos
1211 713 1319 742 quoque
1340 710 1425 731 tenete
1445 703 1534 742 ignem
1556 704 1623 732 cari-

873 748 1016 777 tatis:non
1031 748 1102 776 enim
1119 748 1231 776 sustinet
1253 747 1374 776 locorum
1396 747 1554 784 intervalla,
1577 748 1623 776 sed

875 793 955 822 etiam
968 803 1015 832 per
1029 792 1131 821 medias
1145 793 1204 821 vias
1223 793 1336 832 seipsam
1349 791 1486 828 extendit,
1511 799 1536 821 et
1550 792 1626 821 adest

875 839 986 877 ubique.
1005 840 1053 867 Q’I.
1067 839 1185 878 Adjuro
1205 848 1259 867 vos
1272 849 1325 877 per
1338 838 1517 873 Dominum,
1534 845 1564 866 ut
1580 839 1624 866 le-

875 892 963 925 gatur
976 885 1099 924 epistola
1119 886 1181 913 haec
1199 886 1332 912 omnibus
1347 885 1458 912 sanctis
1466 885 1624 923 fratribus.

876 931 933 960 Hoc
950 941 1057 969 quoque
1073 930 1192 959 maxime
1205 937 1244 958 est
1257 929 1404 967 desiderii,
1420 940 1472 958 non
1492 929 1558 958 adeo
1572 930 1625 958 do—

877 977 968 1005 ctrinae
982 988 987 1004 :
1005 983 1033 1005 ut
1060 976 1120 1004 illos
1147 986 1265 1014 quoque,
1290 975 1395 1014 inquit,
1421 975 1553 1014 alloquar.
1576 976 1625 1005 28.

879 1021 985 1050 Gratia
1000 1021 1122 1048 Domini
1137 1022 1228 1049 nostri
1243 1020 1314 1048 Jesu
1330 1020 1444 1048 Christi
1459 1021 1622 1049 vobiscum.

877 1067 987 1095 Amen.
1006 1067 1065 1095 Non
1081 1066 1177 1095 leviter
1196 1066 1336 1105 praecepit,
1359 1065 1406 1094 sed
1428 1065 1573 1105 adjurans,
1600 1074 1626 1095 et

878 1112 929 1141 hoc
944 1122 1051 1150 quoque
1063 1122 1098 1140 ex
1112 1111 1225 1140 ferventi
1239 1111 1343 1147 animo,
1359 1117 1388 1139 ιιι
1411 1111 1514 1139 etiamsi
1536 1111 1626 1150 ipsum

877 1157 1066 1197 despexerint,
1089 1165 1196 1197 propter
1212 1157 1408 1196 adjurationem
1431 1157 1531 1186 faciant
1553 1157 1625 1196 quod

878 1204 956 1232 fuerit
969 1211 1142 1243 praeceptum.
1154 1203 1222 1243 Ejus
1234 1203 1269 1231 rei
1282 1213 1410 1242 magnum
1426 1203 1560 1232 habebant
1573 1214 1628 1232 me-

879 1257 953 1286 tum;
976 1260 1046 1278 nunc
1062 1257 1151 1278 autem
1174 1250 1225 1278 hoc
1247 1260 1354 1287 quoque
1374 1256 1413 1277 est
1428 1249 1625 1278 conculcatum.

879 1294 915 1322 Et
925 1305 993 1333 saepe
1007 1294 1138 1332 contingit
1148 1300 1175 1322 ut
1187 1304 1254 1332 puer
1265 1293 1356 1332 flagris
1368 1293 1488 1322 caedatur
1499 1300 1525 1322 et
1537 1294 1626 1322 Deum

878 1339 985 1378 adjuret
998 1347 1023 1368 et
1039 1339 1178 1368 Christum
1194 1340 1265 1378 ejus,
1287 1346 1313 1367 et
1326 1338 1413 1374 dicat,
1439 1340 1479 1367 lta
1494 1339 1627 1368 Christia-

878 1395 929 1414 nus
942 1385 1065 1413 moriaris
1074 1407 1082 1421 ,
1092 1392 1119 1413 et
1133 1395 1210 1413 nemo
1226 1384 1360 1421 amendat,
1375 1395 1453 1412 nemo
1467 1384 1590 1414 advertat
1601 1392 1626 1414 et

879 1438 970 1461 curet:
985 1431 1027 1460 sin
1047 1438 1135 1459 autem
1160 1441 1207 1470 per
1228 1430 1368 1470 proprium
1390 1431 1496 1470 adjuret
1514 1431 1602 1459 filium
1616 1454 1625 1469 ,

878 1479 968 1508 statim
980 1486 1006 1508 et
1017 1479 1119 1507 invitus
1131 1485 1154 1507 et
1167 1477 1282 1507 stridens
1296 1477 1422 1506 dentibus
1431 1500 1439 1514 ,
1455 1477 1522 1506 iram
1536 1479 1627 1507 remit-

879 1525 920 1554 tit.
941 1525 1017 1553 Alius
1033 1535 1128 1553 rursus
1143 1523 1210 1552 dum
1225 1523 1356 1560 trahitur,
1378 1530 1403 1552 et
1423 1523 1450 1552 in
1466 1524 1555 1553 medio
1568 1524 1627 1553 foro

878 1571 1038 1608 abducitur,
1053 1569 1222 1598 adstantibus
1236 1576 1262 1598 et
1276 1569 1380 1598 Graecis
1390 1575 1415 1597 et
1429 1568 1546 1606 Judaeis,
1566 1580 1628 1598 ma-

879 1617 952 1646 xime
974 1616 1116 1646 horrendis
1130 1626 1192 1645 eum
1212 1616 1259 1654 qui
1278 1615 1390 1644 abducit
1410 1615 1517 1655 adjurat
1538 1627 1627 1646 sacra-

878 1663 975 1692 mentis
984 1686 992 1701 ,
1004 1669 1030 1691 et
1043 1672 1120 1691 nemo
1128 1661 1251 1690 attendit.
1268 1661 1343 1698 Quid
1357 1672 1409 1690 non
1424 1661 1515 1690 dicent
1526 1662 1627 1698 Graeci,

878 1709 985 1748 quando
997 1708 1086 1737 fidelis
1099 1708 1206 1748 adjurat
1221 1702 1329 1736 fidelem
1343 1715 1369 1736 et
1389 1707 1590 1745 Christianum,
1601 1715 1626 1737 et

878 1755 951 1785 nulla
964 1755 1021 1794 ejus
1030 1754 1144 1782 babetur
1158 1754 1235 1789 ratio,
1247 1752 1292 1781 sed
1303 1753 1384 1782 etiam
1394 1753 1559 1793 despicimus
1574 1754 1587 1782 3‘

918 1801 946 1828 5.
962 1799 1056 1828 vultis
1071 1809 1127 1826 rem
1143 1798 1221 1826 vobis
1238 1808 1345 1826 narrem
1355 1820 1362 1833 ,
1375 1808 1456 1835 quam
1471 1797 1528 1836 ipse
1542 1797 1624 1826 audi-

881 1845 906 1873 vi
919 1845 932 1873 ἶ)
948 1855 1033 1883 neque
1045 1844 1115 1872 enim
1139 1854 1195 1872 rem
1221 1843 1326 1882 [ingens
1341 1843 1402 1871 dico
1416 1865 1425 1880 ,
1439 1842 1487 1871 sed
1501 1843 1624 1872 auditam

996 142 1032 164 V.
1061 142 1179 165 llOMlL·
1208 141 1255 164 Xl·

880 1902 895 1919 a
913 1891 971 1920 viro
987 1890 1042 1919 fide
1060 1889 1153 1928 digno.
1169 1889 1273 1917 Ancilla
1296 1888 1421 1926 quaedam
1434 1888 1542 1917 cuidam
1562 1889 1623 1918 viro
1635 1910 1734 1932 Historia
1742 1918 1782 1932 cu-

881 1937 1006 1989 improbo
1018 1936 1170 1975 conjuncta,
1187 1934 1326 1970 nebuloni,
1339 1933 1464 1973 fugitivo,
1480 1934 1546 1972 haec,
1562 1945 1624 1964 eum
1634 1942 1724 1995 jussum
1737 1950 1777 1963 au-

1637 1974 1666 1994 eil
1676 1981 1692 1994 ae

881 1984 925 2012 vir
935 1984 992 2023 ejus
1003 1982 1121 2011 multum
1136 1987 1280 2020 peccasset,
1294 1987 1319 2009 et
1331 1991 1346 2009 a
1358 1980 1474 2009 domina
1482 1988 1550 2010 esset
1561 1992 1578 2010 v
1581 1992 1625 2010 en-

882 2029 987 2059 dendus
1003 2041 1008 2056 :
1025 2028 1127 2067 majora
1143 2027 1213 2055 enim
1231 2034 1307 2055 erant
1320 2034 1428 2066 peccata
1450 2038 1533 2066 quam
1557 2035 1586 2056 ut
1602 2029 1626 2056 ei

882 2077 941 2106 dari
956 2082 1044 2116 posset
1060 2074 1139 2103 venia
1152 2086 1159 2110 ;
1174 2080 1200 2102 et
1214 2073 1313 2102 mulier
1325 2080 1381 2102 erat
1395 2073 1480 2103 vidua
1493 2097 1500 2110 ,
1516 2081 1542 2103 et
1563 2085 1626 2103 eum

882 2123 1012 2161 castigarc
1023 2144 1031 2155 ‚
1044 2131 1104 2149 cum
1126 2120 1184 2159 ejus
1196 2118 1308 2148 domum
1329 2119 1468 2159 perderet,
1480 2130 1532 2148 non
1546 2127 1626 2159 pote-

883 2175 924 2197 rat
938 2180 946 2205 5
963 2167 1008 2196 sed
1020 2173 1148 2195 statuerat
1163 2165 1279 2194 vendere
1292 2177 1298 2192 τ
1314 2165 1411 2194 deinde
1421 2176 1475 2194 esse
1492 2166 1624 2195 nefarium

882 2213 1038 2243 existimans
1053 2211 1162 2241 domina
1178 2211 1268 2240 virum
1283 2211 1317 2239 ab
1330 2222 1414 2240 uxore
1428 2222 1560 2251 separare,
1570 2223 1627 2241 ma-

884 2260 934 2288 luit
957 2259 1031 2287 illam
1048 2257 1188 2286 mulierem
1204 2257 1327 2296 quamvis
1342 2257 1415 2296 frugi
1429 2265 1455 2286 et
1471 2257 1565 2286 utilem
1588 2258 1626 2286 si-

884 2306 941 2335 mul
956 2315 1017 2334 cum
1035 2315 1065 2333 eo
1077 2303 1191 2333 vendere
1206 2326 1213 2337 ,
1228 2314 1308 2342 quam
1325 2303 1399 2332 illam
1420 2304 1625 2343 separationem.

884 2351 988 2381 Videns
999 2361 1061 2389 ergo
1077 2349 1167 2389 puella
1190 2360 1216 2378 se
1230 2360 1285 2378 esse
1308 2349 1443 2378 redactam
1458 2349 1484 2378 in
1501 2360 1625 2389 magnam

884 2398 967 2427 animi
982 2396 1199 2436 perplexitatem,
1213 2395 1321 2424 veniens
1333 2395 1367 2424 ad
1382 2395 1554 2424 reverendam
1568 2407 1625 2436 per-

884 2454 976 2473 sonam
987 2442 1102 2471 dominae
1116 2452 1170 2470 suae
1181 2441 1358 2479 familiarem,
1371 2452 1429 2480 quae
1443 2448 1469 2470 et
1480 2441 1548 2470 mihi
1563 2452 1626 2470 nar-

884 2489 972 2523 ravit,
989 2495 1013 2518 et
1028 2498 1113 2525 genua
1140 2486 1325 2526 prehendens,
1343 2487 1512 2526 multumque
1534 2487 1625 2527 lacry-

884 2545 958 2563 mans
975 2540 999 2561 et
1015 2532 1135 2572 ejulans,
1153 2531 1258 2571 rogavit
1274 2538 1303 2560 ut
1325 2542 1401 2560 suam
1415 2530 1554 2560 dominam
1574 2542 1624 2571 pro
