1893 2860
112 1405 193 1426 Contra
206 1413 241 1432 ge-

115 1438 184 1456 nesiin
197 1442 218 1458 et
227 1437 258 1458 sn·

113 1473 171 1489 tuni.

269 181 339 225 (5411
607 190 636 211 s.
664 189 802 211 somnis
828 188 1008 210 cunrsosr.

268 267 318 295 que
349 256 375 283 iu
405 253 510 292 templis
536 263 649 292 superne
681 253 817 281 silentium
844 252 1002 292 inscriptum

268 309 323 330 erat
341 313 348 338 ;
372 299 575 337 continebatque
593 299 679 337 digito
698 309 736 335 os,
747 306 772 327 et
791 299 861 327 labia
883 297 1003 338 compri—

270 347 376 383 mebat,
401 351 587 384 praetercuntes
607 355 697 373 omues
719 352 747 374 ut
772 345 877 374 silerent
909 354 1004 373 mone-

1039 188 1194 212 Altctttlzt’.
1221 192 1282 213 CON
1288 192 1346 214 STA
1353 192 1487 215 NTtNOP.

1062 252 1092 280 τὸ
1106 254 1190 292 στόμα
1199 278 1207 291 ,
1221 256 1265 285 καὶ
1277 257 1467 296 ἐπισφίγγουσα
1477 258 1510 286 τὰ
1522 258 1599 297 χείλη
1610 281 1616 295 ,
1631 263 1695 288 πᾶσι
1707 263 1759 292 τοῖς
1772 271 1823 288 πα-

1064 301 1147 336 ριοῦσι
1161 305 1236 338 σιγᾷν
1251 301 1372 340 παρῄνει.
1397 299 1463 332 Εἶτα
1484 304 1570 332 ἐκεῖνα
1584 304 1631 341 μὲν
1644 303 1710 333 οὕτω
1725 304 1823 342 σεμνὰ,

1062 344 1095 372 τὰ
1116 344 1142 373 δὲ
1156 345 1272 385 ἡμέτερα
1295 347 1343 385 οὐχ
1363 347 1459 383 οὕτως,
1478 349 1543 377 ἀλλὰ
1563 349 1763 388 καταγέλαστα;
1779 350 1824 378 καὶ

269 393 324 421 bat.
338 392 444 430 Ergone
459 391 505 419 illa
519 390 686 420 honorabilia
701 398 771 427 sunt,
784 398 809 419 et
829 401 879 419 non
894 390 1004 430 perinde
1021 390 1039 412 Ε
1063 390 1138 424 ποίας
1150 392 1208 431 οὐχὶ
1220 392 1313 430 μανίας
1326 393 1355 420 ἂν
1367 392 1406 428 εἴη
1417 397 1493 422 τοῦτο
1503 395 1650 434 ὑπερέολή,
1661 395 1703 424 Τὰ
1715 395 1761 434 μὲν
1773 395 1824 434 γὰρ

271 444 371 474 nostra,
383 437 427 465 sed
445 436 557 465 ridicula
569 437 582 464 ἱ)
597 443 621 465 et
634 437 695 475 quis
714 437 812 465 furoris
826 447 948 466 excessus
962 436 1007 464 ille

272 494 323 512 non
339 483 419 512 suerit
434 483 446 510 .⁹
462 484 530 518 Qum.
543 482 578 511 ad
591 483 701 511 Graecos
715 489 834 522 spectant
847 483 907 522 jure
914 482 1007 511 discu-

271 529 391 565 tiuntur;
412 529 475 557 talia
493 538 588 568 nempe
602 535 674 564 sunt,
696 539 786 568 pugna
799 528 1008 564 ratiociniorum,

270 575 482 614 disputationes,
495 574 699 614 disceptationes
715 587 721 602 τ
737 581 825 603 nostra
842 585 904 603 vero
918 574 952 603 ab
967 574 1010 602 his

270 620 396 649 omnibus
416 620 494 659 louge
510 627 609 649 remota
622 627 692 648 sunt.
704 621 756 649 Illa
775 631 889 659 namque
908 620 1009 649 invenit

271 667 388 695 humana
400 666 540 706 sapientia,
558 666 615 695 hzre
631 667 716 705 gratia
736 666 884 706 spiritualis
900 665 1009 702 docuit;

271 710 318 739 illa
340 710 459 739 stultitiae
480 717 505 738 et
524 710 766 749 insipientiae,11;ec
787 721 856 739 verse
875 710 1009 749 sapientiae

270 758 395 797 dogmata
406 765 476 786 sunt.
489 758 548 786 Illic
566 768 617 786 non
627 764 663 786 est
678 758 839 797 discipulus,
852 768 936 795 neque
949 768 1008 785 ma-

271 805 362 842 gister,
375 804 420 833 scd
437 815 527 833 omnes
542 804 734 842 quaestionibus
748 811 850 833 certant
865 815 873 841 3
887 803 932 832 hic
953 803 1010 831 sive

269 850 372 886 doctor,
383 850 440 878 sire
453 849 602 888 discipulus
617 849 695 877 fuerit
710 860 724 877 a
739 859 792 887 quo
807 848 909 877 discere
923 859 1007 888 opor-

1057 436 1194 472 Ἑλλήνων
1208 437 1314 471 εἰκότως
1333 439 1464 473 ζητεῖται·
1485 442 1593 469 τοιαῦτα
1609 440 1659 480 γάρ
1677 442 1750 477 ἐστι,
1773 441 1823 479 μά-

1058 494 1104 522 χαι
1119 484 1170 511 τῶν
1190 483 1324 522 λογισμῶν
1340 483 1384 512 καὶ
1400 483 1608 523 ἀμφισὲητήσεις
1623 486 1666 514 καὶ
1688 486 1823 526 συμπερά-

1060 540 1149 566 σματα
1160 539 1167 546 ·
1181 529 1214 558 τὰ
1229 529 1256 559 δὲ
1270 529 1387 568 ἡμέτερα
1401 529 1500 558 τούτων
1514 531 1635 559 ἁπάντων
1650 532 1820 571 κεχώρισται.

1060 575 1167 604 Ἐκεῖνα
1180 574 1226 613 μὲν
1239 575 1288 614 γὰρ
1301 575 1450 614 ἀνθρωπίνη
1464 571 1522 616 εῧρε
1535 576 1626 615 σοφία,
1639 579 1721 606 ταῦτα
1735 578 1761 606 δὲ
1773 578 1824 617 χά-

1061 633 1098 660 ρις
1113 621 1211 654 ἐδίδαξε
1226 621 1408 659 πνευματική·
1434 623 1519 650 ἐκεῖνα
1542 621 1642 661 μωρίας
1661 622 1706 650 καὶ
1721 624 1824 658 ἀνοίας,

1059 669 1140 695 ταῦτα
1153 668 1200 700 τῆς
1215 666 1295 699 ὄντως
1307 666 1398 705 σοφίας
1412 666 1539 705 δόγματα.
1556 666 1631 695 Ἐκεῖ
1645 668 1690 696 οὐκ
1704 667 1758 697 ἔστι
1775 680 1823 706 μα-

1060 712 1154 748 θητὴς,
1169 712 1225 741 οὐδὲ
1239 712 1410 748 διδάσκαλος,
1422 712 1490 741 ἀλλὰ
1501 712 1597 744 πάντες
1609 715 1770 748 συζητοῧσιν·
1783 716 1824 743 ε’ν-

1027 761 1043 783 F
1059 762 1140 787 ταῶνα
1156 758 1204 786 κᾶν
1219 758 1375 791 διδάσκαλος
1389 754 1423 797 ᾗ,
1438 758 1486 787 κᾶν
1503 758 1637 796 μαθητὴς,
1653 761 1743 797 μαθεῖν
1758 760 1823 800 παρ’

1059 799 1087 831 οἷ
1113 806 1205 841 μαθεῖν
1228 803 1295 842 χρὴ,
1317 804 1465 840 πείθεσθαι,
1489 806 1535 833 οὐκ
1559 805 1750 844 ἇμφισὸητεῖν,
1773 817 1823 834 πι-

1059 849 1175 884 στεύειν,
1191 851 1219 877 οὖ
1236 849 1442 888 συλλογίζεσθαι.
1465 849 1515 878 Διὰ
1535 850 1646 884 πίστεως
1662 850 1714 889 γὰρ
1727 851 1823 884 πάντες

269 902 307 924 tet
321 896 379 923 vult
393 895 512 932 discere;
529 894 650 932 obsequi,
665 905 716 922 non
731 894 873 931 dubitare;
891 894 1052 939 credere,553
1059 894 1234 933 εὐδοκίμησαν
1250 896 1273 923 οἱ
1290 895 1398 924 παλαιοὶ
1408 918 1415 931 ,
1428 896 1471 924 καὶ
1482 895 1578 930 ταύτης
1592 896 1652 925 ἄνευ
1667 897 1754 925 πάντα
1766 897 1822 925 διέ-

270 951 322 968 uon
345 940 508 978 argumentis
535 946 642 967 certare.
659 940 709 967 Per
733 939 813 968 fidem
837 939 908 967 enim
932 946 1007 968 vete-
1025 950 1043 971 Λ
1060 944 1181 980 ponpa-az.
1204 941 1256 970 Καὶ
1270 941 1295 969 τί
1307 941 1376 979 λέγω
1391 941 1451 980 περὶ
1465 943 1515 969 τῶν
1535 941 1710 980 ἐπουρανίων;
1729 942 1778 971 κᾶν
1788 942 1822 971 τὰ

270 996 311 1014 res
336 996 427 1014 ornnes
452 985 621 1021 claruerunt,
639 991 665 1013 et
685 985 742 1013 sine
766 985 818 1014 fide
838 985 1009 1024 pessumdata

269 1032 358 1060 omnia
370 1038 440 1060 sunt.
453 1031 488 1059 Et
503 1031 568 1069 quid
582 1030 616 1059 de
631 1031 780 1059 caelestibus
794 1031 911 1069 loquor?
924 1031 946 1060 si
956 1037 1009 1060 ter-

268 1087 330 1105 rena
342 1077 423 1105 etiam
438 1076 630 1111 examinemus,
643 1075 698 1105 fide
712 1076 758 1105 illa
778 1076 860 1104 teneri
879 1076 1006 1115 reperias,

267 1133 353 1160 neque
371 1129 457 1162 pacta,
473 1133 558 1160 neque
577 1128 656 1156 artes,
672 1132 757 1160 neque
776 1121 851 1150 aliud
867 1121 1008 1161 quidpiam

267 1171 324 1198 sinc
343 1170 389 1198 illa
402 1169 493 1198 stabit.
510 1169 539 1198 Si
554 1175 642 1197 autem
657 1168 713 1207 hic,
730 1168 775 1197 ubi
792 1169 881 1198 omnia
902 1169 962 1197 salsi
983 1176 1009 1198 et

266 1216 378 1245 fizllacize
392 1216 480 1256 plena,
496 1215 550 1244 fide
563 1226 630 1255 opus
641 1222 690 1253 est,
705 1215 790 1244 multo
806 1215 891 1254 magis
904 1215 930 1244 in
942 1215 1007 1244 illis.

265 1263 336 1291 Huic
350 1273 412 1302 ergo
427 1262 586 1300 haereamus,
609 1262 679 1291 hanc
693 1261 820 1291 adeamus
832 1274 838 1290 ε
852 1262 890 1291 sic
910 1262 1007 1301 perni—

1058 987 1102 1016 ἐπὶ
1118 989 1165 1025 γῆς
1179 986 1342 1024 ἐξετάσωμεν
1352 1009 1359 1022 ,
1374 987 1471 1021 ταύτης
1486 986 1604 1025 εὑρήσεις
1618 987 1746 1026 ἐχόμενα·
1763 987 1822 1016 οὔτε

1058 1032 1109 1071 γὰρ
1129 1032 1353 1070 συναλλάγματα,
1369 1031 1429 1060 οὔτε
1451 1031 1560 1070 τέχναι,
1584 1031 1643 1060 οὔτε
1665 1032 1729 1060 ἄλλο
1752 1032 1824 1062 οὐδὲν

1059 1078 1132 1106 ἔσται
1153 1080 1269 1106 τοιοῦτον
1293 1077 1374 1116 χωρὶς
1396 1077 1501 1112 ταύτης.
1524 1078 1558 1106 Εἰ
1573 1076 1599 1106 δὲ
1615 1078 1742 1114 ἐνταῦθα,
1764 1077 1825 1106 ἔνθα

1058 1124 1118 1163 περὶ
1132 1124 1232 1163 ψευδῶν
1245 1123 1410 1162 πραγμάτιον
1422 1145 1428 1158 ,
1448 1123 1546 1158 ταύτης
1558 1123 1608 1159 δεῖ,
1622 1124 1711 1162 πολλῷ
1727 1124 1826 1161 μᾶλλον

1058 1170 1071 1183 *
1088 1171 1115 1198 ε’ν.
1126 1169 1247 1202 ἐκείναις.
1259 1169 1365 1204 Ταύτης
1375 1164 1419 1197 οὖν
1429 1168 1551 1208 ἐχώμεθα
1559 1191 1566 1204 ,
1576 1168 1672 1204 ταύτην
1684 1169 1825 1207 μετίωμεν·

1058 1214 1126 1244 οὕτω
1144 1215 1231 1243 πάντα
1249 1215 1282 1243 τὰ
1297 1214 1402 1253 ὀλέθρια
1423 1214 1543 1253 δόγματα
1558 1216 1606 1249 τῆς
1625 1215 1711 1253 ψυχῆς
1730 1214 1827 1243 ἐκδοῦ-

1058 1263 1137 1299 λομεν
1152 1263 1199 1296 τῆς
1213 1260 1357 1300 ἧμετέρας,
1372 1256 1423 1289 οἷον
1443 1263 1454 1276 ³
1468 1260 1569 1298 γένεσιν
1593 1260 1661 1299 λέγω
1675 1260 1719 1289 καὶ
1734 1262 1827 1299 εἱμαρ-

266 1308 337 1337 ciosa
350 1307 440 1337 omnia
453 1308 580 1347 dogmata
598 1308 633 1337 ab
646 1308 736 1337 anima
751 1314 842 1336 nostra
857 1307 1011 1336 eliminabi-
1026 1315 1043 1337 B
1062 1308 1152 1346 μένην.
1177 1306 1223 1336 Ἂν
1237 1307 1381 1345 πιστεύσῃς
1403 1306 1444 1336 ὅτι
1458 1307 1528 1335 ἐστὶν
1544 1306 1687 1339 ἀνάστασις
1699 1307 1745 1335 καὶ
1765 1306 1825 1344 κρί-

269 1364 340 1389 mus,
357 1354 474 1393 genesim
488 1364 583 1392 nempe
604 1360 629 1382 et
639 1354 735 1382 fatum.
750 1354 780 1382 Si
796 1353 881 1382 credis
899 1353 954 1382 fore
968 1364 1011 1382 re-

269 1401 458 1429 surrectionem
477 1407 502 1428 et
514 1400 657 1439 judicium,
683 1400 740 1428 haec
763 1400 854 1428 omnia
876 1400 1012 1428 abanimo

269 1447 362 1486 ejicere
376 1446 483 1486 poteris.
499 1445 586 1474 Crede
607 1456 662 1474 esse
676 1447 764 1474 Deum
776 1446 893 1484 justum,
920 1452 944 1474 et
959 1456 1009 1474 non

268 1491 358 1520 credes
370 1502 425 1520 esse
441 1491 558 1530 genesim
577 1491 704 1530 injustam
728 1503 736 1519 ι
758 1491 835 1519 erede
853 1501 908 1519 esse
923 1492 1009 1519 Deum

267 1537 462 1578 providentem,
485 1543 510 1566 et
529 1547 581 1565 non
601 1536 691 1565 credes
712 1547 768 1565 esse
783 1537 899 1575 genesim
921 1537 1010 1566 omnia

267 1583 443 1612 continentem
464 1594 470 1610 z
488 1582 569 1611 crede
584 1582 749 1622 supplicium
768 1593 824 1611 esse
845 1589 870 1611 et
885 1593 1010 1621 regnum,

268 1636 293 1658 et
307 1639 359 1658 non
375 1628 465 1657 credes
477 1639 531 1657 esse
546 1628 662 1667 genesim
677 1628 750 1666 quod
763 1628 789 1656 in
802 1629 879 1657 nobis
890 1635 928 1657 est
940 1630 1010 1657 ause-

269 1684 382 1714 rentem,
398 1687 499 1715 nosque
513 1676 663 1704 necessitati
675 1687 706 1705 ac
718 1676 745 1706 vi
761 1677 958 1716 subjicientem.
971 1678 1010 1706 Ne

270 1724 393 1761 semines,
407 1734 440 1752 ne
453 1723 568 1763 plantes,
586 1733 619 1751 ne
635 1723 744 1761 milites,
762 1723 830 1752 nihil
848 1724 956 1753 omnino
970 1725 1011 1752 fa—

1062 1366 1116 1390 σις,
1135 1353 1221 1382 πάντα
1243 1353 1276 1381 τὰ
1292 1356 1400 1381 τοιαῦτα
1415 1353 1512 1391 δυνήσῃ
1532 1355 1578 1388 τῆς
1589 1354 1675 1392 ψυχῆς
1689 1353 1807 1382 ε’κὸαλεῖν
1818 1365 1825 1372 ·

1061 1400 1200 1428 πίστευσον
1221 1399 1262 1428 ὅτι
1283 1398 1338 1427 ἔστι
1353 1398 1420 1431 Θεὸς
1434 1398 1546 1434 δίκαιος,
1564 1399 1609 1427 καὶ
1629 1402 1656 1427 οὐ
1677 1399 1825 1433 πιστεύσεις

1061 1445 1120 1473 δὸτι
1134 1445 1208 1473 ἔσται
1231 1444 1331 1482 γένεσις
1350 1444 1449 1477 ἄδικος·
1472 1444 1610 1473 πίστευσον
1631 1444 1670 1473 ὅτι
1688 1444 1742 1473 ἔστι
1757 1444 1826 1477 Θεὸς

1061 1492 1194 1529 προνοῶν,
1214 1489 1258 1518 καὶ
1271 1491 1299 1518 οὐ
1313 1489 1460 1522 πιστεύσεις
1475 1489 1514 1518 ὅτι
1531 1489 1605 1518 ἔσται
1624 1489 1723 1528 γένεσις
1737 1490 1824 1519 πάντα

1061 1535 1222 1575 συνέχουσα·
1241 1535 1379 1564 πίστευσον
1404 1535 1443 1564 ὅτι
1464 1535 1538 1564 ἔσται
1556 1535 1663 1568 κόλασις
1682 1535 1726 1564 καὶ
1749 1537 1825 1574 βασι·

1060 1581 1118 1610 λεία
1129 1604 1136 1617 ,
1151 1581 1195 1609 καὶ
1216 1583 1244 1610 οὔ
1257 1580 1404 1613 πιστεύσεις
1420 1580 1460 1610 ὅτι
1474 1581 1529 1609 ἔστι
1543 1581 1658 1619 γένεσις,
1677 1581 1764 1619 τὸμὲν
1784 1583 1824 1620 ἐφ’

1060 1630 1124 1665 ἡμῖν
1139 1629 1281 1666 ἀναιροῦσα
1294 1649 1301 1661 ,
1326 1627 1510 1655 ὑποέάλλουσα
1530 1626 1556 1655 δὲ
1578 1629 1649 1665 ’ἡμᾶς
1660 1627 1762 1667 ἀνάγκῃ
1779 1628 1824 1656 καὶ

1062 1674 1115 1713 βίᾳ.
1135 1673 1182 1707 Μὴ
1196 1672 1320 1712 σπείρῃς,
1336 1672 1372 1711 μὴ
1388 1672 1533 1712 φυτεύσῃς,
1546 1673 1582 1711 μὴ
1598 1673 1758 1713 στρατεύσῃ,
1775 1686 1825 1712 μη-

1061 1719 1102 1748 δὲν
1116 1719 1184 1751 ὅλως
1204 1719 1302 1758 ἐργάσῃ
1314 1730 1320 1735 ·
1337 1718 1440 1750 πάντως
1463 1718 1514 1758 γὰρ
1535 1719 1580 1747 καὶ
1596 1718 1698 1752 ἑκόντος
1718 1730 1764 1748 σου
1780 1719 1825 1748 καὶ

268 1769 323 1798 cias
338 1781 344 1797 ι
361 1780 421 1807 quae
435 1768 506 1797 enim
527 1767 561 1796 ad
577 1768 694 1807 genesim
707 1775 837 1808 spectant,
859 1769 926 1798 velis
941 1769 1010 1799 nolis
1026 1774 1044 1798 c
1060 1767 1168 1798 ἄκοντος
1182 1765 1237 1801 ἥξει
1248 1765 1281 1793 τὰ
1294 1768 1341 1800 τῆς
1355 1764 1488 1803 γενέσεως.
1504 1765 1540 1794 Τί
1553 1768 1617 1803 ἡμῖν
1635 1766 1672 1794 δεῖ
1683 1766 1774 1795 λοιπὸν
1785 1767 1826 1795 εὐ-

269 1826 377 1854 prorsus
391 1814 522 1843 evenient.
539 1813 613 1848 Quid
635 1814 712 1842 nobis
734 1814 860 1854 deinceps
881 1826 949 1855 opus
971 1823 1009 1845 est

269 1862 418 1902 precibus?
434 1872 481 1890 cur
495 1871 557 1899 ergo
572 1861 614 1890 vis
629 1861 799 1891 Christianus
811 1873 875 1900 esse,
895 1863 917 1892 si
931 1874 1009 1902 gene-

270 1909 306 1936 sis
328 1907 386 1936 sit?
401 1917 453 1935 non
475 1906 545 1935 enim
569 1906 675 1935 crimini
698 1907 749 1936 eris
765 1907 906 1937 obnoxius.
932 1909 1009 1938 Unde

268 1954 359 1982 artes?
372 1964 405 1982 an
426 1963 460 1982 ex
474 1952 588 1992 genesi?
604 1952 706 1990 Etiam,
723 1953 822 1992 inquit,
845 1961 870 1983 et
892 1954 931 1983 illi
954 1956 1008 1984 sato

268 1999 434 2038 praefinitum
449 2005 497 2034 est,
512 2005 542 2027 ut
556 1999 603 2027 fiat
619 1999 725 2038 sapiens
739 2010 800 2028 cum
812 1999 958 2031 laboribus.
973 2002 1008 2030 At

269 2045 377 2074 ostende
391 2045 459 2073 mihi
473 2045 627 2084 quempiam
641 2045 687 2083 qui
699 2045 756 2074 sine
769 2046 859 2075 labore
870 2054 952 2076 artem
965 2047 1007 2075 di-

269 2091 383 2128 dicerit3
408 2101 503 2120 verum
525 2101 576 2119 non
606 2091 705 2130 poteris
733 2103 739 2119 τ
763 2092 801 2120 sic
824 2103 876 2121 non
898 2103 930 2121 ex
958 2103 1007 2132 ge-

270 2138 335 2176 nesi,
349 2138 397 2167 sed
418 2149 452 2167 ex
472 2137 610 2167 laboribus
631 2138 658 2166 id
673 2145 780 2178 partum
798 2146 846 2168 est.
866 2140 1007 2169 Undenam

270 2195 333 2223 ergo
355 2185 401 2213 ille
416 2185 550 2220 scelestus,
572 2185 669 2223 inquit,
685 2185 731 2223 qui
752 2196 767 2214 a
782 2193 855 2225 patre
870 2186 1008 2216 heredita-

271 2237 323 2259 tem
337 2240 388 2259 non
404 2230 516 2269 accepit,
530 2230 605 2259 dives
617 2237 706 2259 tamen
719 2238 773 2268 est3
788 2232 856 2261 alius
869 2243 932 2261 vero
949 2239 1009 2272 post

271 2276 422 2304 innumeros
432 2275 536 2304 labores
547 2282 585 2304 est
597 2276 718 2315 pauper?
733 2276 791 2305 hoec
804 2278 874 2306 enim
886 2278 1007 2316 frequen-

271 2327 309 2349 ter
323 2321 433 2360 agitant,
449 2321 538 2350 omnia
549 2320 583 2350 de
605 2321 708 2350 divitiis
730 2329 755 2350 et
771 2330 926 2362 paupertate
944 2335 1005 2352 mo·-

272 2373 372 2403 ventes‚
395 2366 462 2395 nihil
487 2373 575 2395 autem
599 2366 633 2396 de
648 2367 714 2396 vitio
739 2375 763 2396 et
778 2368 885 2397 virtute.
902 2371 1004 2399 Verum

271 2411 320 2439 hac
332 2411 365 2440 de
383 2423 411 2440 re
422 2414 478 2451 jam
491 2423 523 2441 ne
538 2413 654 2451 loquare,
671 2413 717 2442 sed
731 2414 839 2443 ostende
859 2426 890 2444 an
906 2416 1003 2455 aliquis

304 2501 313 2510 ⁸
335 2500 418 2533 [Forl-
434 2508 455 2527 ἐν
470 2508 565 2532 ἐκείνοις,
579 2504 670 2537 smil]

302 2547 312 2557 ε
329 2541 422 2564 eontra
436 2542 542 2573 genesim
554 2548 577 2566 ct
589 2542 667 2566 satum
676 2544 727 2575 jam
738 2553 800 2576 szepe
812 2544 1019 2577 Chrysostomum

1060 1815 1128 1852 χῶν;
1144 1812 1186 1841 διὰ
1197 1812 1223 1840 τί
1238 1808 1281 1840 οῧν
1294 1811 1375 1847 Θέλεις
1388 1812 1507 1849 γενέσθαι
1520 1812 1691 1851 Χριστιανὸς,
1712 1813 1734 1840 εἷ
1751 1812 1825 1850 γένε-

1061 1858 1100 1891 σίς
1116 1859 1204 1893 ἓστιν;
1222 1859 1250 1887 οὐ
1266 1856 1316 1896 γὰρ
1330 1857 1380 1886 ὑπὸ
1397 1857 1519 1895 ἔγκλημα
1532 1856 1589 1896 ἔσῃ.
1614 1857 1699 1885 Πόθεν
1718 1856 1824 1896 τέχναι;

1060 1904 1112 1933 ἀπὸ
1125 1903 1262 1942 γενέσεως,
1279 1915 1288 1932 ι
1297 1903 1345 1938 Γαἰ,
1363 1903 1444 1942 φησὶ,
1461 1902 1505 1931 καὶ
1519 1901 1642 1941 εἵμαρται
1653 1904 1690 1941 τῷ
1703 1903 1767 1931 δεῖνι
1780 1914 1824 1941 γε·

1059 1950 1148 1979 νέσθαι
1163 1951 1234 1988 σοφῷ
1256 1949 1322 1987 μετὰ
1335 1949 1429 1978 πόνων.
1443 1948 1495 1977 Καὶ
1514 1948 1594 1981 δεῖξόν
1610 1948 1654 1986 μοί
1669 1960 1728 1977 τινα
1740 1948 1823 1988 χωρὶς

1059 1999 1104 2025 τοῦ
1121 2000 1207 2024 πονεῖν
1222 1995 1338 2033 μαθόντα
1351 1994 1459 2034 τέχνην·
1474 1995 1530 2023 ἀλλ’
1544 1995 1591 2023 οὐκ
1604 1993 1634 2022 ἂν
1645 1993 1729 2033 ἔχοις·
1743 1994 1823 2027 οὕτως

1060 2043 1088 2070 οὗ
1100 2044 1146 2077 τῆς
1162 2040 1286 2080 γενέσεώς
1301 2042 1370 2069 ἔστιν
1386 2040 1453 2069 ἀλλὰ
1467 2042 1518 2068 τῶν
1533 2039 1628 2068 πόνων.
1647 2039 1733 2068 Πόθεν
1750 2035 1793 2069 οὖν
1809 2042 1823 2069 ὁ

1060 2089 1131 2116 δεῖνα
1145 2086 1266 2119 πλούσιός
1283 2087 1338 2115 ἐστι
1354 2085 1445 2125 μιαρὸς
1466 2085 1515 2121 ὧν,
1537 2085 1613 2124 φησὶ,
1632 2085 1677 2114 καὶ
1697 2086 1824 2124 πονηρὸς,

1060 2133 1133 2172 παρὰ
1147 2132 1245 2172 πατρὸς
1261 2132 1297 2170 μὴ
1311 2131 1447 2169 δεξάμενος
1466 2131 1513 2165 τὴν
1527 2130 1718 2169 κληρονομίαν·
1737 2131 1823 2170 ἕτερος

1061 2179 1086 2207 δὲ
1099 2178 1178 2218 μυρία
1193 2180 1297 2217 μοχθῶν
1307 2200 1315 2213 ,
1325 2177 1404 2210 πένης
1415 2176 1540 2215 ὑπάρχεις
1550 2179 1635 2205 ταῦτα
1647 2175 1698 2216 γὰρ
1709 2179 1825 2216 συνεχῶς

1061 2225 1220 2263 γυμνάζουσι
1234 2224 1321 2252 πάντα
1335 2222 1378 2251 ἐπὶ
1394 2222 1505 2251 πλούτου
1521 2223 1565 2251 καὶ
1577 2221 1668 2254 πενίας
1679 2224 1824 2258 κινοῦντες,

1061 2271 1132 2300 οὐδὲν
1148 2270 1190 2299 ἐπὶ
1205 2269 1297 2301 κακίας
1312 2268 1357 2297 καὶ
1371 2270 1474 2306 ἀρετῆς.
1489 2268 1557 2297 Ἀλλ’
1573 2269 1684 2297 ἐνταῦθα
1697 2267 1733 2305 μὴ
1749 2270 1825 2297 τοῦτο

1061 2316 1151 2355 εἴπῃς,
1173 2315 1240 2344 ἀλλὰ
1255 2314 1334 2347 δεῖξον
1351 2314 1375 2342 εἴ
1394 2326 1432 2346 τις
1449 2313 1527 2346 κακὸς
1541 2313 1642 2352 ἐγένετο
1655 2312 1805 2346 σπουδάζων
1815 2335 1824 2350 ‚

1061 2365 1086 2392 εἴ
1097 2377 1136 2397 τις
1154 2363 1248 2402 ἀγαθὸς
1263 2363 1400 2402 ῥᾳθυμῶν·
1423 2363 1446 2390 εἷ
1461 2362 1511 2401 γὰρ
1531 2362 1605 2400 ἰσχὺν
1621 2361 1676 2400 ἔχει
1695 2363 1712 2396 ἡ
1727 2363 1823 2400 εἱμαρ-

1061 2415 1126 2454 μένη
1136 2437 1144 2451 ,
1159 2415 1201 2443 ἐπὶ
1215 2416 1265 2442 τῶν
1280 2413 1409 2452 μεγίστων
1424 2412 1590 2442 ἐνδεικνύσθω
1606 2411 1653 2447 τὴν
1668 2410 1742 2451 ἰσχὺν
1756 2434 1764 2449 ,
1780 2412 1824 2440 ἐπὶ

1070 2505 1253 2530 declamantem
1268 2504 1384 2529 vidimus.

1104 2547 1117 2566 b
1136 2544 1211 2570 Seu-il.
1225 2543 1354 2577 legendum
1373 2549 1445 2576 putat.
1460 2542 1500 2566 liic
1515 2548 1538 2566 et
1551 2540 1625 2574 paulo
1640 2547 1695 2573 post
1714 2545 1748 2568 ὅτι
1762 2544 1816 2567 ἔπι.
