1887 2855
205 145 275 190 846
535 156 561 178 s.
594 155 732 177 somnis
759 154 940 176 cnnrsos'r.

204 218 232 247 Si
248 227 310 246 vero
323 217 376 244 lure
391 222 510 254 peecata,
526 226 584 252 quae
600 215 626 243 in
642 214 762 242 homines
775 214 853 247 fiunt,
868 214 890 242 si
911 214 937 241 in

204 264 291 291 Deum
317 262 394 293 liant.
422 261 507 289 multo
535 261 635 299 majora
663 270 718 288 esse
748 260 906 288 evincuntur
929 271 935 286 ε

203 315 301 346 quanto
314 307 410 345 magis,
424 305 531 344 quando
544 306 623 335 etiam
638 307 726 345 ipsum
739 312 875 344 peccatum
891 315 938 344 per

202 364 229 382 sc
240 353 326 391 majus
340 359 413 380 estet
425 352 553 390 gravius?
568 352 710 380 Examinet
720 351 780 389 quis
793 362 819 380 se
832 351 936 391 ipsum,

202 407 226 428 et
244 399 345 428 videbit
357 406 450 427 cuncta
464 410 491 427 sc
505 399 644 427 hominum
659 399 742 437 gratia
759 399 852 428 facere.
868 398 939 428 Val-

201 446 234 473 de
260 455 374 473 essemus
391 444 477 480 beati,
505 444 526 473 si
557 451 628 473 tanta
657 451 765 483 propter
779 445 865 473 Deum
879 455 938 483 age-

200 501 302 526 remus,
318 498 415 528 quanta
430 498 536 530 propter
551 491 683 527 homines,
709 498 734 520 et
756 499 864 531 propter
885 491 938 520 lio-

201 536 303 564 minum
320 536 542 566 existimationem
557 545 582 566 et
598 545 698 566 metum
713 545 738 566 et
752 538 888 567 honorem.
908 538 937 567 Si

199 583 283 620 igitur
298 589 335 611 tot
350 584 482 621 tantisque
496 584 593 613 debitis
614 595 706 613 sumus
727 585 866 619 obstricti,
885 585 936 613 de-

200 627 292 657 bemus
317 629 389 658 omni
415 630 550 658 alacritate
582 630 714 659 remittere
743 631 792 666 iis,
817 631 863 668 qui
891 641 937 659 nos

199 674 300 703 laedunt
320 682 345 703 et
367 675 519 714 decipiunt,
543 687 626 714 neque
647 677 750 715 injuriae
772 677 933 706 meminisse.

200 721 278 749 Ratio
299 721 370 750 enim
383 722 523 750 solutionis
546 730 713 761 peccatorum
734 734 784 751 non
800 723 937 752 laboribus

199 765 314 805 indiget,
340 777 424 804 neque
447 774 536 796 sumtu
561 769 747 807 pecuniarum,
771 779 856 806 neque
881 769 937 796 ullo

198 812 260 847 alio,
272 812 317 841 sed
334 813 518 842 tantummodo
533 813 615 842 animi
631 814 785 853 proposito;
803 825 857 844 non
871 825 937 853 opus

197 865 236 886 est
250 859 488 897 peregrinationem
509 860 655 898 suscipere,
681 870 732 888 non
756 861 782 889 in
798 860 878 888 aliam
895 871 935 888 re-

199 906 303 943 gionem
319 906 466 944 proficisci,
484 916 535 934 non
551 906 667 945 pericula
683 907 774 935 subire
789 918 872 946 neque
897 908 937 936 la-

198 950 290 986 bores,
307 951 352 979 sed
367 950 436 979 velle
451 958 563 979 tantum.

239 997 266 1024 5.
285 997 386 1033 Quam,
402 995 446 1024 dic
460 996 539 1033 milii,
552 998 659 1026 veniam
673 997 832 1028 habebimus
845 999 871 1027 in
888 999 935 1034 iis,

198 1052 257 1079 quae
278 1040 408 1070 videntur
421 1041 554 1077 difficilia,
570 1044 591 1071 si
606 1054 662 1072 rem
678 1044 764 1072 levem
783 1051 808 1073 et
831 1051 935 1073 tantum

198 1086 339 1116 habentem
354 1087 459 1116 lucrum
474 1095 498 1117 et
513 1096 613 1118 tantam
627 1089 779 1127 utilitatem,
793 1097 818 1119 et
830 1091 935 1119 nullum

197 1132 316 1162 laborem
325 1155 332 1168 ‚
344 1144 395 1162 non
407 1134 542 1164 facimus?
558 1137 617 1165 Non
632 1143 706 1176 potes
717 1137 857 1175 pecuniam
872 1147 935 1166 con·

198 1178 334 1206 temnere?
351 1189 402 1207 non
418 1187 491 1219 potes
506 1181 638 1209 insumere
653 1188 699 1210 tua
719 1182 746 1209 in
769 1191 864 1219 egenos
874 1181 888 1209 ἶ)
902 1182 936 1210 At

973 154 1126 178 Attcfflffl‘.

956 545 974 567 l)

197 1223 266 1252 velle
277 1234 328 1252 non
343 1231 415 1263 potes
430 1226 534 1264 aliquid
547 1226 610 1255 boni
621 1227 634 1255 Ξ)
647 1226 782 1255 remittere
797 1233 822 1255 te
835 1225 935 1255 laeden-
953 1233 971 1255 E

196 1270 216 1297 ti
231 1280 282 1298 non
295 1271 388 1309 potes?
403 1272 431 1300 Si
446 1272 517 1301 enim
529 1279 567 1301 tot
581 1273 713 1311 tantisque
723 1272 821 1301 debitis
833 1272 935 1301 obstri-

197 1322 255 1344 ctus
273 1326 325 1344 non
348 1327 425 1352 esses,
443 1317 489 1346 sed
509 1325 613 1346 tantum
629 1319 702 1347 Deus
716 1318 871 1357 praeciperet
889 1328 934 1347 re-

197 1361 312 1398 mittere,
328 1372 415 1391 nonne
427 1363 576 1392 faciendum
589 1364 675 1392 esset?
691 1375 761 1392 nunc
771 1370 859 1392 autem
873 1374 933 1392 cum

196 1408 277 1437 tantis
304 1409 447 1439 obstrictus
477 1410 521 1446 sis,
546 1421 597 1439 non
622 1411 736 1440 remittis
748 1433 755 1447 ,
776 1411 858 1449 idque
872 1421 933 1439 cum

196 1454 264 1482 scias
275 1476 282 1488 ‚
298 1461 324 1483 te
345 1462 448 1494 partem
470 1456 573 1496 reposci
597 1467 706 1492 eorum,
720 1467 779 1495 quae
796 1457 878 1485 habes
898 1456 933 1485 ab

195 1499 275 1538 ipso?
288 1500 318 1529 Si
337 1500 404 1529 forte
419 1511 466 1529 nos
485 1501 520 1530 ad
541 1509 662 1530 nostrum
676 1503 814 1531 veniamus
828 1502 933 1530 debito-

196 1555 253 1573 rem
263 1568 271 1581 ,
283 1545 329 1574 ille
343 1547 447 1585 cognito
460 1547 512 1576 hoc
521 1570 528 1583 ‚
545 1548 608 1576 colit
622 1559 670 1576 nos
682 1555 707 1576 et
720 1548 832 1587 suscipit
845 1554 870 1576 et
881 1548 931 1576 ho-

196 1597 272 1620 norat
286 1598 311 1620 et
325 1602 430 1621 omnem
446 1599 554 1632 praestat
568 1593 761 1622 humanitatem
773 1593 931 1631 largissime,

195 1637 277 1676 idque
290 1649 350 1666 cum
365 1650 379 1667 a
392 1639 491 1668 foenore
501 1649 552 1668 non
565 1639 730 1673 absolvatur,
740 1639 786 1668 sed
800 1640 871 1678 quod
885 1639 934 1667 mi-

195 1691 234 1713 tes
248 1695 295 1713 nos
310 1685 374 1714 velit
385 1685 495 1714 reddere
506 1687 532 1714 in
549 1685 691 1725 repetendo
705 1693 797 1714 mutuo
811 1697 817 1714 t
831 1693 859 1714 tu
871 1696 934 1714 vero

197 1740 258 1758 cum
272 1731 328 1759 Deo
342 1737 395 1759 tam
410 1731 495 1759 multa
507 1730 774 1771 debeas‚etjubearis
788 1731 931 1767 remittere,

196 1783 226 1804 ut
239 1777 294 1816 ipsc
308 1777 404 1806 iterum
418 1777 542 1816 accipias,
554 1788 606 1806 non
617 1778 749 1807 remittis?
760 1789 808 1806 cur
818 1777 934 1809 tandem,

1155 156 1217 180 CON
1222 158 1281 181 STA
1287 159 1303 180 N
1310 159 1339 181 'ri
1345 159 1407 182 NOP
1414 174 1421 181 .

992 214 1082 252 ὄψεται
1105 216 1190 245 πάντα
1205 218 1237 246 δι’
1257 219 1405 258 ἀνθρώπους
1422 222 1511 249 ποιῶν.
1525 220 1631 258 Σφόδρα
1647 219 1677 247 ἂν
1688 215 1754 257 ἦμεν

993 260 1131 300 μακάριοι,
1146 263 1167 290 εἷ
1181 265 1296 290 τοσαῦτα
1317 264 1359 293 διὰ
1373 264 1415 293 τὸν
1430 265 1497 294 Θεὸν
1519 265 1689 303 ἐπράττομεν,
1707 264 1755 293 δ’σα

993 305 1034 333 διὰ
1044 306 1101 339 τοὺς
1114 308 1278 348 ἀνθρώπους,
1292 308 1337 337 καὶ
1351 309 1398 344 τὴν
1409 310 1479 348 παρὰ
1490 313 1541 339 τῶν
1554 310 1696 349 ἀνθρώπιον
1713 309 1753 338 80'-

993 350 1037 384 Ξαν
1057 352 1101 380 καὶ
1119 352 1162 381 τὸν
1175 353 1253 393 φόὸον
1266 354 1311 382 καὶ
1333 354 1381 389 τὴν
1399 355 1489 392 τιμήν.
1512 357 1545 385 Εἰ
1564 356 1648 385 τοίνυν
1660 354 1753 384 τοσού-

992 409 1042 426 των
1066 399 1144 436 ἐσμὲν
1159 400 1294 429 ὑπεύθυνοι
1304 422 1311 435 ,
1327 400 1463 439 ὀφείλομεν
1478 400 1544 438 μετὰ
1554 402 1640 436 πσίσης
1656 404 1755 439 προθυ-

993 444 1054 481 μίας
1069 445 1172 484 ἀφιέναι
1192 449 1245 478 τοῖς
1268 446 1398 474 ἀδικοῦσιν
1411 447 1481 483 ἡμᾶς
1496 445 1540 474 καὶ
1553 448 1755 480 πλεονεκτοῦσι,

992 490 1036 518 καὶ
1050 490 1086 528 μὴ
1099 495 1277 529 μνησικακεῖν.
1289 491 1367 523 (Οδὸς
1381 491 1431 530 γάρ
1446 492 1502 519 ἐστι
1522 490 1619 523 λύσεως
1633 493 1753 530 ἁμαρτη-

993 537 1092 573 μάτων,
1103 539 1131 566 οὐ
1153 537 1238 566 πόνων
1255 536 1376 574 δεομένη,
1389 537 1447 565 οὐδὲ
1470 536 1588 571 δαπάνης
1600 537 1754 575 χρημάτων,

991 583 1048 611 οὐδὲ
1074 583 1153 612 ἄλλου
1173 583 1291 617 οὐδενὸς,
1312 583 1369 610 ἀλλ’
1390 583 1479 614 ἁπλῶς
1496 582 1686 621 προαιρέσεως·
1708 583 1755 611 οὐκ

991 628 1140 665 ἀποδημίαν
1153 628 1205 666 χρὴ
1221 628 1391 662 στείλασθαι,
1417 629 1463 656 οὐκ
1487 628 1522 660 εἷς
1546 626 1593 662 τὴν
1615 626 1754 665 ὑπερορίαν

991 675 1083 709 ἐλθεῖν,
1099 675 1126 702 οὐ
1142 673 1272 707 κινδύνους
1285 676 1430 709 ὑποστῆναι
1448 673 1492 703 καὶ
1506 673 1614 710 πόνους,
1630 672 1697 702 ἀλλὰ
1712 675 1755 702 θε-

991 721 1069 754 λῆσαι
1088 719 1174 757 μόνον.

1031 1011 1040 1021 ³
1054 1006 1151 1038 Ποίαν,
1174 1000 1233 1033 εἶπέ
1257 1019 1316 1044 μοι,
1342 1005 1498 1044 συγγνώμην
1527 1001 1617 1039 {Zona
1640 1003 1665 1032 ἐν
1691 1003 1745 1034 τοῖς

991 1053 1108 1082 δοκοῦσιν
1127 1050 1193 1083 εἶναι
1221 1055 1372 1089 δυσκόλοις,
1395 1054 1455 1083 ὅταν
1471 1053 1515 1082 καὶ
1531 1055 1623 1090 κοῦφον
1643 1054 1754 1088 πρᾶγμα

989 1100 1034 1128 καὶ
1064 1104 1184 1130 τοσοῦτον
1206 1101 1265 1141 ἔχον
1287 1101 1377 1140 κέρδος
1390 1100 1434 1130 καὶ
1459 1098 1590 1134 τοσαύτην
1615 1096 1670 1132 τὴν»
1681 1093 1751 1134 ὠφέ-

988 1146 1059 1175 λειαν
1071 1148 1115 1176 καὶ
1139 1147 1231 1176 οὐδένα
1254 1147 1341 1182 πόνον,
1358 1147 1394 1186 μὴ
1420 1147 1592 1186 πράττιι)μεν;
1607 1144 1647 1173 Οὔ
1672 1141 1754 1171 δύνα-

990 1203 1035 1221 σαι
1050 1194 1195 1232 χρημάτων
1210 1196 1420 1233 καταφρονῆσαι;
1431 1194 1459 1223 οὔ
1478 1192 1585 1222 δύνασαι
1607 1189 1757 1222 δαπανῆσαι

989 1238 1023 1267 τὰ
1036 1239 1097 1267 ὄντα
1110 1241 1145 1272 εἷς
1158 1239 1217 1272 τοὺς
1240 1239 1390 1278 δεομένους;
1415 1240 1536 1274 Θελῆσαι
1552 1238 1581 1266 οὐ
1603 1232 1714 1264 δύνασαί
1730 1244 1755 1260 τι

989 1283 1117 1324 ὴάγαθόη
1135 1287 1237 1325 ἀφεῖναι
1256 1288 1294 1325 τῷ
1308 1286 1446 1322 ἠδικηκότι
1463 1287 1491 1315 οὐ
1512 1284 1635 1317 δύνασαι;
1651 1281 1684 1309 Εἰ
1703 1278 1755 1318 γὰρ

990 1330 1026 1368 μὴ
1042 1330 1171 1360 τοσούτων
1183 1332 1320 1366 ὑπεύθυνος
1333 1328 1378 1368 ἧς,
1395 1332 1512 1362 ἐκέλευσε
1527 1330 1552 1359 δὲ
1569 1328 1644 1366 μόνον
1661 1328 1674 1354 ὃ
1688 1324 1754 1356 Θεὸς

989 1377 1109 1414 ἆφεῖναι,
1130 1379 1177 1407 οὐκ
1197 1379 1263 1414 ἔδει;
1285 1381 1329 1407 νῧν
1345 1378 1370 1407 δὲ
1394 1377 1525 1407 τοσούτων
1539 1374 1678 1404 ὑπεύθυνος
1702 1369 1754 1403 ὢν,

988 1423 1034 1450 Οὔκ
1048 1422 1141 1461 ἀφίης,
1157 1424 1296 1453 καὶταῦτα
1308 1423 1397 1458 εἰδὼς,
1417 1423 1457 1452 ὅτι
1472 1424 1515 1462 ἀφ’
1530 1417 1566 1450 ὧν
1581 1420 1649 1459 ἔχεις
1665 1417 1690 1450 ἐξ
1705 1417 1754 1444 αὗ-

988 1469 1033 1495 τοῧ
1041 1470 1141 1507 ἀπαιτῇ
1151 1481 1157 1504 ;
1167 1467 1212 1498 Ἂν
1225 1469 1271 1507 μὲν
1283 1465 1326 1499 οἷν
1335 1472 1410 1507 ἡμεῖς
1417 1469 1480 1509 παρ’
1489 1467 1624 1508 ὀφειλέτην
1636 1466 1751 1500 ἔλθωμεν

988 1511 1127 1553 ἡμέτερον,
1137 1516 1233 1547 ἐκεῖνος
1242 1515 1314 1548 εἰδὼς
1327 1518 1403 1544 τοῦτο
1412 1538 1419 1550 ,
1427 1513 1564 1554 θεραπεύει
1575 1512 1619 1541 καὶ
1629 1509 1756 1549 ὑποδέχε-

988 1568 1032 1586 ται
1042 1559 1086 1587 καὶ
1094 1565 1159 1600 τιμᾷ·
1168 1561 1212 1589 καὶ
1219 1565 1306 1590 πᾶσαν
1318 1560 1494 1589 ἐπιδείκνυται
1504 1559 1695 1599 φιλοφροσύνην
1709 1569 1754 1596 με·

988 1603 1021 1631 τὰ
1033 1604 1182 1643 δαψιλείας,
1191 1606 1235 1635 καὶ
1248 1610 1330 1635 ταῦτα
1338 1608 1383 1635 οὐκ
1395 1606 1446 1635 ἀπὸ
1453 1608 1497 1634 τοῦ
1510 1605 1680 1642 δανείσματος
1695 1604 1750 1632 δια-

988 1648 1112 1686 λυόμενος
1121 1673 1128 1685 ,
1144 1653 1201 1680 ἀλλ’
1211 1651 1324 1691 ἡμέρους
1337 1654 1406 1689 ἡμᾶς
1418 1651 1499 1680 θέλων
1510 1652 1676 1685 καταστῆσαι
1692 1649 1752 1689 περὶ

989 1693 1036 1728 τὴν
1049 1695 1190 1732 ἀπαίτησιν
1202 1709 1208 1714 ·
1228 1697 1259 1725 σὺ
1277 1696 1303 1726 δὲ
1316 1699 1353 1736 τῷ
1369 1698 1431 1737 Θεῷ
1445 1697 1553 1736 ὀφείλων
1568 1699 1695 1731 τοσαῦτα,
1708 1695 1753 1724 καὶ

989 1740 1157 1778 κελευόμενος
1169 1745 1282 1781 ἀφεῖναι,
1294 1743 1373 1771 πάλιν
1383 1742 1426 1771 ἵνα
1442 1742 1471 1771 σὺ
1485 1743 1584 1781 λᾶὅῃς,
1597 1743 1645 1771 οὐκ
1655 1743 1734 1780 ἀφίης
1746 1753 1752 1773 ;

989 1783 1015 1812 τί
1030 1785 1140 1822 δήποτε,
1149 1789 1311 1826 παρακαλῶ;
1323 1788 1418 1825 Οἴμοι,
1430 1787 1514 1824 πόσης
1526 1787 1572 1825 μὲν
1589 1787 1753 1825 ἀπολαύομεν

197 1823 307 1860 (111335οΡ
321 1823 372 1852 Hei
395 1823 461 1852 mihi
475 1846 480 1857 ι
499 1830 595 1861 quanta
617 1823 732 1852 sffllfflffl'
747 1823 911 1862 benignitate
925 1820 931 1851 Ῐ
944 1851 980 1870 778
991 1831 1201 1870 φιλανθρωπίας,
1214 1833 1298 1869 πόσην
1308 1833 1334 1862 δὲ
1348 1833 1547 1871 ἐπιδεικνύμεθα
1558 1834 1662 1867 κακίαν,
1674 1833 1754 1863 πόσον

198 1876 295 1907 quanta
310 1880 374 1898 vero
389 1880 436 1898 nos
457 1869 560 1897 utimur
573 1869 676 1897 malitia
687 1867 694 1898 l
706 1876 804 1907 quanto
821 1867 931 1897 somno!
954 1884 973 1904 A
991 1875 1079 1911 ὕπνον,
1093 1877 1177 1912 πόσην
1192 1878 1312 1913 moda„
1325 1881 1380 1911 πῶς
1389 1879 1493 1908 Ξῦχολον
1508 1882 1523 1915 ἦ
1540 1878 1618 1919 ἀρετὴ
1633 1879 1678 1908 καὶ
1691 1879 1755 1907 πολ-

197 1922 294 1953 quanta
315 1913 443 1954 segnitie!
455 1926 535 1953 quam
552 1915 638 1944 facilis
651 1922 690 1944 est
703 1915 789 1944 virtus
800 1938 807 1951 ,
822 1921 846 1943 et
861 1914 936 1943 mul-

198 1968 253 1990 tam
274 1962 354 1990 habet
378 1959 537 1990 utilitatem!
551 1972 630 1999 quam
653 1961 785 1990 laboriosa
811 1959 932 1989 malitia!

198 2017 245 2036 nos
257 2018 321 2037 vero
335 2019 390 2036 rem
402 2007 468 2036 adeo
482 2007 588 2036 facilem
603 2008 741 2046 fugientes,
755 2007 892 2045 sequimur
907 2006 935 2034 id

198 2054 270 2092 quod
282 2061 320 2083 est
334 2053 447 2093 plumbo
461 2054 579 2092 gravius.
592 2053 643 2082 Hic
657 2064 708 2083 non
723 2054 840 2093 corporis
853 2053 935 2082 robo—

198 2109 227 2127 re
243 2110 310 2139 opus
332 2106 386 2136 est,
399 2111 450 2128 non
465 2099 586 2135 divitiis,
601 2110 652 2128 non
672 2099 804 2139 pecuniis,
820 2110 871 2128 non
888 2110 936 2138 po-

198 2146 289 2181 tentia,
305 2156 356 2175 non
370 2146 503 2181 amicitia,
518 2156 570 2174 non
587 2145 639 2174 alia
655 2156 684 2174 re
699 2145 768 2181 ulla,
779 2145 823 2175 sed
837 2146 936 2175 sufficit

199 2190 284 2220 solum
307 2191 389 2226 velle,
408 2199 432 2221 et
454 2198 539 2220 totum
561 2191 684 2220 effectum
705 2198 754 2220 est.
771 2192 893 2221 Tristitia
910 2198 935 2220 te

199 2237 341 2275 quisquam
356 2243 380 2265 et
395 2237 492 2275 injuria
507 2243 532 2265 et
553 2236 659 2275 probris
672 2236 781 2265 affecit?
794 2244 821 2265 at
834 2237 933 2275 cogita,

200 2281 271 2318 quod
286 2288 311 2310 et
326 2288 353 2310 tu
369 2281 452 2310 multa
467 2281 529 2309 talia
543 2281 569 2309 in
584 2281 650 2309 alios
664 2280 801 2316 admittas,
814 2282 893 2310 etiam
908 2282 935 2311 in

232 2388 242 2399 ³
261 2379 346 2413 [lloc,
366 2383 465 2413 opinor,
489 2381 573 2407 dicere
592 2382 672 2408 voluit
692 2383 888 2417 Chrysostomus
908 2394 913 2408 τ
932 2386 951 2409 si

199 2420 253 2451 quis
263 2427 304 2447 ea.
316 2428 369 2451 quae
381 2420 448 2444 sactu
458 2427 515 2445 sunt
527 2420 658 2452 facillima,
670 2431 720 2447 non
729 2429 842 2455 praestet,
856 2423 952 2448 nullutn

200 2458 276 2481 xenia:
289 2457 369 2481 locum
383 2458 493 2483 iuvenire
506 2459 530 2483 iu
543 2460 572 2483 iis
581 2480 587 2490 ‚
600 2469 654 2492 quae
670 2460 785 2485 ridentur
797 2470 848 2486 esse
857 2461 950 2486 diflici-

198 2495 259 2520 liora
271 2515 277 2527 ,
297 2495 363 2529 quod
385 2498 405 2520 ci
427 2505 476 2521 nou
501 2498 605 2522 facultas
616 2520 620 2529 ,
641 2500 683 2523 sed
704 2499 820 2525 voluntas
843 2501 949 2526 defuisse

989 1921 1037 1956 λῆν
1050 1921 1109 1961 ἔχον
1123 1923 1263 1962 ὠφέλειαν;
1279 1926 1334 1956 πῶς
1358 1925 1468 1962 ἐργῶδες
1481 1926 1498 1959 ἡ
1513 1924 1606 1959 κακία;
1627 1926 1703 1962 ἡμεῖς
1728 1924 1755 1952 δὲ

990 1965 1019 1994 τὸ
1031 1966 1112 2000 οὕτως
1126 1968 1237 2007 ἐλαφρὸν
1255 1970 1430 2009 ἀποφυγόντες
1445 1969 1571 2007 διώκομεν
1584 1969 1613 1998 τὸ
1626 1969 1756 2007 μολύὸδου

993 2012 1142 2053 βαρύτερον.
1168 2013 1298 2043 Ἐνταῦθα
1322 2017 1351 2044 οὐ
1370 2014 1491 2053 σώματος
1504 2015 1590 2054 ἰσχύος
1613 2014 1690 2054 χρεία
1702 2037 1710 2050 ,
1726 2015 1754 2043 οὐ

992 2058 1119 2095 πλούτου,
1143 2061 1170 2088 οὐ
1195 2060 1352 2099 χρημάτων,
1376 2062 1404 2089 οὗ
1427 2060 1589 2096 δυναστείας,
1606 2063 1635 2090 οὔ
1649 2060 1735 2100 φιλίας
1747 2083 1754 2096 ,

993 2105 1040 2132 οὐκ
1061 2104 1140 2134 ἄλλου
1153 2105 1267 2142 οὐδενὸς,
1281 2107 1339 2134 ἀλλ’
1355 2107 1429 2145 ἀρκεῖ
1441 2107 1549 2140 θελῆσαι
1565 2106 1652 2144 μόνον,
1669 2105 1755 2135 καὶτὸ

992 2153 1044 2178 πᾶν
1055 2150 1174 2184 ἤνυσται,
1187 2150 1336 2187 Ἐλύπησεν
1352 2154 1365 2180 ὁ
1376 2153 1444 2181 δεῖνα
1459 2152 1503 2180 καὶ
1518 2151 1607 2190 ὕὲρισε
1621 2151 1666 2182 καὶ
1674 2151 1755 2181 ἔσκω-

992 2195 1053 2232 ψεν;
1067 2196 1125 2224 ἀλλ’
1148 2195 1284 2231 ἐννόησον,
1298 2196 1337 2225 ὅτι
1363 2196 1407 2224 καὶ
1431 2196 1462 2225 σὺ
1480 2196 1565 2225 πολλὰ
1589 2200 1698 2226 τοιαῦτα
1719 2198 1755 2229 εἷς

991 2237 1092 2277 ἑτέρους
1110 2244 1207 2275 ποιεῖς,
1231 2240 1277 2268 καὶ
1302 2240 1336 2272 εἷς
1359 2240 1436 2268 αὐτὸν
1458 2239 1501 2268 τὸν
1527 2239 1673 2276 Δεσπότην,
1710 2239 1782 2268 καὶΜ

992 2281 1049 2314 ἄνες
1062 2282 1106 2310 καὶ
1133 2282 1318 2322 συγχώρησον·
1345 2283 1473 2318 ἐννόησον,
1497 2283 1538 2313 ὅτι
1562 2282 1751 2322 λέγεις-Ἄφες

1000 2384 1124 2410 videatur.
1135 2385 1226 2419 num]

1035 2426 1048 2444 b
1067 2423 1154 2457 [Colb.
1171 2429 1264 2457 ἀγαθὸν,
1275 2428 1303 2454 ὡς
1317 2428 1398 2456 λέγεις,
1412 2427 1590 2460 ὃιαπράξκσθαιῇ
1609 2429 1648 2452 κᾶν
1658 2431 1689 2458 τῷ
1706 2427 1752 2454 ἠδι-

1001 2469 1076 2493 κηκότι
1086 2468 1172 2496 εὶς-εῖναι
1181 2467 1205 2489 οὐ
1218 2466 1322 2495 'fibrarum
1337 2465 1342 2494 l

1761 349 1783 366 115
