1893 2860
233 149 302 183 610

233 223 290 260 ejus
303 232 366 249 cura
379 230 410 248 ac
425 217 577 247 sollicitudo
592 218 619 246 in
631 217 682 246 hoe
694 224 824 254 versatur,
835 218 907 246 Num
916 216 972 244 lioec

235 273 281 294 aut
295 266 340 294 illa
356 264 444 293 viditIl
460 273 525 291 1111111
539 269 577 291 est
589 261 740 291 admirata?
751 273 815 291 num
830 269 899 291 recte
913 271 972 290 sum

235 318 326 339 ornata
340 310 352 337 .⁹
365 310 457 346 Neque
471 308 540 337 circa
553 308 603 336 hoc
619 308 707 336 50111111
721 307 801 337 habet
812 306 974 337 sollicitudi-

235 366 306 391 nem,
321 355 366 384 sed
386 355 465 383 etiam
480 360 509 382 ut
523 364 574 382 uon
588 360 741 393 putrescant
759 361 854 391 vestes,
871 360 901 382 ut
920 362 973 381 non

233 402 453 440 disrumpantur:
466 407 492 428 et
513 407 566 428 tota
588 400 645 438 ejus
660 399 687 428 in
698 400 750 428 hoc
766 399 885 428 consistit
900 409 972 428 cura.

234 447 366 475 Similiter
379 447 421 475 vir
437 456 542 484 quoque
563 444 640 474 dives
660 445 810 484 ingreditur
822 456 849 474 se
861 444 972 485 pauperi

233 498 412 520 ostentaturus
423 513 431 528 ‚
444 498 468 520 et
483 492 506 520 ci
523 491 644 519 timorem
659 491 814 520 incussurus
834 502 881 530 per
900 490 971 519 ami-

233 545 306 566 ctum
318 538 441 573 vestium,
456 537 529 575 quod
544 537 642 566 multos
659 537 755 566 habeat
769 548 874 577 pueros.
896 538 972 566 Stant

233 591 322 612 autem
335 584 375 612 illi
390 584 498 612 turbam
517 590 635 612 arcentes
649 590 673 612 ct
688 583 832 622 abigentes.
851 583 901 612 Ille
924 594 971 611 au-

234 636 287 659 tctu
302 641 355 669 proe
369 629 452 659 nimio
466 630 536 658 fastu
550 640 582 657 ne
599 629 649 658 hoc
665 628 773 667 quidem
787 629 916 667 dignatur
930 629 970 657 sa-

234 686 303 712 cci-e,
312 675 358 704 sed
369 686 426 704 eam
441 686 499 704 rem
510 675 558 703 scit
568 685 623 703 esse
635 674 701 704 adeo
712 674 852 713 indiguam
866 675 973 703 homine

234 721 336 758 libero,
361 728 392 749 ut
424 720 486 749 licet
508 721 542 748 sit
570 719 650 749 valde
673 719 790 748 tumidus
819 727 844 749 et
870 721 956 748 elatus
966 742 973 755 ,

235 777 287 795 non
305 767 434 796 sustineat
448 777 505 795 eam
526 767 622 803 facere,
638 767 684 795 sed
697 766 803 794 mandet
817 766 913 795 servis:
924 766 974 794 hoc

235 813 306 842 enim
327 814 411 841 facere
433 819 471 840 est
498 812 577 851 plane
597 811 694 840 servile
708 822 866 849 morumque
881 811 973 850 inipu-

235 858 365 887 dentium.
388 857 491 886 Deinde
509 857 643 886 sedentem
671 857 760 885 statim
775 857 892 886 subeunt
906 868 974 886 cura:

234 904 386 933 domesticae
407 903 540 931 trahentes
557 903 583 930 in
600 913 705 930 omnem
720 909 839 941 partem,
861 902 975 931 circum-

234 950 294 977 ssuit
318 950 401 977 fastus
427 948 474 985 qui
499 947 603 976 obsidet
626 947 743 975 animam
756 959 764 983 ;
788 947 923 976 existimat
949 959 976 977 se

233 994 378 1033 gratificari
394 1001 419 1022 et
437 993 513 1021 nobis
528 1000 553 1021 et
566 992 685 1032 populo,
708 999 733 1021 01
754 993 874 1021 fortassis
895 993 974 1022 etiam

234 1042 302 1077 Deo,
330 1039 400 1078 quod
418 1039 523 1067 intrarit
550 1040 577 1067 in
601 1038 713 1067 domum
736 1038 794 1067 Dei.
807 1038 862 1073 Qui
885 1045 974 1068 autem

233 1087 298 1115 adeo
312 1093 350 1115 est
370 1085 487 1123 inflatus,
505 1084 639 1123 quomodo
654 1084 750 1124 poterit
772 1094 898 1122 umquam
928 1095 974 1113 cu-

234 1132 288 1160 rari
302 1132 315 1160 ἶ)

273 1179 299 1206 lo.
324 1179 375 1207 Dic
390 1189 489 1216 quaeso,
511 1178 533 1206 si
558 1177 619 1216 quis
634 1177 773 1206 accesserit
798 1177 825 1206 in
839 1177 975 1207 officinam

233 1224 347 1261 medici,
359 1230 383 1252 et
397 1235 412 1252 a
427 1223 531 1252 medico
546 1223 660 1262 gratiam
676 1233 729 1252 non
744 1230 835 1263 petat,
853 1223 901 1252 sed.
915 1224 975 1253 cxi-

233 1270 322 1299 stimet
337 1281 363 1298 se
379 1270 401 1298 ei
420 1269 579 1308 gratificari,
598 1276 625 1298 et
640 1269 748 1297 mittens
765 1270 901 1308 postulare
914 1281 971 1298 me-

233 1316 413 1344 dieamenuun
425 1314 530 1343 vulneri
543 1313 897 1354 applicandum70ccupetur
905 1315 975 1344 circa

235 1369 319 1391 vestes
333 1375 341 1399 ;
355 1361 493 1399 aliquidne
521 1361 585 1389 boni
610 1360 722 1400 adeptus
742 1362 901 1390 recesserit?
916 1363 976 1391 Non

234 1418 295 1436 sane
309 1407 434 1435 arbitror.
450 1406 556 1435 Horum
571 1413 659 1434 autem
671 1407 792 1434 omnium
803 1417 911 1436 causam
933 1407 978 1435 di-

235 1463 302 1490 cam,
313 1452 336 1480 si
346 1451 437 1481 vultis.
447 1451 613 1481 Existimant
624 1462 651 1480 se
662 1451 696 1480 ad
707 1462 753 1480 nos
764 1452 862 1481 intrare
870 1452 978 1490 quando

235 1498 290 1526 hue
315 1498 430 1535 intrant3
448 1497 602 1525 existimant
620 1507 647 1526 se
669 1508 683 1525 a
706 1497 783 1525 nobis
804 1497 897 1526 audire
918 1509 977 1536 quae

235 1543 363 1579 audiunt3
379 1553 432 1571 non
456 1542 609 1577 attendunt,
632 1553 685 1570 non
704 1542 821 1581 cogitant
845 1543 918 1581 quod
943 1543 977 1572 ad

235 1590 323 1618 Deum
337 1587 537 1627 ingrediuntur,
557 1587 629 1625 quod
643 1587 700 1626 ipse
714 1598 776 1616 cum
790 1587 826 1616 cis
842 1587 977 1626 loquitur.

238 1634 354 1671 Quando
373 1633 443 1662 enim
457 1633 539 1661 lector
554 1643 616 1661 cum
630 1633 778 1661 surrexerit
800 1633 877 1668 dicit,
906 1636 978 1663 Jloec
994 1650 1012 1673 Ε

238 1681 309 1708 dicit
325 1680 481 1715 Dominus,
493 1685 558 1713 etc.,
582 1685 607 1706 et
630 1685 703 1707 stans
723 1678 852 1707 diaconus
874 1679 979 1709 silentio

239 1727 341 1755 indicto
355 1726 479 1755 omnibns
500 1736 529 1754 os
548 1725 674 1762 obstruit,
690 1736 742 1754 non
752 1726 843 1755 lectori
851 1727 979 1756 honorem

241 1771 341 1799 liabens
358 1771 408 1798 hoc
422 1769 495 1806 facit,
511 1770 558 1798 sed
569 1770 591 1798 ei
604 1769 650 1807 qui
666 1780 713 1808 per
727 1770 806 1798 illum
818 1781 879 1799 011111
889 1772 980 1800 0111111-

244 1816 295 1845 bus
311 1816 439 1854 loquitur.
455 1815 484 1843 Si
510 1815 608 1843 scirent
623 1815 694 1852 quod
717 1815 751 1843 sit
769 1816 841 1844 Deus
862 1816 909 1854 qui
926 1817 983 1846 liaec

246 1862 313 1890 dicit
328 1872 375 1901 per
396 1861 565 1900 prophetam,
579 1871 685 1889 omnem
709 1861 807 1889 fastum
828 1862 984 1900 abjicerent.

243 1909 311 1936 Nam
325 1908 346 1936 si
358 1907 530 1944 loquentibus
545 1917 607 1934 cum
633 1906 670 1935 eis
692 1907 892 1946 magistratibus
903 1930 911 1943 ‚
931 1919 983 1938 non

242 1953 373 1983 sustinent
388 1953 452 1981 foris
466 1952 565 1980 habere
577 1952 697 1980 animum
706 1975 714 1991 ‚
731 1954 816 1982 multo
829 1954 914 1993 magis
927 1956 984 1984 Deo

242 2001 375 2038 loquente.
391 2000 445 2028 Nos
459 1998 575 2027 ministri
589 2009 683 2027 sumus
693 2022 701 2037 ,
714 2009 730 2028 o
744 1998 835 2028 dilecti
851 2012 857 2028 :
872 2011 919 2029 nos
930 2012 983 2030 non

244 2054 333 2074 nostra
347 2045 473 2079 dicimus,
491 2044 538 2072 sed
552 2055 610 2082 quae
628 2051 689 2072 sunt
704 2044 754 2073 Dei
771 2057 777 2072 x
790 2055 804 2073 0
815 2045 878 2074 caelo
894 2047 983 2084 quoti·
1002 2056 1017 2078 F

244 2091 289 2120 d-ie
298 2091 433 2121 venientes
443 2089 569 2127 leguntur
578 2089 706 2128 epistolae.
722 2089 771 2118 Dic
781 2097 871 2125 autem
881 2102 982 2130 quaeso,

247 2138 269 2166 si
285 2137 420 2176 quispiam
439 2136 506 2164 dum
518 2146 608 2164 omnes
628 2146 675 2164 nos
693 2135 835 2175 adsumus,
853 2138 988 2177 ingressus

245 2190 311 2212 esset
331 2193 424 2211 zonam
439 2181 540 2210 habens
553 2191 674 2216 auream,
698 2188 836 2220 erectaque
860 2183 962 2213 cervice
975 2206 982 2220 ‚

245 2229 410 2269 superbeque
424 2226 547 2256 incedens
561 2233 585 2255 et
598 2238 624 2256 se
635 2227 756 2264 efferens,
772 2227 872 2258 diceret
889 2240 916 2258 se
929 2240 985 2259 esse.

248 2352 355 2377 ποιεῖται,
379 2349 441 2372 ἀλλ’.
461 2347 558 2371 Locum
579 2347 772 2379 transpositione.
793 2356 880 2373 sanare
896 2355 1002 2374 conatus

247 2392 300 2410 erut
313 2386 438 2415 Ualesius,
459 2386 502 2409 sed
523 2386 594 2419 longe
606 2386 704 2411 facilior
724 2393 789 2412 esset
811 2388 908 2412 medela
921 2398 998 2413 unum

247 2429 284 2449 mi
296 2430 352 2448 :inte
366 2428 420 2450 42:12
437 2424 593 2456 supplendo:
610 2434 668 2450 nam
682 2426 749 2458 quod
763 2433 819 2459 post
833 2431 888 2455 ὥστε
899 2427 996 2461 legitur7

247 2462 388 2487 addidimus
401 2472 428 2487 ex
442 2464 529 2495 Com]

568 158 597 180 S.
625 157 763 180 JOANNts
789 156 970 178 cnanos‘T.
999 156 1154 179 ARCfflt-:p-
1181 157 1447 181 CONSTANTINOP-

1024 216 1083 245 τίδα
1097 222 1226 251 ποιεῖται,
1241 219 1298 246 ἀλλ’
1313 218 1380 247 ὥστε
1393 218 1437 247 καὶ
1452 217 1488 256 μὴ
1501 220 1617 253 σαπ’ἧναι
1631 217 1665 246 τὰ
1679 215 1788 254 ἱμάτια,

1026 261 1094 290 ὥστε
1110 261 1147 300 μὴ
1160 263 1342 302 διαρῥαγῆναι,
1354 264 1398 292 καὶ
1411 269 1483 293 πᾶσα
1493 266 1509 298 ἡ
1522 264 1623 302 φροντὶς
1634 262 1694 302 περὶ
1705 265 1790 290 τοῦτο.

1026 307 1143 345 (Ομοίως
1161 308 1205 336 καὶ
1219 310 1232 336 6
1246 310 1363 337 πλουτῶν
1378 310 1444 349 ἀνὴρ
1464 310 1609 349 εἰσέρχεται
1630 309 1717 341 δείξων
1732 309 1791 336 ἑαυ-

1026 354 1070 382 τὸν
1092 355 1130 393 τῷ
1150 355 1258 390 πένητι,
1279 354 1324 382 καὶ
1344 356 1380 386 εἷς
1403 355 1480 393 φόὸον
1495 355 1667 390 καταστήσων
1681 353 1724 382 διὰ
1743 354 1791 387 τῆς

1026 399 1168 438 περιὸολῆς
1186 400 1237 427 τῶν
1257 399 1381 436 ἱματίων,
1406 399 1448 428 διὰ
1466 403 1510 428 τοῦ
1530 401 1625 433 παῖδας
1640 400 1709 438 ἔχειν
1724 399 1790 427 πολ-

1026 446 1086 478 λούς
1098 457 1104 463 ·
1120 444 1186 474 ι’καὶ
1207 445 1405 483 παρεστήκασιν
1427 446 1623 478 ἀποσοὸοῧντες.
1639 445 1673 474 Ὁ
1687 444 1715 473 δὲ
1736 442 1789 472 ἀπὸ

1025 492 1123 519 πολλοῦ
1136 489 1215 529 τύφου
1233 489 1292 518 οὐδὲ
1309 492 1384 518 τοῦτο
1397 489 1515 522 καταξιοῖ
1527 494 1620 524 ποιεῖν,
1633 491 1690 518 ἀλλ’
1708 488 1790 519 οὕτως

1026 532 1091 565 οἶδεν
1105 536 1208 569 ἀνάξιον
1221 536 1248 565 ὂν
1262 535 1394 574 ἐλευθέρου
1405 535 1434 564 τὸ
1445 534 1528 575 ἔργον,
1541 535 1581 563 ὅτι
1593 535 1678 563 καίτοι
1691 534 1789 573 σφόδρα

1025 582 1206 621 τετυφωμένος
1226 583 1273 611 οὐκ
1296 581 1419 620 ἀνέχεται
1438 584 1514 610 τοῦτο
1535 584 1632 617 ποιεῖν,
1648 580 1715 609 ἀλλὰ
1735 583 1790 612 τοῖς

1027 627 1125 660 δούλοις
1147 627 1282 666 ἐπιτρέπει
1303 631 1357 658 τοῖς
1381 626 1531 658 ἀκολούθοις
1552 637 1558 643 ·

1025 677 1108 702 ποιεῖν
1121 673 1237 701 δουλικὸν
1258 672 1337 705 ὅντως
1348 672 1392 700 καὶ
1413 673 1515 709 ἷταμῶν
1532 672 1611 706 ἠθῶν.
1627 666 1695 700 Εἶτα
1708 670 1789 705 καθή-

1028 730 1103 756 μενον
1118 718 1211 751 εὐθέως
1225 718 1423 757 ἐπεισέρχονται
1439 719 1466 746 αἱ
1488 719 1535 752 τῆς
1556 716 1638 749 οἰκίας
1658 715 1791 755 φροντίδες

1027 764 1215 803 περισύρουσαι
1230 766 1376 802 πανταχοῦ,
1392 765 1405 791 6
1419 766 1495 801 τῦφος
1510 764 1523 791 6
1537 762 1657 801 κατέχων
1669 760 1717 796 τὴν
1737 761 1790 800 ψυ-

1027 809 1077 848 χὴν
1099 811 1231 848 περιρῤεῖ·
1245 808 1344 847 νομίζει
1359 808 1511 848 χαρίζεσθαι
1531 807 1575 836 καὶ
1591 809 1670 844 ἡμῖν,
1690 806 1735 835 καὶ
1753 807 1791 844 τῷ

1028 856 1097 893 λαῷ,
1110 855 1181 893 τάχα
1199 854 1226 883 δὲ
1243 855 1287 882 καὶ
1301 856 1339 893 τῷ
1353 856 1413 893 Θεῷ
1422 876 1429 889 ,
1453 853 1492 881 ὅτι
1512 854 1629 887 εἰσῆλθεν
1642 854 1678 884 εἷς
1690 851 1732 880 τὸν
1745 853 1790 879 τοῦ

1028 902 1098 929 Θεοῦ
1112 896 1190 929 οἷκον.
1203 899 1236 928 Ὁ
1252 899 1278 927 δὲ
1294 899 1361 928 οὕτω
1381 898 1563 937 φλεγμαίνων,
1576 899 1632 930 πῶς
1653 897 1792 932 δυνήσεται

1029 945 1219 986 Θεραπευῡῆναί
1235 956 1316 980 ποτε;

1584 625 1614 653 τὸ
1634 625 1686 664 γὰρ
1714 627 1790 654 τοῦτο

1070 1180 1136 1210 Εἰπὲ
1151 1180 1182 1215 δή
1205 1191 1248 1218 μοι
1259 1200 1266 1214 ,
1280 1179 1304 1207 εἴ
1319 1190 1358 1211 τις
1370 1180 1405 1212 εἷς
1420 1180 1531 1216 ἰατρεῖον
1546 1176 1736 1216 παραγένοιτο,
1749 1174 1794 1204 καὶ

1031 1227 1067 1266 μὴ
1082 1227 1161 1266 χάριν
1175 1227 1262 1254 (αἰτεῖ
1276 1225 1319 1253 τὸν
1335 1224 1434 1263 ἰατρὸν,
1446 1223 1514 1252 ἀλλὰ
1527 1222 1626 1260 νομίζει
1641 1221 1795 1261 χαρίζεσθαι

1029 1274 1131 1313 ἐκείνῳ,
1145 1272 1190 1301 καὶ
1205 1271 1278 1311 ἀφεὶς
1291 1271 1430 1310 φάρμακον
1446 1272 1553 1304 αἰτῆσαι
1569 1268 1613 1297 ε’πὶ
1626 1268 1656 1297 τὸ
1670 1270 1776 1308 τραῦμα
1786 1288 1794 1301 ,

1030 1320 1090 1358 περὶ
1101 1319 1195 1357 ἱμάτια
1210 1319 1366 1356 ἀσχολοῖτο,
1378 1313 1429 1356 ἀρα
1444 1315 1552 1345 ἀπέλθοι
1566 1327 1592 1344 τι
1608 1314 1638 1342 ἃν
1653 1316 1666 1342 6
1679 1316 1795 1344 τοιοῦτος

1029 1365 1117 1395 Meam
1134 1363 1244 1402 ἀγαθόν;
1256 1365 1314 1392 Οὐκ
1328 1362 1410 1401 ἔγωγε
1430 1358 1513 1399 οἶμαι.
1528 1361 1567 1390 Τὸ
1589 1360 1615 1389 δὲ
1635 1359 1718 1388 αἴτιον
1731 1357 1795 1387 τού-

1029 1423 1081 1440 των
1097 1410 1228 1444 ἁπάντων,
1242 1410 1263 1437 εἷ
1276 1408 1398 1447 βούλεσθε
1407 1430 1414 1443 ,
1426 1409 1489 1446 ἐρῶ·
1501 1406 1635 1444 νομίζουσι
1647 1405 1711 1445 πρὸς
1724 1407 1796 1442 ἡμᾶς

1031 1456 1149 1489 εἰσιέναι,
1159 1455 1219 1483 ὅταν
1235 1454 1349 1483 εἷσίωσιν
1361 1454 1485 1481 ἐνταῦθα·
1499 1451 1630 1490 νομίζουσι
1641 1452 1703 1490 παρ’
1719 1452 1796 1488 ἡμῶν

1030 1502 1132 1532 ἀκούειν
1149 1502 1216 1542 ἅπερ
1231 1500 1368 1529 ἀκούουσιν
1379 1511 1384 1516 ·
1399 1501 1427 1528 οὒ
1440 1498 1623 1538 προσέχουσιν,
1635 1499 1682 1526 οὐκ
1694 1498 1796 1526 ἐννοοῦ-

1030 1561 1070 1578 σιν
1085 1548 1125 1576 ὅτι
1139 1548 1204 1587 πρὸς
1219 1547 1263 1575 τὸν
1280 1546 1347 1574 Θεὸν
1366 1544 1544 1584 εἰσέρχονται,
1559 1543 1599 1572 ὅτι
1620 1543 1697 1576 αὐτὸς
1712 1544 1796 1575 αὐτοῖς

1031 1594 1186 1632 διαλέγεται.
1199 1592 1285 1621 ’Όταν
1298 1591 1348 1630 γὰρ
1361 1590 1474 1623 ἀναστὰς
1488 1592 1501 1618 6
1516 1587 1702 1627 ἀναγινώσκων
1712 1587 1776 1628 λέγῃ
1788 1610 1796 1623 ,

1031 1640 1092 1669 τάδε
1114 1639 1186 1676 λέγει
1201 1638 1309 1677 Κύριος,
1324 1637 1369 1665 καὶ
1384 1639 1397 1665 6
1412 1635 1530 1668 διάκονος
1545 1634 1626 1667 ἑστὼς
1641 1633 1796 1672 ἐπιστομίζῃ

1031 1686 1130 1717 πάντας
1139 1708 1146 1720 ,
1158 1686 1186 1713 οὗ
1201 1686 1239 1723 τῷ
1252 1684 1457 1721 ἀναγινώσκοντι
1472 1681 1551 1719 τιμὴν
1563 1682 1645 1709 ποιῶν
1659 1679 1736 1709 τοῦτό
1748 1691 1798 1719 φη-

1032 1744 1082 1765 σιν,
1098 1730 1165 1759 ἀλλὰ
1181 1732 1218 1769 τῷ
1232 1731 1264 1757 δι’
1282 1729 1381 1758 ἐκείνου
1403 1733 1469 1756 πᾶσι
1483 1726 1669 1765 διαλεγομένῳ.
1689 1727 1723 1754 Εἰ
1738 1725 1799 1763 ᾔδε-

1034 1789 1081 1806 σαν
1103 1777 1142 1805 ὅτι
1165 1776 1232 1808 Θεὸς
1247 1771 1278 1810 ἦν
1294 1777 1307 1803 6
1321 1776 1404 1802 ταῦτα
1417 1773 1499 1812 λέγων
1515 1772 1557 1800 διὰ
1577 1775 1622 1800 τοῦ
1645 1771 1778 1811 προφήτου
1790 1793 1798 1807 ‚

1035 1823 1124 1852 πάντα
1147 1822 1177 1849 ἂν
1198 1821 1241 1849 τὸν
1257 1823 1335 1858 τῦφον
1350 1819 1469 1858 ἔρριψαν.
1486 1819 1519 1847 Εἰ
1536 1817 1586 1857 γὰρ
1601 1817 1734 1855 ἀρχόντων
1750 1817 1800 1845 αὖ-

1036 1872 1089 1900 τοῖς
1101 1866 1291 1905 διαλεγομένων
1304 1867 1350 1893 οὐκ
1364 1865 1502 1903 ἀνέχονται
1516 1863 1564 1896 ἔξω
1576 1861 1725 1900 προσέχειν,
1736 1863 1800 1890 πολ-

1037 1915 1075 1953 λῷ
1095 1914 1194 1951 μᾶλλον
1210 1914 1254 1940 τοῦ
1277 1912 1355 1939 Θεοῦ.
1370 1910 1464 1947 ζΗμεῖς
1478 1908 1606 1947 ὑπηρέται
1627 1906 1716 1944 ἐσμὲν,
1730 1909 1800 1945 ἀγα-

1036 1958 1130 1994 πητοί·
1144 1961 1221 1995 ἡμεῖς
1243 1959 1271 1986 οὗ
1294 1956 1327 1985 τὰ
1346 1955 1463 1994 ἡμέτερα
1480 1954 1601 1992 λέγομεν,
1616 1953 1683 1981 ἀλλὰ
1702 1952 1736 1981 τὰ
1755 1954 1800 1981 τοῦ

1037 2006 1121 2033 Θεοῦ·
1133 2003 1270 2032 ἐπιστολαὶ
1285 2003 1341 2031 καθ’
1356 2001 1469 2035 ἑκάστην
1479 1999 1582 2038 ἡμέραν
1597 1998 1649 2027 ἀπὸ
1665 1999 1709 2026 τοῦ
1723 1998 1801 2036 οὖρα-

1036 2052 1079 2077 νοῧ
1093 2047 1204 2082 ἥκουσαι
1216 2045 1448 2085 ἀναγινώσκονται.
1457 2044 1524 2073 Εἰπὲ
1536 2043 1566 2078 δή
1581 2042 1803 2081 μοι,παρακαλῶ,

1038 2095 1060 2123 εἴ
1081 2106 1120 2126 τις
1136 2094 1196 2132 ἄρτι
1215 2092 1351 2133 παρόντων
1373 2093 1449 2129 ἡμῶν
1470 2090 1574 2119 πάντων
1597 2089 1714 2122 εἷσῆλθεν
1733 2087 1801 2126 ἔχων

1037 2140 1120 2175 ζώνην
1136 2141 1246 2178 χρυσῆν,
1271 2137 1317 2167 καὶ
1344 2135 1534 2174 ἀνατεταμένος
1552 2133 1596 2162 καὶ
1617 2133 1701 2162 σοὸὦν
1724 2132 1804 2171 ἔφησε

1037 2186 1189 2224 πεμφθῆναι
1203 2183 1276 2222 παρὰ
1290 2186 1335 2212 τοῦ
1352 2182 1480 2221 βασιλέως
1501 2183 1546 2209 τοῦ
1569 2180 1612 2209 ἐπὶ
1623 2182 1670 2214 τῆς
1680 2180 1744 2215 γῆς,
1758 2177 1803 2206 καὶ

1038 2231 1102 2269 πρὸς
1115 2230 1163 2266 τὴν
1178 2229 1254 2259 πόλιν
1269 2229 1373 2257 ἅπασαν
1386 2227 1433 2263 τὴν
1453 2226 1593 2262 ἐπιστολὴν
1614 2224 1729 2263 κομίζειν
1743 2223 1804 2262 περί

1084 2351 1096 2369 b
1115 2350 1203 2382 [Fort.
1229 2353 1249 2375 οἱ
1261 2360 1317 2383 παρ.
1331 2347 1407 2373 Savil.
1422 2346 1581 2372 Colbertinus
1594 2346 1629 2370 sic
1648 2344 1733 2376 habet,
1747 2349 1804 2372 πο)-

1051 2392 1114 2417 2003·
1128 2392 1164 2415 διὰ
1176 2394 1215 2414 τοῦ
1225 2391 1341 2415 ἀποοοέεῖν
1358 2394 1506 2421 παρεστῶτας
1525 2388 1575 2414 τοὺς
1592 2390 1736 2419 προσιᾰντας,
1753 2387 1802 2410 οὐδὲ

1050 2432 1115 2454 τοῦτο
1124 2430 1189 2456 αὐτὸς
1198 2433 1267 2453 ποιεῖν
1275 2431 1319 2452 ἀπὸ
1328 2429 1410 2451 πολλοῦ
1419 2428 1486 2459 τύφου
1496 2427 1613 2454 καταξιῶν·
1624 2426 1691 2452 οὕτως
1702 2425 1765 2449 οἶδεν.
1773 2423 1802 2454 ]

1085 2475 1094 2485 ι·
1113 2467 1200 2498 [Fort.
1211 2470 1268 2492 wirot
1278 2471 1302 2490 et
1316 2473 1373 2490 111011
1388 2465 1496 2498 νομίζοι.)
