1893 2860
93 311 111 326 1.
138 317 152 327 u

192 312 212 327 ι.)

246 142 308 182 ιδ’,
577 150 604 171 s.
633 149 771 171 smmis
798 149 978 171 cunvsosr.

240 211 319 240 niodo
334 211 404 240 enini
416 233 422 242 ,
435 210 481 247 qui
498 220 544 237 nec
558 220 618 237 suos
633 210 719 248 potuit
733 209 802 237 lilios
814 210 827 237 Ρ
842 209 887 237 scd
910 208 976 237 fides

240 256 360 285 mulieris
374 263 397 283 rt
410 255 532 283 alacritas
549 254 632 282 animi
646 261 732 282 totum
744 254 839 282 effecit.
853 254 974 282 Primum

240 302 343 341 peperit
359 308 383 329 et
396 301 491 334 solum,
507 306 531 327 ct
545 310 592 327 nec
603 299 703 328 sciebat
717 310 749 328 an
764 300 831 328 alios
847 307 913 328 essct
925 310 975 339 pa-

239 348 332 375 ritura.
344 347 434 383 Neque
457 345 539 381 dixit,
556 344 725 383 Exspectabo
736 345 803 373 dum
816 353 915 374 crescat
929 346 974 374 in-
991 350 1009 372 D

237 393 294 419 sans
305 413 311 423 ,
329 398 355 419 ut
380 398 471 419 utatur
486 390 564 419 rebus
580 401 638 429 quae
657 391 690 419 ad
705 391 775 420 hanc
788 391 871 420 vitam
888 391 974 430 perti—

238 444 312 465 nent:
324 436 466 465 concedam
482 443 511 465 ut
525 437 581 476 ipse
601 448 696 476 parum
717 445 837 466 versetur
857 438 883 466 iu
899 444 975 466 aetate

237 482 346 522 puerili:
359 481 405 510 sed
420 482 462 510 his
475 482 599 510 omnibus
613 483 789 521 propulsatis,
805 483 832 511 in
848 483 898 511 hoc
918 483 974 511 solo

237 528 436 566 fuit7quomodo
451 528 485 557 ab
500 528 577 556 initio
593 528 681 566 imago
698 528 845 567 spiritualis
859 529 916 557 Deo
929 528 974 557 dc-

235 573 378 603 dicaretur.
396 574 501 602 Pudore
515 574 666 602 afficiamur
676 574 728 603 viri
739 574 772 602 de
784 574 905 603 mulieris
915 575 975 614 phi-

236 621 356 660 losophia
367 634 372 649 :
382 632 442 650 eum
453 623 510 650 Deo
521 621 628 657 obtulit,
643 628 667 650 et
683 621 740 650 illic
749 622 821 650 sivit.
832 623 974 662 Propterea

236 667 316 695 ctiam
329 666 497 705 splendidius
512 667 611 695 sactum
631 673 669 695 cst
689 667 901 703 matrimonium,
911 668 974 706 quia

237 712 312 751 prius
323 712 474 751 spiritualia
487 712 620 750 quaesivit,
635 712 697 750 quia
711 713 810 741 obtulit
824 713 955 752 primitias
967 725 972 740 :

238 765 376 797 propterea
394 758 489 786 fertilis
504 758 555 786 suit
569 759 627 797 ejus
642 765 743 793 uterus,
760 766 784 787 et
798 759 864 788 alios
880 760 975 789 habuit

239 804 310 832 filios
321 811 474 844 :propterea
486 811 511 833 et
523 804 548 832 in
564 804 667 833 mundo
681 815 742 833 eum
752 805 820 834 vidit
838 806 975 835 florentem
991 807 1008 829 E

240 857 265 878 et
277 851 304 878 in
316 850 384 878 bona
395 860 449 878 esse
461 850 664 879 existimatione.
679 851 706 879 Si
718 851 789 879 enim
801 851 922 880 homines
932 853 975 881 ho-

241 896 326 924 norati
336 896 456 924 vicissim
467 896 699 932 honorant‚annon
708 897 792 925 multo
800 898 886 936 magis
894 899 976 934 Deus,

240 941 285 979 qui
296 942 375 970 etiam
385 942 447 970 licet
457 952 508 969 non
519 942 663 970 honoratus
675 942 724 970 hoc
736 943 822 971 facit?
830 944 978 981 Quousque

239 997 332 1014 sumus
348 987 459 1015 carnes?
475 997 611 1024 quousque
626 987 651 1015 in
667 993 763 1015 terram
780 988 976 1017 incurvamur?

240 1032 336 1059 Omnia
352 1042 367 1060 a
379 1032 456 1060 nobis
470 1039 662 1071 postponantur
672 1043 742 1060 curae
757 1032 887 1069 filiorum,
900 1041 924 1062 et
936 1045 978 1063 eo-

239 1087 298 1105 rum
323 1077 474 1106 educationi
490 1077 517 1106 in
535 1077 676 1116 disciplina
686 1085 711 1107 et
723 1077 905 1109 admonitione
925 1082 978 1109 Do-

239 1122 315 1151 mini.
325 1123 353 1151 Si
364 1123 398 1151 ab
410 1123 485 1151 initio
498 1123 623 1152 didicerit
645 1135 701 1152 esse
724 1123 917 1164 philosophus,
936 1138 977 1156 ac-

239 1169 350 1207 quisivit
372 1169 480 1198 divitias
493 1171 606 1209 majores
618 1170 759 1209 quibusvis
771 1170 883 1209 divitiis,
895 1180 919 1201 et
931 1184 979 1212 po-

239 1215 379 1244 tentiorem
402 1215 526 1254 gloriam.
535 1216 611 1244 Nihil
633 1222 736 1244 tantum
757 1215 855 1245 efficies
880 1218 977 1248 docens

238 1267 322 1289 artem
335 1267 360 1289 et
373 1260 545 1300 disciplinam
559 1268 696 1290 externam
709 1286 716 1299 ,
728 1273 774 1301 per
789 1274 869 1301 quam
884 1265 976 1302 acqui·
995 1259 1011 1282 F

238 1313 278 1335 ret
289 1306 407 1343 divitias,
415 1317 497 1345 quam
508 1307 528 1335 si
542 1318 603 1336 eum
612 1308 734 1338 docueris
745 1317 828 1338 artem
838 1321 885 1349 per
895 1321 975 1349 quam

238 1352 366 1392 despiciet
380 1352 497 1381 divitias.
511 1352 540 1381 Si
555 1353 622 1382 velis
633 1364 694 1382 eum
707 1353 821 1383 divitem
834 1356 929 1391 facere,
938 1356 976 1384 sic

239 1399 327 1427 facito.
345 1398 394 1427 Est
416 1399 486 1427 enim
501 1398 577 1427 dives
592 1410 644 1427 non
661 1400 707 1438 qui
724 1401 817 1429 multis
831 1408 889 1440 eget
904 1402 976 1430 divi-

239 1445 294 1482 tiis,
310 1451 335 1473 et
358 1445 449 1473 multis
466 1452 504 1474 est
527 1445 707 1474 circumdatus
719 1469 726 1483 ,
741 1447 789 1475 sed
804 1447 850 1484 qui
873 1448 975 1476 nullius
984 1463 1020 1482 161

239 1490 349 1529 indiget.
362 1491 419 1520 Hoc
430 1491 495 1519 doce
508 1492 612 1528 filium,
627 1492 678 1520 hoc
692 1492 770 1521 erudi
782 1505 787 1520 :
797 1493 839 1521 hae
853 1494 976 1522 maximae
994 1493 1013 1514 A

238 1543 300 1564 sunt
325 1536 437 1566 divitiae.
455 1538 494 1566 Ne
518 1547 620 1575 quoeras
645 1538 780 1575 quomodo
800 1549 861 1567 eum
880 1539 977 1568 reddas

238 1583 375 1611 florentem
401 1590 426 1612 et
448 1593 551 1622 magnae
575 1583 779 1613 existimationis
804 1585 830 1612 in
847 1584 977 1615 doctrinis

237 1630 364 1665 externis,
381 1637 406 1658 et
429 1629 525 1658 reddas
540 1629 625 1668 gloria
642 1630 790 1669 insignem5
805 1631 853 1660 sed
869 1642 932 1660 cura
947 1639 977 1661 ut

237 1685 299 1704 eum
313 1676 407 1705 doceas
423 1675 559 1715 despicere
584 1675 666 1714 hujus
688 1676 750 1705 vitae
775 1677 976 1715 gloriamtinde

238 1724 284 1752 fiet
297 1723 464 1763 splendidior
478 1730 502 1752 et
518 1723 603 1762 gloria
618 1724 758 1753 illustrior.
776 1725 839 1753 Haec
860 1732 885 1754 et
903 1737 974 1765 pau-

237 1771 294 1810 peri
310 1778 335 1800 et
355 1771 435 1800 diviti
457 1771 518 1799 licet
533 1771 618 1799 facere
630 1783 636 1799 z
647 1771 704 1800 haec
719 1782 770 1800 non
785 1783 799 1800 a
813 1772 921 1802 doctore
932 1774 973 1802 di-

237 1817 287 1846 scit
300 1817 409 1854 aliquis,
424 1827 508 1855 neque
522 1826 569 1855 per
583 1823 678 1853 artem,
692 1817 738 1845 sed
751 1828 800 1856 per
814 1817 907 1847 divina
919 1819 976 1847 elo-

236 1863 308 1902 quia.
322 1863 380 1891 Non
393 1873 496 1900 quaeras
514 1869 544 1891 ut
559 1863 666 1901 longam
680 1863 723 1891 hic
735 1863 809 1893 vivat
822 1864 917 1899 vitam,
929 1864 975 1893 sed

237 1915 267 1937 ut
282 1908 338 1936 illic
353 1908 487 1936 infinitam
504 1915 529 1936 et
541 1919 599 1946 quae
618 1919 764 1947 numquam
779 1909 892 1938 desinat.
913 1911 974 1939 Ma-

236 1965 287 1993 gna
297 1954 338 1982 illi
352 1954 450 1992 largire
461 1964 512 1982 non
524 1954 688 1993 pai-varaudi
700 1955 814 1983 Paulum
829 1955 973 1994 dicentem,

236 2001 369 2029 Educate
378 2010 424 2029 805
433 2001 463 2027 in
474 2000 630 2038 disciplina
639 2007 666 2028 et
673 2001 976 2031 admonitioneDomi-
993 1999 1011 2021 Β

237 2049 278 2075 ni.
289 2047 329 2075 Ne
341 2046 462 2075 studium
474 2056 556 2085 ponas
571 2053 599 2074 ut
611 2057 671 2075 eum
686 2047 767 2076 facias
777 2049 976 2083 oratorem,sed

236 2094 314 2123 erudi
324 2095 394 2123 utsit
402 2094 588 2134 philosophus.
608 2095 676 2123 Nam
687 2095 709 2123 si
726 2095 794 2123 illud
804 2096 914 2134 quidem
923 2107 975 2125 non

237 2141 281 2178 sit,
295 2140 363 2168 nihil
378 2147 417 2168 est
432 2139 543 2176 damni;
560 2140 580 2167 si
593 2140 644 2168 hoe
657 2147 746 2168 autem
767 2141 847 2177 absit,
870 2142 976 2170 nullum

237 2186 286 2214 erit
303 2186 409 2214 lucrum
433 2185 572 2214 rhetoricae
599 2186 771 2223 quantumvis
786 2187 888 2215 multae.
900 2188 976 2226 Opus

237 2238 275 2259 est
285 2231 420 2267 moribus,
431 2241 482 2260 non
492 2230 598 2259 dicendi
607 2231 746 2268 facultate;
760 2232 821 2260 vitae
834 2233 975 2269 modestia,

237 2287 289 2305 uon
303 2277 430 2306 orationis
445 2277 722 2315 vehementi÷13factis‚
737 2289 789 2306 non
801 2278 899 2308 verbis.
914 2279 977 2308 Haec

238 2330 350 2358 regnum
366 2320 520 2356 conciliant,
532 2320 590 2348 haec
605 2320 705 2349 donant
725 2322 805 2350 ctiam
829 2333 888 2360 quae
913 2330 977 2352 sunt

237 2373 298 2391 vere
310 2364 389 2391 bona.
404 2364 443 2391 Nc
456 2363 577 2401 linguam
604 2374 694 2400 acuas,
707 2365 754 2393 sed
767 2376 898 2404 expurges
912 2368 974 2396 ani-

239 2417 320 2437 mam.
339 2408 398 2435 Non
412 2407 470 2435 haec
482 2408 542 2436 dico
557 2408 700 2446 prohibens
715 2409 833 2447 erudire,
846 2410 890 2439 sed
906 2422 972 2451 pro—

238 2451 333 2479 hibens
346 2450 401 2479 illis
412 2450 475 2478 solis
490 2451 616 2480 adhibere
630 2452 757 2482 animum.
777 2454 816 2482 Ne
837 2454 972 2484 existimes

1009 149 1166 172 Aucnfflt‘.
1194 151 1258 173 CON
1264 152 1320 174 S'rx
1327 152 1380 175 N'rl
1387 153 1461 175 Nor.

1029 221 1073 238 σαι
1096 207 1146 245 ἦν·
1168 214 1223 244 πῶς
1237 213 1331 252 γὰρ,ὁ
1352 214 1417 251 μηδὲ
1432 214 1490 247 τοὺς
1511 214 1578 247 υἱοὺς
1602 215 1718 250 δυνηθεὶς
1738 215 1796 246 τοὺς

1029 256 1140 290 ἑαυτοῧ;
1157 258 1215 285 ἀλλ’
1230 260 1247 292 ἡ
1264 259 1351 292 πίστις
1366 262 1411 294 τῆς
1425 260 1547 298 γυναικὸς
1568 260 1612 289 καὶ
1632 263 1648 295 ἡ
1663 261 1795 299 προθυμία

1030 301 1059 329 τὸ
1082 301 1144 330 αὐτὸ
1168 303 1318 341 εἰργάσατο.
1344 306 1454 343 Πρῶτον
1477 305 1565 341 ἔτεκε,
1580 306 1624 334 καὶ
1640 306 1727 343 μόνον,
1751 306 1795 334 καὶ

1030 346 1087 374 οὐδὲ
1102 347 1158 385 ᾔδει
1173 349 1195 375 εἰ
1209 348 1253 376 καὶ
1270 348 1371 388 ἑτέρους
1383 350 1492 383 τέξεται.
1511 351 1563 379 Καὶ
1576 352 1622 379 οὐκ
1636 347 1716 386 εἶπεν,
1729 351 1796 379 ἀνα-

1029 392 1110 429 μείνω
1126 392 1267 427 αὐξηθῆναι
1279 393 1308 421 τὸ
1320 394 1434 430 παιδίον,
1445 395 1487 424 ἵνα
1501 396 1641 435 πράγμασι
1660 396 1794 435 χρήσηται

1029 439 1158 475 βιωτικοῖς
1171 449 1177 455 ·
1192 438 1357 478 συγχωρήσω
1372 440 1450 468 αὐτὸν
1467 441 1559 479 μικρὸν
1574 442 1737 481 ἒνδιατρίψαι
1759 443 1792 479 τῇ

1027 483 1136 521 παιδικῇ
1150 483 1240 522 ἡλικίᾳ
1251 493 1257 499 ·
1273 483 1341 512 ἀλλὰ
1356 485 1442 513 πάντα
1456 488 1538 514 ταῦτα
1552 490 1568 521 ἡ
1583 487 1646 525 γυνὴ
1670 498 1795 526 παρωσα-

1029 528 1093 565 μένη
1105 551 1112 564 ,
1124 528 1179 561 ἑνὸς
1192 528 1270 566 μόνου
1284 529 1387 568 γέγονε,
1402 532 1457 562 πῶς
1471 533 1501 560 ἐκ
1512 532 1656 571 προοιμίων
1668 532 1698 560 τὸ
1711 532 1794 570 ἄγαλ-

1029 586 1066 611 μα
1082 573 1111 602 τὸ
1128 574 1305 613 πνευματικὸν
1321 577 1403 614 ἀναθῇ
1423 578 1460 614 τῷ
1473 578 1544 615 Θεῷ.
1567 578 1756 616 Αἷο-Αυνῡῶμεν
1771 579 1794 605 οἱ

1028 619 1117 658 ἄνδρες
1129 622 1175 654 τῆς
1184 620 1305 658 γυναικὸς
1317 620 1364 656 τὴν
1378 621 1531 660 φιλοσοφίαν
1540 633 1546 639 ·
1562 622 1701 661 ἀνήνεγκεν
1717 622 1795 651 αὔτὸν

1028 667 1065 704 τῷ
1081 667 1157 704 Θεῷ,
1172 666 1216 694 καὶ
1232 668 1285 694 ἐκεῖ
1299 666 1378 694 εἴασε.
1394 666 1446 696 Διὰ
1460 670 1536 696 τοῦτο
1553 667 1598 695 καὶ
1612 669 1625 695 ὁ
1638 667 1722 706 γάμος
1736 667 1796 705 ἐγέ-

1027 722 1085 739 νετο
1099 712 1281 750 λαμπρότερος
1292 734 1299 747 ,
1315 711 1404 747 ἐπειδὴ
1431 712 1556 751 πρότερον
1580 713 1614 742 τὰ
1630 712 1796 751 πνευματικὰ

1027 756 1160 793 ἐζήτησεν,
1180 757 1269 792 ἐπειδὴ
1287 757 1334 792 τὴν
1357 758 1478 797 ἀπαρχὴν
1504 758 1631 793 ἀνέθηκε·
1655 758 1699 787 διὰ
1721 761 1796 787 τοῦτο

1027 802 1133 842 εὔφορος
1153 804 1233 837 αὐτῆς
1251 803 1355 841 γέγονεν
1375 805 1391 837 ἡ
1407 803 1524 842 γαστὴρ,
1543 804 1587 832 καὶ
1604 804 1705 843 ἑτέρους
1718 803 1795 839 ἐκτή-

1028 859 1091 876 σατο
1106 848 1201 880 παῖδας
1214 860 1219 865 ·
1234 848 1276 876 διὰ
1289 852 1364 877 τοῦτο
1385 849 1430 876 καὶ
1445 851 1469 877 ἐν
1481 851 1518 888 τῷ
1538 849 1629 888 κόσμῳ
1642 844 1706 878 εἶδεν
1720 850 1790 878 εὐδο-

1028 896 1163 930 κιμοῦντα.
1185 894 1218 921 Εἴ
1233 893 1283 932 γὰρ
1303 893 1434 932 ἄνθρωποι
1449 894 1593 931 τιμώμενοι
1615 896 1796 933 ἀντιτιμῶσιν,

1028 940 1056 966 οὐ
1070 939 1159 976 πολλῷ
1174 939 1272 975 μᾶλλον
1288 941 1301 966 ὃ
1314 939 1380 971 Θεὸς
1391 961 1398 973 ,
1413 941 1427 967 ὁ
1441 940 1485 967 καὶ
1497 940 1578 978 χωρὶς
1591 943 1637 968 τοῦ
1653 942 1796 977 τιμηθῆναι

1029 985 1104 1011 τοῦτο
1115 985 1197 1011 ποιῶν
1209 995 1216 1017 ;
1230 982 1319 1022 Μέχρι
1333 983 1401 1015 τίνος
1415 984 1492 1022 ἐσμὲν
1509 985 1620 1023 σάρκες,
1636 985 1716 1024 μέχρι
1729 985 1796 1017 τίνος

1030 1027 1073 1055 ἐπὶ
1084 1029 1132 1066 γῆς
1143 1027 1290 1066 κύπτομεν;
1302 1028 1395 1057 Πάντα
1405 1031 1469 1067 ἡμῖν
1482 1029 1588 1070 δεύτεροι
1600 1031 1667 1059 ἔστω
1676 1033 1724 1066 ἰ-’ἧς
1732 1041 1798 1069 προ-

1030 1073 1100 1106 νοίας
1111 1076 1162 1102 τῶν
1173 1074 1284 1109 παίδων,
1296 1075 1339 1103 καὶ
1351 1077 1396 1104 τοῦ
1407 1077 1433 1104 ἐν
1441 1076 1548 1115 παιδείᾳ
1558 1077 1602 1105 καὶ
1614 1076 1734 1117 νουθεσίᾳ
1744 1078 1798 1106 Κυ-

1032 1119 1086 1157 ρίου
1101 1119 1167 1148 αὐτὰ
1187 1120 1365 1159 ἐκτρέφεσθαι.
1380 1120 1424 1150 Ἂν
1441 1121 1511 1161 μάθῃ
1527 1122 1664 1162 φιλόσοφος
1681 1118 1746 1152 εἶναι
1767 1124 1797 1152 ἔκ

1029 1165 1184 1204 προοιμίων,
1196 1167 1307 1194 πλοῦτον
1326 1166 1456 1202 ἐκτήσατο
1470 1168 1567 1200 παντὸς
1586 1169 1699 1198 πλούτου
1713 1168 1796 1207 μείζο-

1029 1222 1060 1238 να
1071 1233 1078 1247 ,
1102 1211 1145 1239 καὶ
1162 1210 1237 1243 δόξαν
1251 1211 1441 1251 δυνατωτέραν.
1460 1213 1543 1242 Οὐδὲν
1558 1217 1679 1243 τοσοῦτον
1696 1214 1795 1254 ἐργάσῃ

1029 1256 1124 1295 τέχνην
1147 1256 1274 1285 διδάσκων
1297 1257 1374 1285 αὐτὸν
1387 1257 1432 1286 καὶ
1449 1258 1570 1287 παιδείαν
1585 1259 1634 1295 τὴν
1648 1259 1751 1296 ἔξωθεν,
1764 1260 1797 1289 δι’

1028 1298 1059 1336 ἧς
1069 1302 1196 1341 χρήματα
1207 1302 1347 1337 κτήσεται,
1359 1304 1418 1332 ὅσον
1430 1303 1474 1332 ἐὰν
1488 1304 1592 1344 διδάξῃς
1605 1306 1681 1334 αὐτὸν
1692 1306 1797 1345 τέχνην,

1030 1348 1062 1376 δι’
1086 1344 1116 1382 ἧς
1136 1349 1283 1387 χρημάτων
1309 1350 1513 1389 καταφρονήσει.
1531 1351 1565 1379 Ei
1581 1351 1670 1389 βούλει
1687 1353 1798 1386 ποιῆσαι

1030 1394 1105 1422 αὐτὸν
1123 1394 1258 1430 πλούσιον,
1286 1394 1355 1423 οὕτω
1386 1395 1505 1430 ποίησον.
1525 1396 1656 1430 Πλούσιος
1676 1397 1727 1437 γὰρ
1748 1399 1797 1437 οὔχ

1030 1442 1042 1468 ὃ
1063 1441 1167 1468 πολλῶν
1193 1440 1339 1480 χρημάτων
1363 1441 1501 1479 δεόμενος,
1524 1442 1570 1470 καὶ
1589 1442 1675 1471 πολλὰ
1693 1444 1797 1483 περιθε-

1031 1485 1160 1523 ὃλημένος
1177 1508 1184 1521 ,
1212 1487 1269 1514 ἀλλ’
1299 1488 1312 1514 ὁ
1341 1487 1451 1525 μηδενὸς
1481 1488 1573 1527 χρείαν
1606 1488 1684 1527 ἔχων.
1710 1491 1797 1518 Τοῦτο

1030 1531 1169 1560 παίδευσον
1197 1532 1242 1561 τὸν
1268 1532 1332 1568 υἱὸν,
1361 1535 1437 1561 τοῦτο
1469 1533 1569 1566 δίδαξον
1583 1545 1589 1551 ·
1618 1530 1691 1567 οὗτος
1722 1535 1798 1574 μέγι-

1031 1589 1090 1609 στος
1111 1579 1230 1610 πλοῦτος.
1252 1578 1298 1613 Μὴ
1319 1578 1390 1613 ζήτει
1408 1580 1464 1611 πῶς
1487 1579 1623 1618 εὐδόκιμον
1648 1580 1746 1620 ἐργάσῃ
1770 1582 1797 1609 ἐν

1031 1623 1174 1662 διδάγμασι
1188 1628 1241 1655 τοῖς
1265 1623 1366 1658 ἔξωθεν,
1387 1624 1432 1652 καὶ
1448 1623 1563 1657 ἐπίδοξον
1579 1625 1710 1661 ποιήσεις,
1730 1626 1799 1655 ἀλλὰ

1030 1668 1165 1708 φρόντισον
1179 1671 1235 1702 πῶς
1251 1669 1328 1697 αὐτὸν
1343 1668 1455 1702 διδάξεις
1477 1675 1650 1709 καταφρονεῖν
1663 1673 1711 1706 τῆς
1724 1671 1799 1706 δόξης

1028 1717 1074 1750 τῆς
1091 1717 1116 1743 ἐν
1131 1717 1168 1754 τῷ
1186 1714 1234 1754 βίῳ
1249 1715 1332 1754 τούτῳ
1346 1724 1352 1730 ·
1364 1717 1460 1744 ἐκεῖθεν
1471 1715 1653 1756 λαμπρότερος
1664 1717 1710 1745 καὶ
1726 1718 1798 1746 ἐνδο-

1027 1760 1127 1800 ξότερος
1137 1762 1236 1799 γένοιτο
1249 1761 1289 1789 ἄν.
1300 1762 1392 1789 Τοιῧτα
1404 1761 1448 1789 καὶ
1460 1763 1498 1800 τῷ
1509 1761 1603 1797 πένητι
1613 1763 1658 1791 καὶ
1668 1764 1706 1802 τῷ
1720 1764 1798 1792 πλου-

1028 1806 1077 1845 σίῳ
1091 1806 1198 1835 δυνατὸν
1210 1811 1293 1835 ποιεῖν
1305 1817 1311 1822 ·
1327 1809 1410 1835 ταῦτα
1425 1808 1472 1834 οὐκ
1487 1808 1516 1835 ἐκ
1529 1807 1687 1836 διδασκάλου
1701 1808 1799 1846 μανθά-

1028 1864 1066 1880 νει
1076 1864 1127 1887 τις,
1142 1851 1201 1880 οὐδὲ
1218 1851 1261 1880 διὰ
1274 1851 1380 1890 τέχνης,
1396 1851 1464 1880 ἀλλὰ
1480 1851 1523 1880 διὰ
1537 1853 1588 1880 τῶν
1606 1853 1680 1881 θείων
1693 1852 1798 1891 λογίων.

1028 1897 1075 1933 Μὴ
1089 1898 1160 1933 ζήτει
1172 1897 1242 1930 ὅπως
1257 1898 1356 1936 μακρὸν
1370 1894 1420 1926 ὧδε
1435 1897 1542 1932 ζήσεται
1565 1897 1632 1936 βίον,
1653 1899 1712 1927 ἀλλ’
1727 1898 1799 1931 ὅπως

1029 1950 1083 1977 ἐκεῖ
1097 1948 1204 1987 ἄπειρον
1226 1948 1271 1976 καὶ
1283 1947 1462 1983 ἀτελεύτητον.
1481 1947 1525 1976 Τὰ
1541 1947 1645 1986 μεγάλα
1666 1948 1738 1987 αὐτῷ
1750 1960 1800 1988 χα-

1031 1995 1113 2034 ρίζου,
1129 1994 1164 2031 μὴ
1187 1993 1220 2022 τὰ
1244 1993 1334 2032 μικρά.
1349 1993 1440 2022 Ἄκουε
1458 1993 1565 2022 Παύλου
1579 1993 1700 2032 λέγοντος
1711 2003 1719 2012 ·
1734 1995 1798 2024 Ἐκ-

1028 2042 1136 2082 τρέφετε
1160 2041 1225 2071 αὐτὰ
1246 2043 1272 2070 ἐν
1289 2041 1396 2081 παιδείᾳ
1412 2041 1456 2070 καὶ
1475 2041 1594 2082 νουθεσίᾳ
1618 2041 1726 2081 Κυρίου.
1750 2042 1797 2077 Μὴ

1033 2093 1131 2133 ῥήτορα
1155 2093 1230 2121 αὐτὸν
1254 2092 1382 2125 σπούδαζε
1406 2093 1531 2127 ποιῆσαι,
1557 2092 1626 2121 ἀλλὰ
1651 2093 1799 2132 φιλοσοφεῖν

1030 2142 1144 2171 παίδευε.
1160 2141 1278 2170 Ἐκείνου
1304 2140 1350 2178 μὲν
1378 2139 1429 2179 γὰρ
1458 2141 1505 2168 οὐκ
1529 2139 1615 2174 ὄντος,
1639 2139 1710 2168 οὐδὲν
1725 2140 1800 2169 ἔσται

1033 2192 1145 2231 βλάὲος·
1161 2191 1252 2220 τούτου
1270 2190 1296 2219 δὲ
1318 2189 1440 2224 ἀπόντος,
1456 2188 1528 2217 οὐδὲν
1551 2188 1625 2217 ἔσται
1642 2189 1733 2228 κέρδος
1751 2202 1799 2229 μυ.

1033 2243 1088 2282 ρίας
1103 2241 1248 2280 ῥητορείας.
1262 2240 1376 2278 Τρόπων
1395 2238 1487 2277 χρεία,
1503 2238 1531 2266 οὗ
1555 2238 1650 2277 λόγων,
1664 2238 1756 2276 ἤθους,
1771 2242 1800 2269 οὐ

1032 2293 1195 2327 δεινότητος,
1209 2291 1301 2331 ἔργων,
1314 2291 1342 2318 οὗ
1354 2289 1490 2328 ῥημάτων.
1511 2289 1603 2317 Ταῧτα
1618 2288 1735 2328 προξενεῖ
1753 2289 1800 2325 τὴν

1030 2342 1176 2381 βασιλείαν,
1191 2345 1274 2370 ταῦτα
1288 2339 1426 2379 χαρίζεται
1440 2339 1485 2367 καὶ
1504 2338 1537 2367 τὰ
1549 2339 1629 2372 ὄντως
1644 2339 1737 2377 ἀγαθά.
1753 2340 1799 2375 Μὴ

1027 2395 1073 2430 τὴν
1094 2395 1213 2432 γλῶτταν
1235 2390 1378 2429 ἀκονήσῃς,
1395 2389 1464 2417 ἀλλὰ
1478 2390 1525 2424 τὴν
1539 2388 1626 2428 ψυχὴν
1648 2389 1797 2429 ἐκκαθαιρε.

1026 2447 1066 2475 Οὐ
1080 2443 1187 2473 κωλύων
1198 2441 1331 2471 παιδεύειν
1343 2443 1425 2469 ταῦτα
1436 2440 1506 2477 λέγω
1514 2463 1521 2476 ,
1533 2439 1601 2469 ἀλλὰ
1611 2439 1720 2468 κωλύων
1733 2440 1798 2469 ἐκεί-

238 2493 311 2533 quod
324 2494 387 2522 solis
400 2494 536 2523 monachis
547 2506 614 2534 opus
627 2496 661 2524 sit
672 2496 715 2524 his
725 2497 902 2536 documentis,
912 2510 971 2537 quae
990 2496 1007 2520 C
1025 2507 1077 2527 νοις
1092 2493 1179 2531 μόνῠῑς
1193 2491 1343 2531 πρθΰέλὲῑν·
1362 2490 1408 2525 Μὴ
1430 2489 1539 2528 νομίσῃς
1553 2489 1593 2518 '3¹³‘
1607 2491 1646 2529 τῷ
1661 2489 1796 2527 μονάζοντῑ

240 2544 381 2567 sumuntur
395 2548 427 2568 ex
440 2538 600 2577 Scripturis:
614 2540 730 2570 maxime
751 2542 822 2570 enim
843 2542 884 2571 his
904 2554 971 2582 opus

1027 2545 1096 2583 αόνῳ
1108 2543 1204 2573 τούτων
1219 2543 1256 2571 δεῖ
1268 2543 1319 2570 τῶν
1335 2539 1518 2578 παιδευμάτων
1533 2541 1584 2569 τῶν
1598 2539 1649 2569 ἀπὸ
1661 2540 1712 2568 τῶν
1727 2539 1797 2578 Γρα-
