1893 2860
122 361 150 380 nl.
154 360 205 381 11111.
223 369 250 382 ..

120 390 142 411 ().

112 815 254 847 Urbs-122.

105 2460 165 2484 Cn.
177 2469 205 2485 ιι.

274 152 342 187 606
600 164 628 185 s.

274 226 306 254 sii
333 225 357 253 iu
387 225 540 260 vocastonc5
563 224 616 251 iiuo
639 231 776 262 propterea
803 224 887 260 magis
910 225 1008 262 ejectus

274 271 349 298 suita
367 270 504 298 vocatione
520 269 546 297 iu
565 269 714 297 thalamum
728 270 826 308 sponsi.
841 271 910 298 Nam
926 269 1009 307 quin-

274 326 325 352 que
340 315 418 343 ctiam
435 314 553 353 virgines
572 315 679 342 suerunt
698 322 797 344 vocatae
810 327 815 342 :
830 315 937 353 Surgite
947 337 955 351 ,
970 315 1010 342 in-

240 361 351 398 quit,
371 371 482 399 sponsus
506 360 598 396 venit;
614 367 638 388 et
662 367 761 399 paratae
786 368 868 397 erant,
886 360 932 389 sed
958 370 1009 388 non

271 412 333 434 sunt
354 405 488 443 iugi-essm.
505 405 666 443 Siguilicans
691 416 754 444 ergo
775 416 920 444 quamnam
943 405 1010 434 dicit

271 451 445 483 vocationem,
460 450 600 489 subjunxit
614 462 621 477 :
636 452 676 479 Et
695 451 813 489 impleat
829 462 943 479 omnem
954 462 1008 479 vo-

270 497 413 524 luntatem
434 497 571 524 bonitatis
587 506 656 533 sztae,
672 503 699 524 et
714 497 868 535 opusfidei
890 499 922 524 in
942 499 1005 524 vir-

269 541 426 570 tute.H.-1nc
448 542 594 580 quaerimus
616 542 797 579 vocationem,
820 542 916 580 inquit.
936 542 1008 572 Vide

269 587 404 626 quomodo
428 587 526 616 sensim
545 598 589 616 eos
614 587 719 616 cohibet
741 595 766 616 ct
789 588 951 627 comprimit.
969 589 1007 617 Ne

268 634 339 662 enim
350 634 493 662 efferantur
507 633 619 662 laudum
630 633 844 673 exsuperatione,
859 641 887 662 ut
902 634 948 672 qui
966 645 1006 662 res

268 689 378 718 magnas
402 679 546 717 gesserint,
565 679 688 718 pigrique
708 685 734 707 et
758 679 848 717 ignavi
872 679 1007 716 evadant,

267 725 382 754 ostendit
401 725 438 754 eis
458 724 546 753 adhuc
565 724 670 763 aliquid
688 724 786 761 deesse,
800 725 928 762 quamdiu
944 726 1004 754 sue—

267 771 320 799 rint
334 771 360 799 in
371 771 420 799 linc
435 771 489 799 vita
503 783 508 798 :
520 771 592 809 quod
606 771 685 799 ctiam
700 771 734 798 ad
750 770 875 798 Hebrzros
886 757 1037 799 scribens⁵

266 816 371 846 dicebat
386 828 391 844 :
409 817 545 845 Nondum
562 817 603 844 ad
618 818 790 854 sanguinem
811 826 901 855 usque
922 820 1004 845 resti-

266 864 350 898 cistis,
361 863 500 891 adversus
509 868 658 900 peccatum
671 862 857 889 decertantes.
870 863 1001 897 Omnem,

265 907 353 945 inquit
365 930 372 943 ‚
388 908 593 939 voluntatem;
606 907 657 934 hoc
678 913 733 943 est,
749 906 962 945 beneplacitum,
979 914 1004 936 et

265 953 338 991 quod
357 953 485 981 satisfacit
506 959 661 990 certumque
679 958 718 980 est
732 962 763 979 ac
776 958 916 981 statutum.
932 954 970 982 Ac
981 954 1003 982 si

262 998 372 1036 diceret,
389 1000 424 1027 Ut
446 998 492 1026 fiat
508 997 582 1036 quod
603 998 659 1026 Deo
673 1004 773 1026 certum
793 1004 832 1026 est
853 1005 878 1026 et
902 998 929 1027 in
950 1010 1002 1037 quo

262 1044 415 1082 acquiescit,
429 1050 458 1072 ut
470 1043 539 1071 nihil
550 1043 627 1072 vobis
639 1043 718 1078 desit,
730 1049 759 1071 ut
769 1043 826 1071 silis
841 1044 876 1072 ita
891 1051 920 1072 ut
934 1045 1001 1073 vult.

262 1091 303 1118 Et
323 1100 393 1129 opus
406 1090 484 1129 fidei
501 1092 531 1118 in
554 1092 672 1118 virtute.
688 1089 762 1124 Quid
776 1090 827 1118 hoc
842 1091 902 1118 est?
917 1091 1001 1120 Tole-

261 1135 348 1163 rantia
366 1134 614 1174 persequutionum.
631 1135 669 1162 Ne
684 1134 884 1171 dissolvamur,
901 1136 1000 1175 inquit,

261 1191 309 1210 nec
322 1182 489 1210 deficianms.
506 1182 553 1208 153.
575 1182 612 1209 Ut
626 1181 806 1219 glorificetur
820 1192 925 1210 nomen
940 1183 1001 1210 Do-

261 1230 334 1257 mini
345 1229 415 1257 Jesu
428 1227 537 1257 Christi
557 1229 588 1255 in
608 1229 708 1264 vobis,
721 1234 747 1255 et
763 1237 816 1256 vos
831 1230 863 1256 in
877 1229 941 1263 illo,
958 1239 1001 1257 se-

260 1274 388 1302 cundum
405 1274 533 1312 gratiam
556 1273 610 1300 Dei
626 1273 717 1301 nostri
737 1278 764 1301 et
786 1273 907 1301 Domini
930 1275 1000 1303 Jesu

262 1320 380 1349 Christi.

300 1367 328 1393 2.
343 1364 414 1394 Vide
425 1376 431 1392 ε
442 1364 515 1393 dixit
527 1364 586 1393 illic
598 1363 725 1402 gloriam,
741 1364 813 1393 dixit
825 1365 869 1393 hic
878 1376 998 1404 quoque:

259 1410 330 1438 dixit
352 1409 423 1447 quod
445 1410 497 1449 ipsi
516 1420 622 1447 quoque
643 1409 838 1448 glorificantur,
855 1418 884 1439 ut
900 1418 924 1439 et
938 1412 998 1450 glo—

260 1455 363 1483 rientur
375 1467 381 1482 :
395 1455 477 1492 dixit,
501 1454 573 1492 quod
594 1461 632 1483 est
656 1455 735 1493 longe
763 1456 894 1494 amplius,
924 1457 998 1495 quod

260 1501 348 1529 Deum
361 1510 466 1538 quoque
488 1500 639 1538 glorificant
655 1511 660 1527 :
675 1500 747 1528 dixit
772 1501 845 1538 quod
868 1502 997 1541 recipient

259 1546 334 1574 illam
347 1546 459 1584 gloriam
473 1558 478 1573 :
491 1545 538 1574 sed
552 1552 577 1574 et
591 1545 634 1573 bic
646 1556 750 1584 quoque.
760 1546 841 1574 dicit:
856 1558 916 1576 nam
929 1548 995 1577 dum

260 1592 427 1630 glorificatur
445 1591 581 1626 dominus,
598 1591 667 1619 servi
683 1602 788 1629 quoque
802 1592 995 1631 glorificantur.

260 1638 328 1666 Nam
344 1637 389 1675 qui
404 1637 542 1665 dominum
556 1636 723 1675 glorificant,
745 1638 830 1666 multo
845 1639 930 1677 magis
945 1639 997 1678 ipsi

261 1682 446 1721 glorificantur
458 1705 466 1720 ‚
482 1689 507 1710 et
524 1683 574 1710 hoc
587 1682 658 1721 ipse,
674 1688 699 1710 et
710 1682 809 1720 absque
829 1683 885 1712 illo.
901 1684 996 1713 Gloria

260 1729 331 1758 enim
344 1735 382 1757 est
392 1728 519 1764 afflictio,
533 1738 591 1766 quae
606 1733 715 1766 propter
730 1728 867 1757 Christum
882 1731 996 1769 suscipi-

260 1782 321 1811 tur3
335 1781 361 1803 et
376 1774 474 1811 ubique
493 1783 551 1801 eam
575 1783 631 1801 rem
657 1780 734 1802 vocat
760 1773 889 1812 gloriam:
904 1782 929 1804 et
943 1788 996 1814 quo

260 1820 345 1858 magis
359 1818 463 1857 aliquid
486 1825 562 1857 turpe
583 1825 608 1847 et
633 1819 840 1857 ignominiosum
856 1821 925 1859 passi
939 1821 996 1850 fue-

260 1865 355 1900 rimus,
384 1874 414 1892 eo
441 1874 532 1892 sumus
565 1863 696 1892 clariores.
725 1863 829 1892 Deinde
857 1865 996 1895 ostendens

259 1909 333 1948 quod
355 1910 406 1938 hoc
429 1909 516 1948 ipsum
536 1919 642 1947 quoque
657 1916 695 1937 est
708 1909 771 1947 Dei,
788 1909 868 1945 dicit,
885 1911 995 1940 Secun-

259 1959 329 1986 dum
341 1958 468 1996 gratiam
480 1957 537 1984 Dei
553 1958 643 1984 nostri
657 1962 683 1984 et
700 1957 823 1984 Domini
832 1958 902 1985 Jesn
914 1959 997 1987 Clari-

259 2005 308 2031 stl.
323 2003 397 2031 Hanc
409 2001 522 2040 gratiam
537 2001 593 2040 ipse
615 2001 690 2030 nobis
713 2001 804 2038 dedit,
820 2009 848 2030 ut
863 2003 996 2041 glorifice-

260 2055 305 2076 tur
325 2048 352 2076 in
370 2047 447 2076 nobis
457 2070 465 2083 ,
481 2053 506 2075 et
519 2057 566 2075 nos
578 2046 709 2085 glorificet
724 2047 750 2075 in
772 2047 838 2086 ipso.
852 2049 996 2084 Quomodo

260 2093 426 2132 glorificatur
443 2093 471 2121 in
492 2092 588 2121 nobis?
603 2092 737 2127 Quoniam
751 2093 819 2122 nihil
834 2094 856 2122 ei
873 2095 995 2133 praeferi—

260 2150 329 2167 mus.
341 2137 483 2173 Quomodo
496 2138 663 2177 glorificatur
680 2138 707 2166 in
722 2138 802 2177 ipso?
815 2140 950 2175 Quoniam
962 2141 996 2169 ab

260 2184 318 2223 ipso
337 2184 488 2223 accepimus
507 2184 646 2220 virtutem,
664 2190 693 2211 ut
711 2193 762 2212 non
782 2184 906 2214 cedamus
920 2186 996 2215 malis

260 2241 318 2268 qua>
341 2229 500 2258 inseruntur.
516 2230 586 2258 Nam
607 2229 714 2267 quando
735 2230 844 2259 tentatio
860 2232 996 2270 acciderit,

260 2275 341 2303 simul
363 2282 389 2303 et
408 2276 480 2304 Deus
503 2274 680 2313 glorificatur,
697 2282 721 2303 et
735 2286 782 2304 nos
798 2288 804 2303 τ
823 2276 911 2316 ipsum
926 2278 996 2306 enim

260 2321 411 2358 glorificant
424 2321 496 2358 quod
510 2331 557 2349 nos
574 2320 611 2349 sic
634 2321 811 2349 corroborarit
820 2333 828 2359 3
845 2333 892 2351 nos
906 2323 996 2352 admi-

260 2373 368 2401 rantur,
385 2365 457 2404 qnod
480 2377 526 2395 nos
549 2366 586 2394 ita
609 2367 852 2405 comparaverimus
869 2376 897 2397 ut
911 2369 995 2398 simus

261 2409 345 2447 digni.
373 2411 435 2439 Haee
452 2418 540 2440 autem
566 2412 656 2440 omnia
680 2412 749 2441 fiunt
777 2424 791 2441 a
817 2414 867 2442 Dei
895 2415 991 2453 gratia.

262 2455 288 2482 1.
301 2454 445 2491 Rogamus
457 2462 553 2484 antem
565 2457 760 2495 vos‚sratres‚
769 2468 821 2495 per
836 2459 993 2487 adventum

261 2497 382 2525 Domini
393 2501 483 2526 nostri
503 2501 573 2527 Jesn
588 2501 697 2528 Christi
708 2508 734 2528 et
751 2508 856 2530 nostrae
869 2513 992 2540 congre-

257 2541 384 2579 gationis
399 2543 429 2569 in
443 2543 544 2579 ipsum,
557 2545 584 2571 ³2.
601 2549 630 2571 ut
645 2553 703 2572 non
715 2546 772 2572 cito
789 2548 964 2575 moveamini
974 2558 992 2575 a

658 163 796 186 JOtNMS
823 162 1003 186 CHRYSOST.
1034 162 1190 187 AncniEi‘.
1219 164 1488 190 CONSTANTINOP-

1062 236 1146 270 χΞτ-αι·
1159 225 1203 253 καὶ
1215 228 1454 264 παρεσκευάσαντο,
1463 228 1522 257 ἀλλ’
1534 229 1580 257 οὐκ
1592 229 1720 263 εἰσῆλθον.
1731 228 1825 263 Δηλῶν

1062 272 1105 298 οὖν
1121 270 1197 298 ποίαν
1213 272 1306 305 κλῆσιν
1320 272 1389 311 λέγει
1400 295 1408 308 ,
1420 274 1537 312 ἐπήγαγε
1550 286 1556 291 ·
1569 275 1620 303 Καὶ
1635 274 1763 313 πληρώσῃ
1775 277 1827 302 πᾶ·

1064 325 1110 342 σαν
1125 314 1243 342 εὐδοκίαν
1256 316 1438 353 ἀγαθωσύνης,
1449 319 1493 346 καὶ
1508 319 1581 358 ἔργον
1603 319 1715 350 πίστεως
1735 320 1759 346 ἐν
1779 319 1824 346 δυ·-

1063 358 1150 397 νάμει.
1162 360 1268 395 Ταύτην
1291 362 1418 399 ζητοῦμεν
1436 363 1483 398 τὴν
1507 366 1601 398 κλῆσιν
1611 387 1618 401 ,
1642 365 1729 404 φησίν.
1752 363 1826 402 '‘Oput

1063 407 1118 437 πῶς
1134 406 1221 458 ἠρέμα
1236 405 1328 438 αὐτοὺς
1339 408 1519 437 καταστέλλει.
1529 409 1589 438 Ἵνα
1602 410 1652 450 γὰρ
1671 410 1707 447 μὴ
1725 411 1757 448 τῇ
1772 411 1824 437 τῶν

1063 451 1200 488 ἐγκωμίων
1215 452 1348 490 ὓπερῧολῇ
1363 456 1570 490 yauvm08mv‚‘
1557 467 1591 487 ως
1610 455 1712 493 μεγάλα
1723 466 1825 493 κατωρ-

1062 496 1172 529 θωκότες
1181 519 1188 532 ,
1199 508 1243 524 και
1259 496 1367 536 ῥάθυμοι
1377 510 1406 535 γε
1396 510 1519 535 -νωνται,
1533 499 1659 529 δείκνυσιν
1671 501 1710 528 ὅτι
1723 500 1761 529 ἔτι
1773 501 1821 527 αὖ-

1028 552 1044 574 F
1061 546 1113 574 τοῖς
1123 542 1226 577 λείπει,
1241 542 1316 575 {lc-m*
1304 555 1333 571 αν
1350 555 1413 571 υσιν
1428 545 1454 572 ἐν
1468 556 1506 572 τω
1523 544 1572 584 βίω
1590 546 1685 574 τούτω·
1700 546 1764 584 ὅπερ
1779 557 1824 574 και

1059 586 1091 616 Ἐ
1093 587 1192 626 Εραίοις
1205 588 1311 627 γράφων
1326 588 1431 626 ἔλεγεν
1446 589 1531 618 Οὔπω
1549 590 1641 629 μέχρις
1655 590 1763 628 αι’ματος
1778 591 1822 618 οἷν-

1058 635 1244 670 τικατέστητε,
1267 635 1331 689 πρὸς
1353 635 1399 670 τὴν
1423 636 1554 676 ἁμαρτίαν
1583 636 1822 675 ἀνταγωνιζόμενοι.

1058 680 1105 711 Εἷς
1125 685 1222 714 πᾶσαν,
1237 680 1325 718 φησὶν,
1349 680 1485 710 εὐδοκίαν
1507 681 1649 717 τουτέστιν,
1674 681 1823 720 ἀρέσκειαν,

1041 729 1170 767 πεῖσαα,
1184 725 1379 764 πληροφορίαν·
1390 726 1452 755 ὡσεὶ
1466 727 1562 765 ἔὶεγεν,
1575 726 1655 755 ἵνατο
1665 730 1766 764 πεῖσμα
1778 729 1823 754 τοῦ

1023 783 1040 804 Λ
1041 762 1126 797 Θεοῦ
1141 770 1266 808 γένηται,
1280 770 1322 798 ἵνα
1340 771 1420 808 μηδὲν
1436 773 1496 809 ὑμῖν
1513 772 1591 810 λείπῃ
1602 794 1609 807 ,
1623 772 1666 800 ι’να
1683 773 1718 804 ὥς
1734 770 1823 810 βούλε-

1056 827 1100 843 ται
1112 815 1192 848 οὕτως
1209 818 1267 850 ἠτε.
1283 816 1433 855 Καὶέργον,
1445 817 1526 856 φησὶ,
1541 817 1654 849 πίστεως
1666 819 1691 845 ἐν
1704 815 1821 854 δυνάμει,

1055 860 1116 889 'li’
1105 873 1161 890 εστι
1182 874 1272 895 τουτο;
1286 862 1319 890 Η
1346 863 1464 900 ὑπομονὴ
1489 865 1540 891 ’τῶν
1566 863 1701 900 διωγμῶν·
1716 861 1759 890 ι’να
1783 862 1821 899 μὴ

1055 906 1227 944 ε’κλυώμεθα,
1240 908 1327 946 φησίν.
1342 907 1437 940 ”Οττως
1460 908 1598 947 ἐνδοξασθῇ
1618 908 1648 936 τὸ
1672 908 1754 944 ὄνομα
1778 911 1822 936 τοῦ

1055 953 1151 991 Κυρίου
1167 955 1243 990 ἡμῶν
1256 953 1343 988 Ἰησοῦ
1360 954 1474 992 Χριστοῦ
1489 956 1514 982 ἐν
1538 956 1611 991 ὑμῖν,
1633 953 1677 981 καὶ
1700 954 1774 990 ὑμεῖς
1794 953 1821 980 ε”ν

1054 999 1124 1037 αὐτῷ
1139 998 1206 1027 κατὰ
1219 998 1265 1034 τὴν
1288 999 1365 1037 χάριν
1381 1001 1425 1028 τοῦ
1445 1000 1514 1028 Θεοῦ
1539 1000 1626 1037 ἡμῶν,
1650 997 1695 1026 καὶ
1719 997 1816 1036 Κυρίου

1054 1044 1140 1078 Ἰησοῦ
1156 1045 1279 1083 Χριστοῦ.

1095 1365 1166 1403 (Όρα
1179 1377 1185 1382 ·
1200 1360 1269 1394 εἶπεν
1289 1367 1342 1394 ἐκεῖ
1358 1364 1445 1399 δόξαν,
1461 1359 1518 1393 εῗπε
1538 1364 1583 1392 καὶ
1602 1366 1713 1393 ἐνταῦθα
1725 1375 1731 1381 ·
1747 1359 1818 1393 εἶπεν

1053 1410 1093 1438 ὅτι
1110 1411 1181 1439 αὐτοὶ
1207 1411 1372 1445 δοξάζον-ται,
1388 1410 1456 1438 ὥστε
1476 1410 1520 1438 καὶ
1543 1412 1707 1448 καυχᾶσθαι·
1724 1405 1793 1438 εἶπεν
1805 1410 1819 1439 ὃ

1052 1457 1141 1494 πολλῷ
1155 1455 1232 1483 πλέον
1245 1452 1276 1490 ἧν
1286 1477 1292 1489 ,
1308 1455 1346 1484 ὅτι
1366 1455 1410 1483 καὶ
1429 1455 1471 1484 τὸν
1483 1455 1551 1484 Θεὸν
1567 1455 1713 1487 δοξάζουσιν
1725 1467 1731 1472 ·
1747 1450 1817 1483 εἶπεν

1051 1501 1090 1529 ὅτι
1103 1500 1284 1539 ἀπολήψονται
1295 1500 1342 1535 τὴν
1357 1499 1430 1532 δόξαν
1443 1501 1542 1534 ἐκείνην
1552 1512 1557 1516 ·
1571 1500 1637 1528 ἀλλὰ
1650 1500 1694 1528 καὶ
1709 1500 1818 1529 ἐνταῦθά

1050 1557 1128 1584 φησι·
1145 1549 1189 1574 τοῦ
1212 1545 1262 1584 γὰρ
1282 1545 1406 1574 δεσπότου
1428 1544 1613 1582 δοξαζομένου,
1628 1544 1674 1573 καὶ
1688 1547 1712 1573 οἱ
1732 1545 1817 1574 δοῦλοι

1051 1591 1207 1624 δοξάζονται.
1221 1593 1255 1619 Οἱ
1270 1590 1320 1629 γὰρ
1343 1590 1386 1618 τὸν
1409 1590 1536 1625 δεσπότην
1553 1589 1714 1626 δοξάζοντες,
1727 1591 1817 1629 πολλῷ

1051 1639 1149 1674 μᾶλλον
1162 1637 1234 1665 αὐτοὶ
1252 1636 1402 1669 δοξάζονται
1411 1658 1418 1671 ,
1434 1635 1479 1663 καὶ
1491 1634 1574 1674 τούτῳ
1589 1637 1668 1674 αὐτῷ,
1680 1634 1725 1664 καὶ
1736 1636 1817 1674 χωρὶς

1050 1682 1150 1711 τούτου.
1163 1682 1233 1715 Δόξα
1250 1682 1301 1720 γάρ
1320 1683 1389 1710 ἐστιν
1403 1683 1419 1715 ἡ
1437 1682 1522 1720 θλῖψις
1540 1683 1556 1716 ἡ
1570 1681 1612 1709 διὰ
1628 1681 1758 1719 Χριστὸν,
1771 1681 1817 1710 καὶ

1050 1730 1186 1767 πανταχοῦ
1201 1727 1274 1760 δόξαν
1289 1727 1317 1755 τὸ
1330 1731 1441 1765 πρᾶγμα
1455 1728 1530 1755 καλεῖ
1542 1738 1547 1743 ·
1561 1726 1606 1755 καὶ
1618 1726 1671 1765 ὅσῳ
1684 1725 1713 1754 ἂν
1724 1726 1817 1763 ἄτιμόν

1049 1785 1074 1801 τι
1088 1773 1224 1810 πάθωμεν,
1234 1772 1348 1809 τοσούτῳ
1362 1772 1461 1809 μᾶλλον
1474 1771 1599 1810 γινόμεθα
1612 1771 1739 1810 λαμπροί.
1750 1767 1818 1800 E‘iw

1050 1819 1129 1847 πάλιν
1151 1817 1250 1851 δεικνὺς
1275 1818 1315 1846 ὅτι
1336 1817 1381 1846 καὶ
1403 1820 1478 1845 τοῦτο
1499 1816 1561 1844 αὐτὸ
1587 1819 1632 1844 τοῦ
1655 1818 1726 1846 Θεοῦ
1748 1818 1817 1854 ἔστι,

1050 1864 1128 1903 φησὶ,
1144 1865 1220 1893 Κατὰ
1240 1863 1286 1899 τὴν
1305 1863 1384 1902 χάριν
1402 1866 1446 1891 τοῦ
1461 1864 1531 1891 Θεοῦ
1553 1863 1630 1900 ἡμῶν
1650 1862 1694 1891 καὶ
1716 1863 1815 1902 Κυρίου

1050 1910 1137 1944 Ἰησοῦ
1158 1910 1288 1948 Χριστοῦ·
1310 1908 1442 1942 τουτέστι,
1466 1907 1562 1942 ταύτην
1582 1907 1630 1942 τὴν
1655 1907 1733 1947 χάριν
1753 1911 1817 1946 ἡμῖν

1050 1955 1126 1987 αὐτὸς
1141 1955 1235 1983 ἔδωκεν
1252 1957 1265 1982 ὁ
1279 1954 1361 1989 Θεὸς,
1373 1953 1415 1982 ἵνα
1432 1952 1572 1986 δοξάζηται
1584 1953 1611 1980 ἐν
1625 1955 1701 1990 ἡμῖν,
1717 1953 1761 1981 καὶ
1776 1954 1818 1982 δο-

1050 2000 1112 2038 ξάζῃ
1132 2002 1202 2038 ἡμᾶς
1219 2001 1245 2027 ἐν
1267 2000 1347 2038 αὐτῷ.
1364 1999 1427 2030 Πῶς
1444 1997 1578 2031 δοξάζεται
1603 1999 1628 2026 ἐν
1652 2000 1729 2035 ἡμῑν;
1754 1996 1817 2026 “ou

1050 2045 1122 2074 οὐδὲν
1137 2047 1214 2073 αὐτοῦ
1231 2047 1411 2083 προτιμῶμεν.
1432 2044 1496 2075 Πῶς
1511 2042 1668 2080 δοξαζόμεθα
1682 2044 1708 2071 ἐν
1731 2043 1818 2081 αὒτῷ;

1050 2090 1113 2119 c‘Ori
1125 2090 1234 2128 δύναμιν
1251 2090 1394 2128 εἰλήφαμεν
1409 2088 1473 2127 παρ’
1490 2089 1568 2116 αὐτοῦ
1585 2087 1653 2116 ὥστε
1667 2086 1732 2126 μηδὲ
1745 2088 1817 2117 ἐνδι-

1050 2136 1122 2165 δόναι
1138 2141 1190 2168 τοῖς
1207 2135 1377 2174 ἐπαγομένοις
1392 2135 1491 2166 δεινοῖς.
1510 2133 1595 2170 ‘Oooss
1609 2133 1660 2172 γὰρ
1675 2133 1735 2161 ὅταν
1754 2144 1817 2162 πει-

1051 2182 1150 2220 ρασμὸς
1175 2181 1282 2219 συμὸῇ,
1305 2180 1349 2209 καὶ
1368 2182 1381 2208 ὁ
1396 2179 1464 2212 Θεὸς
1486 2178 1633 2215 δοξάζεται,
1657 2178 1702 2207 καὶ
1725 2180 1815 2217 ἡμεῖς·

1051 2228 1127 2256 αὐτὸν
1141 2226 1186 2265 μὲν
1201 2226 1252 2265 γὰρ
1267 2225 1425 2260 δοξάζουσιν,
1434 2224 1475 2253 ὅτι
1487 2224 1567 2256 οὕτως
1580 2227 1650 2262 ἡμᾶς
1661 2223 1815 2264 ἐνεύρωσεν·

1050 2276 1120 2311 ἡμᾶς
1138 2273 1164 2301 δὲ
1182 2273 1371 2310 θαυμάζουσιν,
1383 2271 1422 2299 ὅτι
1437 2270 1521 2303 ἀξίους
1533 2269 1638 2302 ἑαυτοὺς
1652 2269 1816 2308 παρεσκευά-

1051 2330 1144 2356 σαμεν.
1164 2318 1257 2347 Πάντα
1277 2317 1303 2346 δὲ
1318 2320 1401 2345 ταῦτα
1420 2316 1472 2344 ἀπὸ
1485 2317 1532 2349 τῆς
1553 2315 1660 2354 χάριτος
1678 2317 1723 2343 τοῦ
1745 2316 1815 2343 Θεοῦ

1049 2364 1158 2402 γίνεται.
1173 2363 1330 2402 Ἔρωτῶμεν
1349 2361 1376 2389 δὲ
1392 2363 1472 2399 ὑμᾶς,
1489 2360 1607 2399 ἀδελφοὶ,
1623 2358 1689 2397 ὑπὲρ
1705 2360 1752 2393 τῆς
1765 2371 1816 2388 πα-

1051 2409 1152 2449 ρουσίας
1166 2412 1210 2438 τοῦ
1225 2408 1320 2447 Κυρίου
1336 2408 1412 2444 ἡμῶν
1429 2406 1517 2441 Ἰησοῦ
1538 2407 1654 2444 Χριστοῦ
1672 2405 1716 2433 καὶ
1737 2405 1813 2443 ἡμῶν

1048 2457 1247 2493 ἐπισυναγωγῆς
1261 2455 1302 2483 ἐπ’
1318 2453 1392 2482 αὐτὸν
1401 2474 1408 2487 ,
1424 2454 1460 2485 εἷς
1471 2453 1500 2481 τὸ
1516 2452 1552 2490 μὴ
1567 2451 1668 2490 ταχέως
1680 2451 1811 2485 σαλευθῆ-

1047 2514 1090 2530 ναι
1111 2503 1178 2538 tua<
1195 2501 1247 2529 ἀπὸ
1266 2503 1311 2528 τοῦ
1324 2499 1388 2531 νοός.
1404 2498 1473 2527 Πότε
1491 2497 1537 2536 μὲν
1559 2497 1632 2526 ἔσται
1653 2496 1810 2531 ἀνάστασις,

1047 2548 1092 2575 οὐκ
1108 2547 1223 2585 εἴρηκεν·
1240 2546 1278 2574 ὅτι
1295 2545 1321 2573 δὲ
1334 2547 1376 2573 νῖν
1392 2546 1438 2573 οὐκ
1447 2544 1530 2579 ἔσται,
1545 2542 1641 2582 εἴρηκε.
1656 2541 1708 2572 Καὶ
1722 2543 1808 2579 ἡμῶν,
