1893 2860
372 153 404 175 m
435 153 542 176 EPlST.
573 154 609 177 11.

47 214 78 242 τὸ
92 214 308 253 ἀποκαλυφθῆναι
324 216 401 245 αὐτὸν
416 217 444 244 ἐν
459 218 498 256 τῷ
514 217 607 246 ἑαυτοῦ
624 217 725 255 καιρῷ,
740 215 813 255 φησί.

47 259 87 288 Τὸ
99 259 151 298 γὰρ
170 260 312 301 μυσῒῆρῑον
335 263 386 299 ἤδη
401 265 545 304 ἐνεργεῖται
559 265 606 299 τ’ῆς
626 262 747 301 ἀνομίας.
762 260 814 290 Νέ-

48 317 118 345 ρωνα
137 307 249 336 ἐνταῦθά
269 320 359 348 φησιν,
373 312 469 340 ὡσανεὶ
490 310 571 340 τύπον
592 310 655 339 ὄντα
675 312 720 338 τοῦ
740 310 812 337 ἀντι-

45 350 168 390 χρίστου·
190 354 235 382 καὶ
257 355 310 395 γὰρ
335 360 408 391 οὗτος
431 358 553 388 ἐῧούλετο
573 356 725 395 νομίζεσθαι
747 353 812 386 θεός.

44 396 99 426 Καὶ
116 399 203 433 καλῶς
223 404 280 431 εἰπε
298 403 328 432 τὸ
349 405 506 444 μυστήριον·
519 405 548 433 οὗ
566 403 617 443 γὰρ
636 413 766 442 φανερῶς,
778 402 813 433 ὡς

46 443 156 480 ἐκεῖνος,
176 447 235 476 οὐδὲ
257 450 542 491 ἀπνρυθριασμένωςῖ
561 451 596 479 Εἰ
619 449 671 488 γὰρ
695 448 747 486 πρὸ
767 458 813 475 του

45 488 140 526 χρόνου
154 492 252 522 εκείνου
266 496 389 535 ἀνευρέθη
401 520 409 534 ,
422 498 510 536 φησὶν,
523 496 550 529 ὃς
563 497 592 524 οὗ
602 494 669 524 πο)υ
681 497 726 522 τοῦ
741 493 812 521 ἄντι-

44 534 154 573 χρίστου
169 540 223 568 ἕλε’
200 551 288 571 ems-to
301 543 370 572 κατὰ
389 544 437 579 τὴν
450 543 557 578 κακίαν,
574 542 600 570 τί
612 539 773 578 θαυμαστὸν,
789 540 812 566 εἰ

44 581 126 617 ἤδη”
111 595 198 620 εσται;
216 586 295 616 Οὖτω
318 589 350 624 δὴ
365 589 593 628 συνεσκιασμένως
610 583 680 622 εἶπε,
694 596 739 614 και
763 597 811 624 φα-

44 628 117 666 νερὸν
140 632 216 660 αὐτὸν
239 635 285 662 οὐκ
305 635 419 670 ἠθέλησε
439 638 568 671 ποιῆσαι,
581 636 609 664 οὐ
635 633 677 662 διὰ
702 631 811 667 δειλίαν,

45 672 114 701 ἀλλὰ
134 676 266 706 παιδεύων
289 681 359 716 ἡμᾶς
381 680 418 718 μὴ
436 679 560 719 περιττὰς
573 679 669 718 ἔχθρας
684 676 812 715 ἀναδέχε-

45 721 121 755 σθαι,
140 721 203 750 ὅταν
217 724 284 761 μηδὲ
286 736 299 752 ν
313 728 328 764 ᾖ
343 725 373 753 τὸ
389 730 553 764 κατεπεῖγον.
569 725 647 754 Ουτω
666 725 697 759 δὴ
713 735 759 753 και
773 725 812 752 ἐν·

43 766 126 795 muno}
146 779 224 806 φησι·
245 770 333 799 Μόνον
354 774 368 800 6
390 772 510 811 κατέχων
532 772 592 811 ἄρτι
613 772 661 804 ἕως
681 772 710 800 ἐκ
732 769 812 808 μέσου

639 153 685 176 ΑΒ
711 153 871 176 TRESSAL.
900 153 978 177 CAP.
1006 154 1041 178 11.
1071 155 1189 178 nomn„

1539 143 1610 178 613

872 215 962 254 utqui
981 216 1032 245 sub
1046 227 1077 246 eo
1096 216 1216 246 viverent
1233 223 1258 246 et
1271 216 1425 246 militarent.
1441 216 1504 246 Ideo
1527 227 1611 256 neque

869 261 918 297 ita,
931 272 1015 301 neque
1030 263 1082 292 cito
1095 263 1215 292 futurum
1228 262 1311 299 dixit,
1329 273 1492 302 quamquam
1505 273 1611 303 semper

870 306 942 336 idem
956 308 1042 347 dicit;
1058 309 1105 338 sed
1117 309 1206 348 quid?
1222 310 1260 339 Ut
1272 309 1424 346 reveletur,
1439 309 1537 348 inquit,
1551 311 1612 349 ipse

834 359 850 381 F
868 355 900 382 in
917 365 969 384 suo
993 362 1126 394 tempore
1142 357 1220 385 liam
1240 358 1413 393 mysterium
1421 358 1488 397 jam
1503 367 1609 396 opera-

1219 155 1266 178 lV.

869 405 918 428 tur
936 403 1114 440 ianuitatis.
1128 403 1261 431 Neronem
1284 402 1327 431 hic
1354 402 1439 439 dicit,
1455 411 1484 432 ut
1504 404 1551 442 qui
1573 403 1608 433 sit
1617 417 1676 439 Nero
1697 424 1760 448 'fr'ffi

1180 448 1226 477 ille
1243 448 1316 477 enim
1333 449 1441 479 volebat
1459 457 1608 479 existimari
1618 444 1758 472 ‘buch-¹³¹·

868 452 951 485 typus
974 447 1158 476 Antichristi:

868 490 941 520 deus.
954 492 1036 521 Recte
1052 500 1142 522 autem
1155 493 1240 531 dixit,
1253 495 1427 533 BIysterium
1442 507 1451 522 .·
1465 506 1517 525 non
1537 496 1607 525 enlm

867 544 957 576 aperte
979 538 1048 566 sicut
1065 538 1122 575 ille,
1147 549 1233 576 neque
1254 539 1327 568 omni
1347 547 1429 569 exuto
1451 541 1563 580 pudore.
1577 542 1608 571 Si

867 582 939 611 enim
950 590 1012 612 ante
1025 584 1097 612 illud
1107 591 1213 623 tempus
1229 584 1365 622 inventus,
1378 585 1474 624 inquit,
1485 587 1547 623 suit,
1561 588 1608 626 qui

867 628 896 656 in
914 628 981 658 vitio
996 640 1049 658 non
1063 629 1182 658 multum
1197 629 1285 658 abfuit
1300 630 1335 658 ab
1354 631 1527 667 Antichristo,
1542 632 1609 670 quid

867 674 969 703 mirum
984 675 1007 703 si
1015 675 1073 714 jam
1086 675 1137 703 erit
1149 675 1162 703 Ξ)
1173 675 1220 704 Sic
1231 674 1344 703 obscure
1354 675 1436 711 dixit,
1453 686 1538 714 neque
1548 688 1610 707 eum

868 721 956 750 voluit
974 720 1086 750 reddere
1096 721 1278 756 manifestum,
1290 731 1343 749 non
1355 728 1465 761 propter
1476 722 1610 773 timorem,

868 766 916 796 sed
938 778 986 797 nos
1000 767 1127 796 erudiens
1146 777 1178 795 ne
1200 777 1410 806 supervacaneas
1432 768 1610 808 suscipiamus

43 810 165 849 γένηται·
179 815 330 852 τουτέστιν,
344 820 360 852 ἡ
384 817 454 856 ἀρχὴ
468 821 485 853 ἠ
503 816 680 855 ‘pumat-,491⁵
665 828 695 844 οτ
698 827 727 845 αν
743 816 810 855 ἀρθῇ
821 821 1038 855 5301n1m1c1tias
1057 824 1119 842 cum
1136 813 1207 842 nihil
1225 813 1259 842 sit
1283 812 1356 851 quod
1377 821 1481 852 urgeat.
1502 816 1542 844 Ita
1565 815 1611 844 hic

43 858 73 886 ἔκ
88 858 184 895 μέσου,
199 860 258 890 τότε
272 863 369 896 ἐκεῖνος
383 863 448 898 ἥξει.
464 863 516 893 Και
537 863 653 895 εἰκότως.
668 862 741 895 εἝως
760 861 810 901 γὰρ

43 902 74 931 ἂν
88 906 102 933 6
115 904 214 941 ταύτης
227 902 245 945 ᾗ
259 910 307 943 τῆς
321 909 405 948 ἀρχῆς
421 909 514 948 φόὸος,
529 909 612 941 οὐδεὶς
624 908 728 947 ταχέως
747 909 810 936 ὓπο-

42 950 202 988 ταγῆσεται·
217 952 278 981 ὅταν
299 955 326 983 δὲ
348 955 415 990 αὕτη
437 956 588 994 καταλυθῇ,
603 954 758 989 ἐπιθήσεται
778 955 810 992 τῇ

42 996 171 1036 ἀναρχίᾳ,
185 1010 230 1027 και
243 999 290 1035 τὴν
311 1002 362 1029 τῶν
379 1000 524 1039 ἀνθρώπων
538 1001 584 1030 καὶ
606 1000 654 1036 τὴν
678 1003 723 1029 τοῦ
742 1001 812 1029 Θεοῦ

42 1042 231 1083 ε’·ιιϊχειρήσειε
218 1057 272 1084 αρπ
264 1058 336 1075 ασαι
351 1047 445 1086 ἀρχήν.
459 1047 565 1086 Ωσπερ
582 1059 632 1085 γαρ
648 1048 674 1075 αἱ
688 1046 739 1084 πρὸ
753 1046 811 1075 τού-

42 1098 88 1115 του
103 1090 282 1126 κατελύθησαν
305 1093 452 1129 βασιλεῖαι,
468 1088 520 1121 οἷον
535 1095 551 1127 ἡ
574 1092 672 1127 Μήδων
693 1092 744 1121 ὑπὸ
757 1093 809 1120 τῶν

42 1132 229 1171 Βαὸυλωνίων,
240 1139 256 1171 ἡ
271 1137 445 1167 Βαὸυλωνίων
463 1138 514 1167 ὑπὸ
532 1139 677 1177 Περσῶν,ἡ
697 1139 810 1177 Περσῶν

41 1179 92 1208 ὑπὸ
107 1181 277 1219 Μακεδόνων,
293 1186 309 1218 ἦ
325 1184 486 1213 Μακεδόνων
506 1184 556 1213 ὑπὸ
570 1184 726 1222 ζΡωμαίων·
741 1184 810 1212 οὕτω

41 1225 87 1253 καὶ
112 1226 178 1262 αὕτη
203 1228 253 1257 ὑπὸ
276 1232 321 1257 τοῦ
346 1230 524 1270 ἀντιχρίστου,
546 1232 664 1263 κάκεῖνος
691 1230 741 1259 ὑπὸ
765 1232 810 1259 τοῦ

41 1271 168 1309 Χριστοῦ,
180 1274 225 1302 καὶ
240 1274 326 1304 οὐκέτι
340 1276 450 1309 καθέξει.
464 1276 516 1305 Καὶ
530 1278 613 1304 ταῦτα
629 1275 696 1314 μετὰ
710 1276 810 1311 πολλῆς

40 1319 88 1352 τῆς
100 1319 243 1357 σαφηνείας
258 1323 272 1349 ὁ
285 1321 387 1356 Δανιὴλ
400 1324 463 1360 ἡμῖν
483 1323 737 1361 παρακατατίθεται.
756 1322 810 1351 Καὶ

39 1362 112 1399 τότε,
127 1364 216 1402 φησὶν,
231 1366 479 1406 ἀποκαλυφθήσεται
491 1370 504 1396 6
516 1368 621 1406 ἄνομος.
636 1368 690 1397 Καὶ
703 1368 729 1396 τί
741 1368 809 1406 μετὰ

39 1409 242 1449 ταῦταςἘγγὺς
260 1414 277 1446 ἡ
292 1413 460 1452 παραμυθία·
475 1414 567 1452 ἐπάγει
584 1413 649 1452 γάρ·
664 1412 716 1442 ὃΟν
731 1416 744 1442 6
758 1413 807 1442 Κύ-

40 1465 94 1492 ριος
107 1455 224 1492 Ἰησοῦς,
240 1469 330 1496 φησιν,
344 1458 476 1488 ἀναλώσει
489 1461 550 1498 τῷ
541 1459 672 1497 πνεύματι
685 1462 731 1488 τοῦ
747 1459 808 1488 στό-

41 1513 123 1539 ματος
144 1505 234 1540 αὐτου,
250 1504 296 1533 καὶ
290 1505 470 1561 καταργήσει
483 1508 516 1544 τῇ
528 1505 669 1544 ἐπιφανεία
690 1507 738 1540 τῆς
757 1517 808 1533 πα

40 1548 146 1586 ρουσίας
164 1552 260 1585 αὐτου,
277 1553 305 1580 οὑ
327 1563 398 1580 εστιν
413 1554 451 1586 ἠ,
442 1551 574 1591 παρουσία
593 1553 652 1580 κατ’
671 1551 804 1591 ενέργειαν

40 1595 86 1622 τοῦ
107 1600 217 1625 σατανα,
241 1597 368 1637 Καθαπερ
387 1609 439 1636 γαρ
460 1600 513 1637 πῧρ
534 1598 642 1627 ἐπελθὸν
665 1599 754 1631 ἁπλῶς
773 1598 807 1627 τὰ

41 1640 124 1680 μικρὰ
149 1641 249 1681 ζωῦφια
271 1643 315 1672 καὶ
337 1644 389 1683 πρὸ
407 1646 455 1678 τῆς
473 1644 618 1683 παρουσίας
637 1647 718 1680 αὗτῆς
738 1646 806 1685 ³653-

40 1688 121 1724 ῥωθεν
141 1688 203 1716 ὄντα
219 1695 317 1729 ναρκᾷν
330 1694 400 1719 ποιεῖ
414 1690 460 1719 καὶ
474 1691 624 1720 ἀναλίσκει·
639 1691 708 1720 οὕτω
725 1692 770 1721 καὶ
793 1695 807 1721 6

39 1733 152 1773 Χριστὸς
166 1737 203 1774 τῷ
218 1737 380 1776 ἐπιτάγματι
396 1737 473 1775 μόνον
490 1737 535 1766 καὶ
551 1740 583 1776 τῇ
607 1738 739 1778 παρουσίᾳ
762 1739 806 1767 τὸν

39 1779 205 1820 ἀντίχριστον
221 1783 358 1812 ἀναλώσει.
375 1783 460 1823 Ἀρκεῖ
480 1788 603 1822 παρεῖναι
627 1784 713 1820 αὐτὸν,
740 1788 750 1799 ‘²
763 1784 807 1812 καὶ

38 1829 122 1854 ταῦτα
138 1827 225 1856 πάντα
240 1829 362 1857 ἀπόλωλε
371 1841 377 1846 “

38 1872 89 1905 vel<
114 1873 199 1912 μόνον.
212 1870 281 1903 Εἶτα
301 1876 387 1910 δηλῶν
410 1875 450 1908 τίς
463 1877 535 1904 ἐστιν
549 1870 638 1911 οὗτος,
654 1871 695 1905 Οῧ
719 1879 734 1912 ἡ
750 1889 806 1905 πα-

400 1829 491 1864 στὴσει
505 1829 553 1864 τὴν
569 1830 674 1865 ἀπάτην
694 1831 738 1858 καὶ
759 1842 807 1869 φα-

40 1920 131 1956 ρουσία
149 1922 207 1950 κατ’
227 1920 358 1959 ἐνέργειαν
372 1924 417 1950 τοῦ
431 1926 545 1950 σατανᾶ·
567 1921 614 1950 Ἐν
638 1922 711 1961 πάσῃ
727 1922 807 1952 δυνά-

40 1977 93 2003 μει,
103 1966 231 2004 φησὶ,κα“ι
244 1967 361 2004 σημείοις
373 1967 419 1995 καὶ
435 1966 525 2005 τέρασι
537 1967 804 2004 ψεύδους.Τουτε’στι,

37 2015 124 2040 πᾶσαν
140 2011 297 2045 ἐπιδείξεται
318 2012 439 2049 δύναμιν,
454 2013 512 2040 ἀλλ’
526 2012 597 2041 οὐδὲν
620 2012 714 2047 ἀληθὲς
736 2015 804 2043 ἀλλὰ

36 2059 102 2098 πρὸς
123 2058 229 2093 ἀπάτην
255 2058 289 2086 τὰ
309 2058 405 2086 πάντα.
425 2059 519 2087 Ταῦτα
540 2062 676 2096 προεῖπεν,
699 2058 743 2088 ἵνα
766 2060 803 2098 μὴ

35 2105 207 2139 ἀπατηθῶσιν
219 2105 243 2133 οἱ
255 2104 326 2132 τότε.
342 2104 395 2133 Καὶ
409 2103 510 2142 τέρασι,
523 2104 600 2143 φησὶ,
612 2104 732 2142 ψεύδους·
745 2105 804 2140 ἤτοι

35 2150 243 2190 διεψευσμένοις,
264 2150 281 2185 ἢ
305 2152 342 2184 εἰς
365 2151 459 2189 ψεῦδος
484 2150 585 2188 ἄγουσι.
601 2150 654 2179 Καὶ
677 2151 704 2179 ἐν
729 2151 802 2192 παίσῃ

32 2198 123 2235 ἀπάτῃ
147 2199 194 2231 τ’ἧς
221 2197 324 2229 ἀδικίας
349 2197 376 2224 ἐν
397 2200 451 2229 τοῖς
473 2196 672 2234 ἀπολλυμένοις.
696 2197 733 2226 Τί
759 2194 802 2227 οὖν

32 2243 210 2282 συνεχώρησε,
230 2242 317 2281 φησὶν,
330 2245 344 2272 6
365 2242 433 2275 Θεὸς
443 2244 520 2271 τοῦτο
533 2242 664 2281 γενέσθαι,
676 2242 721 2271 καὶ
740 2243 803 2272 ποία

32 2291 98 2326 αὕτη
113 2290 263 2328 οἷκονομία;
276 2290 302 2318 τί
318 2289 345 2319 δὲ
364 2289 395 2317 τὸ
409 2288 499 2328 κέρδος
519 2291 566 2324 τῆς
583 2288 683 2318 ἐκείνου
705 2301 804 2329 παρου-

33 2336 90 2370 σίας
106 2336 151 2365 ἐπὶ
167 2336 238 2375 λύμῃ
260 2338 337 2374 ἡμῶν
361 2335 646 2375 παραγενομένουςΜὴ
671 2336 803 2375 φοὲηθῇς,

34 2382 168 2422 ἀγαπητὲ,
181 2383 239 2411 ἀλλ’
256 2383 335 2412 ἄκουε
349 2382 469 2421 λέγοντος
484 2382 561 2411 αὐτοῦ
570 2394 576 2399 ·
591 2383 618 2410 ἐν
640 2387 693 2416 τοῖς
718 2383 802 2412 ἀπολ-

69 2495 79 2506 ·
100 2493 171 2528 [ἕπῃ
180 2493 252 2518 addit
263 2493 349 2527 coin]

70 2542 79 2552 ³
99 2533 164 2558 Alius
179 2533 265 2558 Codex
282 2534 317 2560 sic
329 2533 406 2558 habet
425 2537 460 2559 ικὶ
482 2537 556 2559 πάντα
575 2537 689 2565 οἰχήσεται
707 2537 735 2558 τά
754 2539 791 2561 τῆς

830 865 850 886 A
867 870 974 898 quoque
995 859 1072 889 dicit.
1090 861 1219 888 Tantum
1241 866 1273 888 ut
1295 861 1348 899 qui
1372 866 1449 889 tenet
1464 861 1556 897 nunc,
1569 868 1611 890 te—

870 913 939 934 neat
964 907 1056 935 donec
1071 917 1087 934 e
1102 906 1197 934 medio
1208 905 1276 944 fiat.
1290 905 1349 934 Hoc
1367 912 1417 942 est,
1431 906 1540 944 quando
1556 908 1610 936 Ro-

868 962 1011 981 manorum
1031 952 1177 992 imperium
1195 951 1230 980 de
1248 950 1337 980 medio
1357 951 1439 980 suerit
1458 953 1608 991 sublatum,

867 1004 931 1027 tunc
945 998 991 1027 ille
1008 998 1108 1027 veniet.
1121 997 1157 1026 Et
1170 997 1275 1027 merito.
1290 996 1428 1032 Quamdiu
1444 997 1514 1026 enim
1528 998 1611 1028 fuerit

867 1051 953 1072 metus
979 1044 1062 1084 hujus
1089 1043 1197 1083 imperii
1211 1066 1219 1081 ‚
1237 1053 1315 1072 nemo
1339 1044 1394 1072 cito
1422 1043 1581 1083 subjicietur
1602 1056 1608 1072 :

866 1089 974 1128 quando
990 1097 1080 1118 autem
1096 1089 1148 1118 hoc
1161 1089 1242 1118 fuerit
1259 1098 1397 1125 eversum,
1409 1099 1508 1119 vacans
1530 1090 1611 1119 inva-

866 1136 912 1165 det
938 1136 1100 1176 imperium,
1118 1135 1314 1174 hominumque
1337 1142 1362 1164 et
1389 1136 1440 1164 Dei
1464 1136 1610 1176 imperium

866 1182 1040 1222 aggredietur
1055 1193 1157 1222 rapere.
1177 1182 1253 1211 Sicut
1264 1181 1336 1211 enim
1357 1192 1449 1210 eversa
1467 1189 1530 1211 sunt
1551 1193 1610 1221 quae

867 1235 927 1257 ante
947 1228 1017 1256 illud
1034 1228 1144 1256 fuerunt
1163 1239 1256 1267 regna,
1272 1234 1302 1256 ut
1324 1227 1469 1256 Medorum
1483 1239 1499 1256 a
1513 1228 1610 1268 Baby-

866 1274 961 1311 loniis,
976 1274 1194 1314 Babyloniorum
1213 1285 1229 1303 a
1248 1274 1350 1310 Persis,
1363 1274 1506 1303 Persarum
1519 1285 1534 1303 a
1546 1276 1611 1304 Ma-

828 1320 845 1343 B
866 1320 1031 1356 cedonibus,
1042 1320 1223 1349 Macedonum
1237 1331 1251 1349 a
1263 1319 1392 1348 Romanis
1406 1331 1412 1347 :
1428 1320 1466 1348 ita
1479 1320 1531 1349 hoc
1545 1331 1611 1359 quo-

865 1378 918 1405 que
926 1367 960 1395 ab
966 1366 1142 1403 Antichristo,
1151 1373 1177 1395 et
1189 1366 1236 1395 ille
1247 1377 1262 1394 a
1271 1366 1389 1400 Christo,
1396 1373 1421 1394 et
1432 1377 1483 1395 non
1493 1367 1611 1406 amplius

866 1412 999 1441 retinebit.
1011 1411 1047 1440 Et
1060 1411 1112 1440 hoc
1125 1422 1189 1440 cum
1203 1421 1300 1450 magna
1315 1411 1452 1440 evidentia
1465 1412 1542 1440 nobis
1556 1419 1612 1441 tra-

864 1457 907 1486 dit
922 1458 1028 1486 Daniel.
1060 1459 1102 1486 Et
1122 1464 1209 1491 tunc,
1227 1457 1332 1496 inquit,
1354 1457 1535 1486 revelabitur
1551 1460 1611 1487 ini-

864 1514 947 1543 quus.
957 1504 993 1532 Et
1005 1503 1072 1542 quid
1082 1510 1173 1544 postea
1182 1504 1196 1532 P
1205 1505 1293 1543 Prope
1301 1510 1341 1532 est
1353 1503 1497 1532 consolatio
1510 1504 1612 1544 :subji-

865 1550 901 1578 cit
914 1549 986 1579 enim
998 1562 1004 1578 :
1018 1550 1109 1588 Quem
1120 1550 1277 1585 Dominus,
1290 1549 1387 1588 inquit,
1396 1550 1485 1578 Jesus
1494 1551 1611 1590 interfi-

863 1599 919 1626 ciet
934 1599 1038 1636 spiritu
1058 1598 1116 1626 oris
1136 1599 1200 1635 sui,
1217 1603 1243 1625 et
1265 1597 1393 1625 destruet
1413 1597 1612 1627 illustratione

863 1645 1007 1673 adventus
1029 1646 1095 1681 sui,
1108 1645 1193 1683 cujus
1217 1650 1260 1672 est
1281 1643 1425 1672 adventus
1450 1644 1612 1672 secundum

863 1692 1061 1729 operationem
1072 1696 1194 1719 satanae.
1206 1689 1282 1718 Sicut
1296 1689 1367 1717 enim
1382 1688 1452 1728 ignis
1465 1689 1487 1717 si
1505 1695 1610 1718 tantum

862 1736 990 1765 invaserit
1003 1747 1087 1775 parva
1097 1735 1269 1772 animalcula,
1283 1742 1344 1763 ante
1357 1746 1437 1764 suum
1449 1735 1607 1772 adventum,

863 1783 968 1811 etiamsi
982 1783 1036 1811 sint
1049 1783 1155 1822 procul,
1170 1789 1304 1822 torporem
1319 1782 1406 1821 injicit
1420 1789 1445 1811 et
1456 1783 1588 1811 consumit
1601 1795 1606 1810 :

826 1838 844 1861 (ζ
863 1828 901 1857 ita
916 1828 1043 1857 Christus
1061 1839 1177 1866 quoque,
1187 1829 1266 1867 jussu
1283 1828 1340 1856 solo
1359 1834 1385 1856 et
1398 1828 1539 1867 praesentia
1553 1830 1608 1856 An-

863 1874 1016 1902 tichristum
1040 1873 1073 1902 de
1091 1873 1181 1902 medio
1196 1873 1280 1901 tollet.
1290 1873 1361 1902 Satis
1372 1880 1409 1901 est
1428 1883 1490 1901 eum
1506 1873 1607 1910 adesse,

862 1927 888 1949 et
905 1920 963 1948 haec
984 1919 1074 1948 omnia
1092 1919 1220 1958 peribunt
1235 1930 1242 1946 :
1257 1918 1333 1947 sistet
1355 1918 1501 1955 fallaciam,
1520 1919 1542 1947 si
1562 1919 1607 1948 vel

860 1973 967 1996 tantum
987 1965 1150 2005 apparuerit.
1162 1966 1223 1995 Jam
1237 1975 1301 1994 vero
1322 1964 1462 1994 ostendens
1483 1965 1543 2003 quis
1561 1965 1606 1994 hic

861 2013 906 2049 sit,
917 2013 1007 2052 Cujus
1019 2018 1062 2040 est
1081 2011 1224 2040 adventus
1238 2011 1396 2040 secundum
1409 2013 1605 2050 operationem

860 2065 977 2087 satanoe
995 2069 1003 2084 :
1020 2059 1057 2085 In
1074 2059 1155 2086 omni
1171 2059 1296 2093 virtute,
1313 2056 1416 2094 inquit,
1431 2062 1459 2084 et
1473 2058 1565 2096 signis
1577 2064 1605 2086 ec

859 2106 1000 2144 prodigiis
1014 2105 1212 2133 mendacibus.
1229 2104 1287 2132 Hoc
1302 2110 1350 2139 est,
1364 2114 1470 2132 omnem
1484 2103 1605 2133 ostendet

860 2152 989 2180 virtutem
999 2162 1030 2179 ac
1042 2150 1189 2190 potentiam
1202 2162 1209 2187 ;
1220 2157 1247 2179 at
1262 2150 1331 2178 nihil
1346 2150 1502 2186 verum‚sed
1514 2150 1604 2179 omnia

859 2197 894 2226 ad
915 2197 1109 2236 deceptionem.
1134 2196 1197 2224 Haec
1217 2196 1366 2235 praedixit,
1381 2207 1413 2225 ne
1433 2196 1604 2236 decipiantur

859 2243 905 2281 qui
926 2250 990 2272 tunc
1012 2249 1102 2271 erunt.
1116 2243 1152 2270 In
1170 2243 1322 2281 prodigiis,
1336 2242 1435 2280 inquit,
1452 2243 1604 2271 mendaci-

822 2301 840 2324 n
859 2291 913 2318 bus
925 2312 933 2324 ,
961 2300 1007 2318 seu
1035 2289 1109 2317 salsis
1121 2311 1128 2325 ,
1145 2289 1190 2317 vel
1214 2288 1405 2317 inducentibus
1431 2288 1466 2317 ad
1495 2289 1602 2318 falsum.

859 2337 906 2365 10.
922 2337 962 2364 Et
979 2337 1010 2364 in
1033 2337 1113 2363 omni
1129 2335 1298 2363 seductione
1314 2336 1481 2374 iniquitatis
1497 2337 1533 2364 iis
1552 2338 1603 2374 qui

855 2388 986 2421 pereunt.
1003 2382 1059 2411 Cur
1082 2392 1156 2420 crgo,
1177 2381 1278 2420 inquit,
1291 2381 1415 2421 permisit
1433 2382 1507 2411 Deus
1528 2389 1556 2410 ut
1578 2382 1601 2412 is

843 2495 936 2521 κλίνης.
