1893 2860
405 155 437 177 IN
464 154 571 177 EPlST-
600 155 618 176 Ι.

63 228 88 245 τι
104 216 185 253 μηδὲν
199 217 309 246 εἰδέναι·
321 218 334 245 6
347 216 398 256 γὰρ
414 216 450 255 μὴ
468 216 542 250 εἰδὼς
565 216 632 256 ἅπερ
647 216 742 245 εἰδέναι
761 215 829 255 χρὴ,

648 154 665 176 A
674 154 692 175 1)
719 153 859 177 ΤΙΜΟΤΠ.

889 154 966 176 (ΣΑΡ.
998 153 1043 176 Vl·
1078 153 1198 176 nomm„

1559 140 1629 187 097

884 215 930 243 ille
941 215 1008 244 nihil
1018 215 1078 244 scit.
1093 215 1173 252 Quod
1185 222 1275 244 autem
1287 225 1321 243 ex
1331 213 1482 253 ignorantia
1503 212 1628 252 superbia

1227 153 1298 176 xvu
1305 167 1312 174 .

61 261 132 291 οὐδὲν
150 258 212 291 οἶδε.
227 262 279 291 Καὶ
292 261 331 290 ὅτι
352 263 382 291 ἐκ
401 266 446 292 τοῦ
463 262 545 300 μηδὲν
557 262 652 292 εἰδέναι
665 262 830 301 ὑπερηφανία
850 268 866 290 F
885 260 1090 297 nascat111·,lii11c
1104 261 1203 299 liquet:
1216 260 1340 289 Christus
1354 259 1527 298 semetipsum
1537 258 1628 287 exina-
1641 264 1744 295 Philipp.
1759 272 1781 287 2.

61 307 175 345 γίνεται,
190 309 268 343 δῆλον
283 310 379 337 ἐκεῖθεν
391 321 396 326 ·
409 311 422 338 ὁ
434 310 546 348 Χριστος
558 309 682 338 ἐκένωσεν
699 308 803 337 ἑαυτόψ
818 310 832 336 ὁ

59 355 135 382 τοῦτο
147 354 232 383 τοίνυν
249 354 323 387 εἰδὼς
337 357 366 384 οὐ
382 355 450 393 μέγα
461 356 584 395 φρονήσει
599 355 678 384 ποτέ’
697 354 768 383 οὐδὲν
781 353 832 392 γὰρ

60 398 115 438 ἔχει
129 399 263 439 ἄνθρωπος
275 423 282 436 ,
296 402 317 430 εἰ
330 401 366 439 μὴ
381 401 456 440 παρὰ
466 405 511 431 τοῦ
523 403 593 430 Θεοῦ
604 414 609 419 ·
621 403 710 430 οὐκοῦν
720 403 749 430 οὐ
764 400 833 439 μέγα

61 445 192 485 φρονήσει.
204 446 240 475 Τι’
251 447 301 487 γὰρ
313 448 381 487 ἔχεις
394 448 463 477 ’δὀὐκ
473 447 578 483 ἕλαὸεςς
587 448 671 480 Αὐτὸς
681 447 739 479 τοὺς
751 447 833 478 πόδας

59 490 131 530 ἔνιψε
138 494 188 522 τῶν
199 497 332 531 μαθητῶν.
342 494 375 524 Ὁ
383 497 459 524 τοῦτο
468 494 541 527 εἰδὼς
549 517 556 530 ,
571 497 627 526 πῶς
639 493 830 532 ἐπαρθήσεται·

824 515 831 527 ⁷
838 517 874 535 6118

886 306 1039 345 uixitzergo
1055 308 1101 345 qui
1122 308 1172 336 boc
1187 308 1237 336 scit
1262 317 1410 345 numquam
1425 306 1509 334 altum
1523 296 1660 344 sapi‹·t:3·

885 352 955 381 nihil
968 354 1068 393 quippe
1083 354 1162 382 habet
1183 354 1275 391 homo,
1301 353 1352 382 nisi
1369 364 1382 382 a
1398 354 1455 381 Deo
1477 351 1626 392 acceperit:

885 409 947 437 crgo
959 411 1010 429 uon
1026 401 1111 429 altum
1126 401 1219 441 sapiet.
1239 401 1318 438 Quid
1340 402 1416 429 enim
1442 401 1532 428 halles
1550 399 1629 438 quod
1643 398 1741 428 har-4
1758 405 1780 426 7·

886 456 943 474 non
965 450 1127 485 accepisti?
1142 449 1192 477 Ille
1219 448 1299 487 pedes
1325 447 1392 477 lavit
1417 447 1624 486 discipulorum.

885 491 940 526 Qui
952 492 1003 521 hoe
1014 494 1074 531 scit,
1089 493 1223 531 quomodo
1232 494 1398 522 extolletur?
1414 493 1475 522 Ideo
1487 493 1536 529 ait,
1554 494 1628 522 Cum

59 536 111 566 Διὰ
122 539 200 568 τοῦτό
213 551 303 579 φησιν,
318 539 405 570 “Όταν
421 540 508 570 πάντα
528 539 671 575 ποιήσητε,
686 539 776 578 λέγετε
792 538 831 567 ὅτι
848 544 866 566 A
885 540 985 566 omnia
992 539 1123 577 feceritis
1136 562 1143 576 ,
1156 540 1245 568 dicite
1256 562 1263 575 ‚
1279 540 1360 568 Servi
1380 541 1500 569 inutiles
1519 550 1627 569 sumus.

59 585 162 623 ἀχρεῖοι
178 586 264 615 δοῦλοί
278 586 408 625 ἐσμεν.Ὁ
420 586 534 622 τελώνης
551 586 602 614 ἀπὸ
616 585 696 623 μόνης
708 596 830 614 ταπεινο-

59 630 189 669 φροσύνης
212 632 399 670 εὐδοκίμησεν,
418 634 431 661 6
454 633 601 672 Φαρισαῖος
625 631 650 666 ἐξ
678 630 831 664 ἀλαζονείας

59 676 189 707 ἀπώλετο.
198 677 232 707 Ὁ
241 678 325 707 τοίνυν
338 678 518 717 τετυφωμένος
528 678 600 707 οὐδὲν
612 677 710 706 τούτων
723 677 829 706 ἐπίστα-

58 735 112 751 ται.
125 723 207 757 Αὐτὸς
218 724 297 753 πάλιν
311 727 324 753 6
336 725 449 763 Χριστός
469 736 556 763 φησιν’
576 725 609 753 Ei
629 726 717 756 κακῶς
731 723 828 759 ἐλάλη-

58 780 108 804 σα,
119 769 286 808 μαρτύρησον
302 770 362 810 περὶ
378 773 423 799 τοῧ
443 772 524 798 κακοῦ
534 782 540 787 ·
553 771 576 798 εἷ
596 769 622 799 δὲ
642 771 744 807 καλῶς,
757 770 783 799 τί
797 782 829 808 με

59 814 142 853 δέρεις
150 827 158 850 ;
171 814 250 844 Ἀλλὰ
262 818 353 852 νοσῶν,
365 816 439 855 φησὶ,
453 816 513 855 περὶ
527 815 657 851 ζητήσεις.
671 815 735 856 Ἄρα
745 821 830 845 νοσεῖν

59 860 158 889 ἔστιτὸ
171 862 267 896 ζητεῖν.
281 861 334 890 Καὶ
356 861 518 901 λογομαχίαι
527 874 532 880 ·
546 861 661 894 εἰκότως.
674 861 760 891 ϋΟταν
778 862 830 901 γὰρ

59 905 111 934 ὑπὸ
120 907 172 934 τῶν
185 908 320 946 λογισμῶν
330 910 346 942 ἡ
358 908 430 947 ψυχὴ
442 908 568 948 πυρέττῃ,
582 907 644 936 ὅταν
654 908 815 947 χειμάζηται
824 930 832 944 ,

60 951 119 981 τότε
133 954 218 988 ζητεῖ·
234 953 296 983 ὅταν
311 954 337 983 δὲ
355 956 380 983 ἐν
397 953 472 992 ὑγεία
487 950 518 993 ᾗ,
535 954 593 983 τότε
608 955 637 983 οὗ
657 955 744 991 ζητεῖ,
764 954 832 984 ἀλλὰ

60 997 108 1033 τὴν
123 998 210 1028 πίστιν
224 1000 339 1039 δέχεται.
349 1000 413 1029 Ἀπὸ
427 1000 454 1029 δὲ
467 1001 598 1036 ζητήσεως
611 1000 656 1029 καὶ
669 1001 832 1040 λογομαχίας

62 1043 134 1074 οὐδὲν
148 1043 218 1074 ἔστιν
231 1047 324 1085 εὑρεῖν.
338 1046 369 1075 Ἃ
381 1046 432 1086 γὰρ
445 1049 462 1082 ἡ
477 1046 565 1079 πίστις
579 1047 771 1085 ἐπαγγέλλεται
788 1048 835 1086 μό-

63 1102 111 1126 νη,
127 1094 143 1126 ἡ
166 1091 274 1126 ζήτησις
287 1091 393 1121 ἐπειδὰν
409 1091 585 1128 ἀναδέξηται,
610 1092 669 1121 οὔτε
691 1092 834 1130 δείκνυσιν,

62 1136 121 1165 οὔτε
136 1137 251 1166 συνιέναι
266 1137 383 1176 ἀφίησιν,
399 1137 468 1166 Οὐδὲ
490 1137 542 1177 γὰρ
567 1137 591 1166 εἴ
614 1150 652 1170 τις
669 1138 752 1176 μύσας
773 1140 834 1172 τοὺς

62 1183 211 1222 ὀφθαλμοὺς
220 1207 227 1220 ,
244 1183 366 1222 βούλεται
381 1184 464 1223 εὑρεῖν
479 1195 505 1212 τι
526 1185 577 1212 τῶν
594 1184 771 1223 ζητουμένων,
785 1186 833 1214 δυ-

61 1229 171 1265 νήσεται
180 1252 187 1265 ,
204 1230 220 1265 ἢ
233 1226 265 1259 αὖ
278 1230 368 1266 πάλιν,
381 1231 403 1259 εἷ
414 1229 511 1259 τούτων
523 1231 705 1270 ἀνεῳγμένων,
720 1232 833 1271 κατορύ-

63 1276 108 1310 ξας
118 1277 221 1311 ἑαυτὸν,
234 1277 279 1306 καὶ
291 1277 338 1312 τὴν
359 1279 451 1306 ἀκτῖνα
463 1277 651 1316 ἀποστραφεὶς,
664 1280 718 1307 ἐκεῖ
732 1279 833 1315 ζητοίη,

63 1322 204 1358 δυνήσεταί
222 1335 247 1352 τι
259 1325 352 1362 εὑρεῖν.
365 1323 443 1352 Οὕτω
454 1322 566 1356 πίστεως
580 1323 662 1362 χωρὶς
677 1325 747 1353 οὐδὲν
761 1325 834 1366 εὑρί-

63 1380 170 1404 σκεται,
187 1368 254 1398 ἀλλὰ
266 1369 355 1408 μάχας
367 1368 468 1407 ἀνάγκη
481 1368 626 1398 τίκτεσθαι.
638 1369 685 1403 Ἐξ
699 1365 735 1399 ὧν
749 1371 834 1410 γίνον-

62 1426 108 1443 ται
121 1413 305 1454 βλασφημίαι,
320 1414 439 1443 ὑπόνοιαι
455 1414 578 1452 πονηραί.
601 1415 746 1452 Τουτέστι,
763 1417 835 1450 δόξαι

62 1460 108 1489 καὶ
123 1460 241 1499 δόγματα
255 1459 358 1500 πονηρὰ
377 1459 429 1489 ἀπὸ
454 1461 508 1488 τῶν
532 1460 675 1495 ζητήσεων.
687 1462 756 1491 Τότε
775 1464 837 1504 περὶ
851 1473 869 1495 C

64 1507 134 1536 Θεοῦ
146 1506 162 1534 ἃ
178 1505 214 1544 μὴ
228 1507 266 1535 δεῖ
284 1505 475 1544 ὑποπτεύομεν,
486 1505 548 1534 ὅταν
564 1507 599 1540 εἷς
612 1507 733 1542 ζητήσεις
749 1509 836 1546 ἐμπέ-

65 1564 162 1591 σωμεν.
182 1552 410 1592 Διαπαρατριὸαί·
433 1551 569 1588 τουτέστι,
587 1553 686 1592 σχολὴ,
701 1553 718 1588 ἢ
738 1555 837 1594 διατρι-

65 1599 109 1634 ῧή.
125 1598 163 1628 Ἢ
177 1599 254 1628 τοῦτό
268 1610 347 1638 φησι,
365 1599 584 1639 διαπαρατριὲαί·
596 1600 717 1640 καθάπερ
733 1600 766 1629 τὰ
778 1603 835 1641 ψω-

66 1645 146 1685 ραλέα
159 1647 211 1674 τῶν
231 1646 373 1686 προὲάτων
395 1645 614 1686 παρατριέόμενα
638 1646 714 1676 νόσου
736 1648 781 1677 καὶ
802 1648 835 1677 τὰ

63 1692 212 1731 ὑγιαίνοντα
223 1692 396 1731 ἐμπίπλησιν,
408 1692 477 1722 οὕτω
489 1693 534 1721 καὶ
546 1688 616 1722 οὗτοι
633 1695 656 1722 οἱ
668 1694 778 1733 πονηροὶ
788 1695 834 1725 ἅν-

63 1740 129 1778 δρες.
146 1739 196 1769 Καὶ
211 1739 442 1778 ἀπεστερημένων,
462 1739 542 1778 φησὶ,
559 1741 606 1774 τ’ἧς
631 1741 768 1778 ἀληθείας,
789 1755 833 1772 νο-

63 1786 189 1824 μιζόντων
203 1785 333 1825 πορισμὸν
355 1780 422 1814 εἶναι
440 1785 487 1821 τὴν
503 1785 647 1815 &efflatam
665 1786 747 1826 “Ορᾷς
762 1788 833 1817 πόσα

61 1832 157 1861 τίκτειν
166 1831 229 1871 φησὶ
240 1831 288 1865 τὰς
296 1831 469 1871 λογομαχίας
480 1831 707 1871 αἰσχροκέρδειαν,
717 1833 834 1872 ἄγνοιαν,

61 1877 203 1907 ἀπόνοιαν·
218 1878 267 1913 τὴν
296 1877 348 1918 γὰρ
369 1877 493 1906 ἀπόνοιαν
509 1880 525 1912 ἡ
549 1878 641 1916 ἄγνοια
660 1878 752 1908 τίκτει.
770 1879 834 1909 Ἀπὸ

61 1923 171 1959 τούτων,
188 1923 276 1963 φησὶν,
287 1923 428 1963 ἀφίστασο.
443 1924 502 1952 Οὐκ
530 1919 612 1959 εἶπεν,
629 1925 710 1962 ὁμόσε
733 1925 832 1965 χώρει,

62 1968 131 2005 ἀλλ’,
143 1969 299 2008 Ἇφίστασο,
315 1968 459 2005 τουτέστιν,
475 1968 610 2007 ἐκτρέπου.
622 1971 760 2009 Αἱρετικὸν
772 1971 833 2010 γὰρ,

63 2015 151 2053 φησὶν,
163 2015 299 2053 ἄνθρωπον
312 2013 378 2052 μετὰ
394 2013 456 2051 μίαν
468 2013 484 2048 ἢ
498 2014 620 2053 δευτέραν
634 2015 768 2044 νουθεσίαν
779 2029 833 2045 πα-

65 2063 160 2099 ραιτοῦ.
177 2060 313 2089 Δείκνυσιν
331 2058 423 2092 αὐτοὺς
442 2059 489 2087 οὖκ
513 2060 564 2088 ἀπὸ
579 2060 684 2098 ἀγνοίας
701 2065 832 2099 τοσοῦτον,

61 2106 121 2135 ὅσον
138 2106 190 2135 ἀπὸ
211 2105 339 2145 ῥᾳθυμίας
361 2104 405 2134 καὶ
427 2105 508 2139 αὐτὴν
523 2105 571 2140 τὴν
595 2106 700 2144 ἄγνοιαν
715 2107 832 2147 ἔχοντας.

61 2152 224 2192 Ἀνθρώπους
245 2151 297 2190 γὰρ
317 2151 465 2191 χρημάτων
484 2151 569 2180 ἕνεκεν
586 2153 752 2191 μαχομένους
768 2155 831 2183 πότε

59 2199 158 2237 δυνήσῃ
172 2204 278 2233 πεῖσαι;
294 2197 394 2231 Ἄλλως
407 2199 436 2227 οὗ
449 2198 548 2232 πείσεις
564 2199 623 2232 τοὺς
634 2200 780 2237 τοιούτους,
800 2202 831 2231 ἂν

59 2245 96 2283 μὴ
108 2246 158 2284 δῷς
177 2245 268 2280 πάλιν,
279 2244 324 2273 καὶ
338 2244 394 2273 οὐδὲ
416 2244 497 2277 οὕτως
521 2245 607 2274 αὐτῶν
627 2245 674 2281 τὴν
689 2247 828 2286 ἐπιθυμίαν

57 2291 219 2329 ἐμπλήσεις·
246 2290 408 2319 Πλεονέκτου
433 2290 484 2330 γὰρ
503 2291 636 2330 ὀφθαλμὸς
648 2315 655 2329 ,
671 2294 767 2332 φησὶν,
783 2296 828 2323 οὐκ

57 2337 224 2375 ἐμπίπλαται
247 2337 342 2376 μερίδι.
370 2338 418 2365 Δεῖ
435 2336 520 2365 τοίνυν
546 2338 640 2371 αὐτοὺς
664 2339 829 2378 ἀδιορθώτως

58 2382 166 2422 ἔχοντας
186 2382 366 2422 ἐκτρέπεσθαι.
384 2383 417 2411 Εἰ
432 2382 458 2412 δὲ
471 2385 508 2422 τῷ
523 2386 567 2412 τοῦ
586 2384 717 2424 μάχεσθαι
728 2387 828 2422 πολλὴν

60 2430 147 2469 ἔχοντι
161 2429 209 2464 τὴν
225 2429 341 2467 ἀνάγκην
356 2434 478 2468 παραινεῖ
498 2428 534 2467 μὴ
557 2430 638 2468 ὁμόσε
651 2437 746 2471 χωρεῖν
763 2433 829 2471 μηδὲ
849 2435 866 2458 Ε

61 2475 274 2514 συμπλέκεσθαι,
298 2475 389 2515 πολλῷ
413 2476 512 2513 μᾶλλον
532 2481 585 2509 τοῖς
611 2479 832 2518 μαθητευομένοις

62 2524 136 2559 ἡμῖν,
150 2525 203 2554 τοῖς
216 2523 241 2550 ἓν
255 2520 325 2554 τάξει
341 2523 465 2559 μαθητῶν
480 2517 562 2551 οἶσιν.
581 2523 671 2553 Εἰπὼν
687 2525 713 2554 δὲ
729 2526 768 2555 ὅτι
791 2537 833 2555 νο-

66 2567 167 2606 μίζουσι
177 2567 306 2607 πορισμὸν
320 2563 383 2596 εἶναι
392 2567 439 2602 τὴν
452 2568 594 2607 εὖσέῧειαν,
603 2570 746 2610 ἐπήγάγέν·
756 2572 834 2601 Ἰἰστι

885 583 1052 613 Publicanus
1065 596 1099 613 ex
1113 585 1168 614 sola
1184 585 1336 614 humilitate
1351 585 1463 624 placuit,
1476 586 1627 615 Pliarisaeus

884 639 917 658 ex
931 631 1083 668 arrogantia
1109 631 1198 670 periit.
1215 631 1270 667 Qui
1291 631 1374 669 igitur
1389 631 1497 660 inflatus
1512 640 1562 668 est,
1578 633 1627 661 bo-

883 686 944 704 rum
968 676 1037 704 nihil
1061 676 1147 705 novit.
1166 677 1227 716 Ipse
1248 687 1355 705 rursum
1381 677 1504 705 Christus
1528 678 1566 705 ait
1581 679 1628 707 :Si
1638 677 1707 697 ·'⁰¹¹'¹-
1729 676 1764 699 ¹3·

883 722 962 751 male
976 723 1113 762 loquutus
1128 733 1208 758 sum,
1230 725 1428 751 testimonium
1447 724 1567 762 perhibe
1592 714 1651 752 de2
1672 724 1676 728 '

883 769 962 796 malo
975 781 986 802 ,·
998 771 1024 798 si
1036 775 1133 798 autem
1151 770 1233 806 bene,
1250 779 1303 797 cur·
1318 780 1362 797 me
1375 770 1462 798 caeclis
1473 773 1485 797 Ρ
1495 770 1553 799 Sed
1564 771 1629 798 Ian-

881 825 983 853 guens,
996 815 1095 853 inquit,
1112 818 1191 844 circa
1207 817 1390 854 qzcoestiones.
1406 815 1480 854 Ergo
1501 815 1629 854 languere

883 866 921 888 est
936 870 1063 898 quaerere.
1080 861 1119 889 Et
1134 862 1291 889 verborum
1305 871 1435 900 pugnas:
1447 861 1542 890 merito
1556 872 1628 891 sane.

884 906 1000 941 Quando
1014 907 1085 935 enini
1107 907 1195 935 anima
1221 907 1414 946 cogitationum
1444 908 1518 937 febre
1540 908 1628 944 ardet,

886 952 993 990 quando
1007 960 1163 992 tempestate
1174 953 1301 992 jactatur,
1312 960 1375 982 tunc
1386 954 1481 992 quaerit
1493 966 1498 982 ε
1511 965 1571 983 cum
1583 966 1630 983 au-

884 1007 939 1029 tem
961 1001 988 1029 in
1011 1001 1123 1029 sanitate
1144 1007 1197 1036 est,
1221 1008 1285 1029 tunc
1309 1011 1361 1030 non
1388 1002 1496 1040 quau-it,
1519 1002 1564 1031 sed
1596 1003 1630 1031 fi-

885 1047 947 1075 dem
961 1047 1066 1086 accipit.
1085 1046 1129 1076 Ex
1154 1047 1299 1085 quaestione
1326 1055 1415 1076 autem
1438 1055 1463 1076 et
1485 1049 1631 1078 verborum

886 1104 975 1132 pugna
992 1093 1062 1122 nibil
1076 1093 1191 1122 inveniri
1216 1100 1310 1132 potest.
1321 1094 1387 1129 Quae
1402 1094 1474 1122 enim
1489 1094 1557 1124 fides
1575 1096 1631 1124 sola

886 1139 1048 1178 pollicetur,
1062 1139 1173 1178 quaestio
1189 1149 1249 1167 cum
1264 1140 1421 1179 susceperit,
1440 1150 1525 1178 neque
1538 1148 1631 1170 osten-

886 1185 937 1223 dit,
953 1196 1038 1224 neque
1063 1185 1212 1224 intelligere
1232 1185 1308 1216 sinit.
1326 1187 1419 1224 Neque
1434 1187 1504 1215 enim
1524 1187 1546 1216 si
1571 1188 1632 1226 quis

886 1232 985 1261 clausis
999 1231 1083 1260 oculis
1098 1232 1243 1270 quaesitum
1263 1232 1405 1272 quidpiam
1421 1233 1543 1262 invenire
1555 1234 1630 1269 velit,

887 1278 916 1307 id.
932 1277 1049 1317 poterit3
1066 1278 1122 1306 sive
1137 1278 1217 1306 etiam
1232 1278 1255 1306 si
1270 1278 1368 1317 apertis
1390 1278 1476 1307 oculis
1498 1290 1525 1308 se
1546 1280 1632 1308 suffo-

887 1323 955 1358 diat,
972 1330 997 1352 et
1009 1323 1122 1352 solarem
1136 1323 1243 1352 radium
1259 1334 1369 1353 aversus
1382 1331 1495 1363 quaerat,
1512 1326 1633 1355 invenire

887 1381 939 1399 non
954 1369 1059 1409 poterit.
1073 1370 1118 1398 Sic
1133 1370 1189 1398 sine
1203 1369 1257 1398 fide
1268 1370 1338 1398 nihil
1355 1370 1503 1407 invenitur,
1518 1372 1564 1400 sed
1582 1383 1629 1401 ne-

889 1427 959 1445 cesse
971 1423 1009 1445 est
1022 1426 1126 1455 pugnas
1141 1416 1203 1445 inde
1218 1416 1301 1445 nasci.
1317 1418 1366 1445 Ex
1381 1420 1487 1456 quilius
1499 1420 1634 1448 oriuntur

890 1464 1089 1502 hlasphemioe,
1100 1465 1278 1502 suspiciones
1287 1464 1382 1492 maloe.
1392 1464 1450 1493 Hoc
1464 1471 1513 1501 est,
1524 1466 1633 1504 opinio-

889 1519 934 1536 nes
949 1514 974 1536 et
984 1518 1109 1547 perversa
1124 1507 1251 1546 dogmata
1265 1518 1299 1536 ex
1311 1508 1457 1546 qumstione
1482 1509 1633 1548 pariuntur.

889 1555 968 1583 Tunc
978 1553 1011 1583 de
1024 1555 1081 1583 Deo
1095 1564 1153 1592 quae
1169 1564 1220 1582 non
1230 1561 1364 1593 oporteret
1378 1555 1558 1594 suspicamur,
1571 1567 1634 1586 cum

889 1601 917 1629 in
928 1601 1087 1640 quaestiones
1101 1599 1255 1629 incidimus.
1270 1600 1512 1642 Corfiictationes
1521 1614 1532 1636 ;
1544 1601 1572 1630 id
1585 1609 1633 1640 est,

889 1647 983 1683 otium,
990 1647 1033 1676 vel
1045 1646 1257 1675 confricationes.
1266 1647 1318 1674 Aut
1327 1646 1378 1675 hoc
1384 1647 1443 1676 vult
1453 1647 1556 1677 dicere:
1566 1649 1635 1678 sicut

888 1693 1017 1722 scabiosae
1033 1703 1108 1730 oves,
1117 1693 1211 1721 sicum
1222 1692 1282 1721 aliis
1295 1693 1484 1728 confricentur,
1498 1695 1578 1723 etiam
1593 1706 1635 1724 sa-

890 1751 936 1768 nas
948 1740 1042 1769 morbo
1053 1739 1156 1779 replent
1167 1739 1221 1768 :sic
1232 1746 1257 1768 et
1268 1739 1383 1779 improbi
1396 1740 1459 1770 viri.
1470 1742 1497 1769 E
1500 1747 1510 1769 Ι
1521 1744 1572 1780 qai
1582 1753 1634 1771 ve-

888 1788 977 1815 ritate
996 1788 1107 1825 privati
1125 1791 1205 1821 sunt,
1218 1785 1314 1823 inquit,
1328 1787 1530 1816 existimantes
1551 1799 1632 1827 qute-

887 1838 964 1860 slum
987 1842 1048 1860 esse
1066 1833 1214 1870 pietatem.
1230 1830 1331 1861 Viden’
1346 1839 1444 1869 quanta
1469 1843 1562 1872 parere
1586 1834 1633 1862 di-

887 1885 929 1907 cat
943 1877 1088 1907 verborum
1109 1877 1232 1916 pugnas?
1252 1883 1330 1917 turpe
1352 1877 1458 1906 lucrum
1471 1901 1479 1915 ‚
1502 1879 1632 1918 ignoran-

888 1924 964 1960 tiam,
980 1922 1162 1961 arrogantiam
1176 1934 1181 1949 :
1195 1932 1257 1950 nam
1273 1923 1454 1961 arrogantiam
1469 1926 1540 1963 parit
1555 1925 1633 1964 igno-

888 1971 982 2000 lautia.
1000 1970 1124 1998 Discede
1136 1971 1173 1998 ab
1197 1970 1242 1998 liis
1253 1992 1260 2005 ,
1277 1970 1372 2008 inquit.
1388 1971 1447 1999 Non
1462 1971 1547 2008 dixit,
1563 1973 1633 2001 Cum

887 2017 931 2045 bis
951 2015 1122 2054 congredere,
1135 2015 1191 2053 sed,
1205 2016 1331 2044 Discede
1337 2028 1348 2049 ,·
1361 2016 1410 2045 boc
1425 2024 1474 2054 cst,
1490 2018 1592 2047 Horum
1608 2025 1633 2047 te

888 2063 996 2103 pudeat.
1009 2063 1185 2090 Iloerecicum
1198 2062 1279 2098 enim,
1292 2061 1555 2102 inquit‚hominem,
1565 2072 1632 2104 post
1646 2071 1691 2092 Tit.
1708 2070 1731 2093 3.
1749 2078 1784 2092 ιι».

888 2119 978 2137 unam
986 2115 1036 2137 aut
1047 2108 1172 2136 alteram
1183 2108 1413 2138 admonitionem
1423 2111 1530 2140 devita.
1539 2112 1631 2141 Osten-

886 2155 928 2183 dit
942 2165 985 2183 eos
1003 2164 1054 2182 non
1069 2161 1123 2182 tam
1136 2164 1170 2182 ex
1189 2153 1350 2192 ignorantia,
1367 2166 1447 2193 quam
1470 2167 1505 2186 ex
1519 2159 1632 2197 segnitie

888 2203 914 2231 in
930 2201 1081 2241 ignorantia
1093 2212 1159 2230 esse.
1173 2200 1337 2230 Hominibus
1353 2202 1436 2240 euim,
1449 2204 1495 2241 qui
1513 2205 1631 2243 pecuniae

887 2259 965 2277 causa
980 2246 1228 2288 pugnant‚quando
1241 2247 1401 2286 persuadere
1414 2250 1512 2288 poteris
1522 2251 1535 2278 Ξ)
1552 2251 1631 2280 Alio-

887 2295 951 2333 quin
968 2294 1022 2323 illis
1039 2303 1091 2322 non
1103 2293 1278 2332 persuadebis
1288 2316 1295 2329 ‚
1309 2293 1360 2322 nisi
1382 2305 1490 2323 rursum
1505 2295 1628 2334 dederis5

887 2349 971 2377 neque
986 2338 1024 2367 sic
1045 2337 1154 2366 illorum
1179 2336 1356 2376 cupiditatem
1378 2338 1517 2377 explebis:
1532 2341 1631 2370 Avari
1642 2349 1745 2377 Essiam
1761 2356 1785 2378 9.

887 2385 968 2422 cniin,
981 2383 1078 2423 inquit,
1090 2383 1191 2412 oculus
1207 2394 1266 2411 non
1282 2384 1419 2422 impletur
1430 2393 1525 2424 parte.
1539 2387 1631 2426 Opor-

889 2438 926 2460 tet
949 2430 1031 2469 igitur
1056 2440 1111 2466 eos,
1134 2436 1224 2468 utpote
1251 2429 1475 2469 incoruigibsses,
1499 2434 1628 2463 aversari.

890 2476 969 2512 Quod
984 2476 1005 2505 si
1021 2476 1057 2512 ei,
1073 2476 1116 2504 cui
1135 2485 1231 2514 magna
1254 2482 1293 2504 est
1316 2477 1456 2515 pugnandi
1479 2480 1631 2517 necessitas,

892 2523 986 2554 suadet
1004 2533 1054 2551 non
1077 2532 1138 2551 cum
1162 2522 1236 2551 hoste
1257 2523 1408 2558 convenire,
1423 2532 1523 2562 quanto
1548 2527 1633 2564 magis

894 2571 971 2601 nobis
983 2569 1124 2609 discipulis
1145 2569 1213 2598 Cum
1225 2569 1337 2599 dixisset
1351 2578 1448 2606 autem,
1464 2572 1523 2601 illos
1538 2574 1632 2602 existi-

1466 2620 1513 2648 ld).
