1893 2860
68 1344 117 1366 (ὐΙ.
132 1345 154 1367 3.
169 1344 191 1366 3.

221 159 290 207 738

217 232 268 260 bus
280 231 305 259 in
322 230 379 268 ipsa
395 227 466 266 regia
483 228 564 265 jacet,
578 227 624 254 ubi
637 227 716 255 etiam
732 226 809 263 vicit,
832 227 879 255 uhi
899 233 956 256 tro-

218 286 305 315 preum
320 273 413 303 erexit.
429 272 510 300 lllum
522 271 544 299 si
558 271 618 309 quis
633 278 769 307 memoret,
781 281 843 300 enm
854 271 958 311 vitupe-
974 274 992 296 B

217 321 257 349 rio
267 324 404 352 memorat,
415 316 494 345 etiam
504 316 550 354 qui
561 323 621 344 sunt
627 316 768 345 domestici
776 320 848 351 (nam
858 324 959 355 proter-

216 375 266 393 vus
279 364 360 391 fuisse
374 365 498 390 narratur
509 364 536 398 );
557 361 639 400 hujus
659 371 721 389 cum
734 360 815 389 lande
829 362 957 390 memoria

216 411 314 448 ubique
325 409 481 443 celebratur,
492 418 544 436 non
554 407 627 446 apud
638 418 685 436 nos
694 414 808 443 tantum,
819 407 865 436 sed
878 408 958 437 etiam

214 455 287 494 apud
312 454 443 483 inimicos.
462 454 531 481 Cum
551 453 621 481 enim
637 452 784 492 resplendet
801 454 910 490 veritas,
926 464 958 482 ne

215 502 318 530 inimici
329 500 440 539 quidem
451 499 622 539 impudenter
633 510 711 538 agere
723 499 822 528 audent
834 513 839 528 :
854 500 958 529 etiamsi

214 547 285 575 euim
301 557 353 575 non
369 553 479 585 propter
494 545 574 574 fidem
589 545 667 574 illum
682 545 823 580 mirentur,
839 546 873 574 ob
887 545 958 574 fidu-

214 593 283 621 ciam
295 599 382 621 tamen
393 599 417 620 et
429 591 605 620 constantiam
619 591 763 619 celebrant.
776 591 826 619 Hic
837 591 957 620 omnium

214 649 260 667 ore
283 638 404 676 quotidie
428 637 528 675 ubique
553 644 696 666 coronatus
720 637 888 675 celebratum
914 638 960 666 ille

215 683 450 712 criminationibus
465 689 490 711 et
505 683 648 722 vituperiis
664 683 812 722 impetitur.
828 684 958 717 Quaenam

213 739 278 768 ergo
290 728 430 769 splendida
442 735 504 757 sunt
514 729 527 756 9
543 729 596 757 Sed
612 729 714 757 leonem
727 730 844 767 profecto
856 729 960 768 iinpru—
973 739 990 761 c

214 776 279 805 dens
295 787 328 805 ex
343 787 432 814 ungue
447 776 565 813 laudari,
579 787 640 804 cum
653 783 785 815 oporteret
797 787 826 804 ea
838 787 898 814 quae
913 787 957 805 ve-

215 833 244 851 re
258 823 392 851 laudanda
412 829 473 851 sunt
488 822 588 851 dicere.
606 824 737 856 Quaenam
754 822 824 850 illa?
840 824 906 858 Quae
931 823 957 851 in

215 869 287 897 caelis
301 876 364 897 sunt
386 881 391 895 :
409 868 543 906 quomodo
558 875 686 896 venturus
699 868 733 896 sit
747 868 792 896 ille
807 879 867 896 eum
888 870 959 907 Rege

216 914 353 948 caelorum,
374 924 435 941 euin
453 913 594 951 splendido
612 913 724 949 haliitu;
739 913 873 951 quomodo
894 920 958 942 tunc

216 962 288 990 Nero
303 961 384 989 stabit
408 960 523 988 demisso
543 961 622 989 vultu
637 960 728 988 tristis.
763 960 845 995 Quod
865 960 888 988 si
909 961 959 989 tibi

216 1007 311 1035 videar
326 1006 495 1035 incredibilia
506 1013 531 1034 et
541 1006 655 1034 ridicula
669 1006 768 1041 dicere,
784 1013 812 1035 tu
827 1007 959 1036 ridiculus

216 1064 252 1089 es,
268 1053 383 1081 irridens
396 1053 453 1089 illa,
470 1063 528 1090 ‹111ae
541 1063 592 1081 non
606 1059 667 1081 sunt
680 1053 734 1081 risu
749 1052 840 1091 digna.
856 1055 925 1082 Nam
936 1054 958 1082 si

216 1099 315 1128 suturis
336 1109 387 1127 nou
409 1099 505 1133 credis,
525 1109 539 1127 a
556 1098 698 1137 praeteritis
712 1098 790 1127 erede
810 1110 816 1126 :
840 1098 960 1127 nondum

218 1155 377 1174 coronarum
389 1151 427 1173 est
445 1152 559 1184 tempus,
571 1151 595 1172 et
609 1151 682 1173 tanto
691 1144 792 1173 fruitur
801 1144 901 1173 athleta
912 1145 960 1174 ho-

218 1201 298 1223 nore;
312 1201 373 1219 cum
387 1191 544 1229 agonotheta
557 1190 668 1225 venerit,
681 1197 781 1228 quanto
795 1191 901 1219 fruetur
911 1191 960 1220 ho-

218 1246 282 1265 nore
292 1237 305 1264 ζ’
320 1236 399 1275 Apud
419 1236 518 1264 alienos
532 1236 630 1275 hospes
642 1243 708 1273 crat,
724 1236 822 1275 hospes
841 1243 866 1264 et
882 1246 961 1274 pere-

218 1282 321 1320 grinus,
332 1289 357 1310 et
371 1289 449 1310 tantae
464 1282 577 1310 habetur
591 1281 761 1310 admirationi
773 1293 780 1317 ;
792 1292 854 1310 eum
870 1282 897 1310 in
913 1293 959 1321 pa-
976 1287 994 1309 D

219 1328 270 1356 tria
282 1328 341 1364 erit,
361 1338 414 1366 quo
430 1338 482 1356 non
496 1329 598 1356 fruetur
610 1328 704 1356 bono?
719 1329 807 1356 Nunc
827 1330 893 1356 vita
908 1339 960 1356 no-

218 1380 280 1402 stra
295 1375 469 1402 abscondita
480 1380 523 1402 est
535 1384 599 1402 cum
612 1374 728 1402 Christo
741 1376 773 1401 in
786 1374 849 1402 Deo
860 1387 871 1408 ,·
884 1381 909 1402 et
923 1381 962 1402 ta-

219 1430 282 1448 men
294 1420 341 1458 qui
355 1427 477 1448 mortuus
497 1427 545 1454 est,
564 1420 649 1458 magis
663 1431 744 1458 quam
761 1420 881 1448 viventes
893 1431 961 1460 ope-

220 1471 298 1493 ratur
308 1472 334 1493 et
347 1465 494 1493 honoratur
516 1477 522 1492 :
537 1475 597 1493 cum
610 1473 699 1493 autem
717 1465 818 1493 venerit
831 1465 886 1493 vita
908 1475 960 1494 no-

220 1517 284 1546 stra,
303 1509 370 1548 quid
382 1520 433 1538 non
448 1510 602 1538 obtinebit?
614 1509 682 1547 quid
694 1520 747 1538 non
761 1517 936 1548 consequetur
947 1511 960 1538 ἰ’

218 1555 283 1584 Ideo
298 1556 371 1584 Deus
383 1555 431 1583 tali
446 1555 523 1583 illum
535 1555 636 1583 honore
648 1555 700 1583 frui
715 1555 810 1591 voluit,
823 1565 875 1583 non
887 1555 961 1593 quod

218 1602 265 1630 ille
279 1609 388 1642 peteret.
413 1602 443 1630 Si
466 1602 537 1630 enim
558 1602 585 1629 in
601 1612 710 1640 corpore
731 1612 792 1629 cum
806 1608 872 1630 esset
885 1602 960 1630 illam

218 1659 233 1677 a
257 1649 350 1677 multis
372 1647 503 1676 redditam
527 1648 641 1686 gloriam
663 1647 840 1686 despiciebat,
861 1654 961 1685 quanto

218 1694 305 1732 magis
326 1704 341 1721 a
358 1703 468 1732 corpore
489 1693 643 1721 liberatus?
665 1693 759 1730 Neque
782 1692 843 1721 ideo
857 1700 961 1721 tantum

218 1738 297 1767 illum
310 1738 363 1766 frui
379 1738 477 1775 votuit,
492 1738 539 1766 sed
552 1745 581 1766 ut
600 1738 631 1775 ii,
648 1738 694 1775 qui
710 1738 808 1766 futuris
832 1748 884 1766 non
900 1748 960 1766 ere·
977 1746 994 1768 E

218 1784 296 1820 dunt,
317 1784 360 1812 vel
380 1794 414 1812 ex
429 1784 604 1823 praesentibus
619 1783 790 1812 inducantur.
807 1784 876 1812 Dico
890 1794 961 1812 ven-

219 1837 311 1859 turum
324 1840 379 1858 esse
394 1830 508 1858 Paulum
530 1840 590 1858 cum
606 1831 678 1867 Rege
691 1830 831 1865 caelorum,
848 1829 958 1867 quando

220 1876 380 1904 resurrectio
392 1875 454 1911 erit,
470 1875 596 1913 quodque
618 1875 663 1903 ille
677 1875 754 1903 bonis
768 1876 870 1903 fruetur
884 1875 964 1904 innu-

221 1921 311 1950 meris.
327 1921 381 1950 Sed
397 1921 514 1950 infidelis
534 1931 586 1949 non
599 1920 684 1949 credit
697 1933 703 1948 :
719 1931 782 1959 ergo
795 1932 809 1949 a
824 1921 963 1960 praesenti-

221 1967 274 1995 bus
296 1967 391 1995 discet.
408 1968 571 2005 Imperatore
591 1967 687 1995 clarior
708 1973 733 1995 et
749 1966 904 1995 honoratior
925 1973 963 1995 est

225 2015 401 2044 tentoriorum
422 2015 513 2054 opifex
536 2027 542 2042 :
559 2014 649 2042 nullus
664 2015 802 2043 Romanus
815 2014 964 2053 Imperator

222 2067 296 2089 tanto
318 2060 429 2089 affectus
449 2067 488 2088 est
502 2060 622 2096 honore;
639 2070 733 2088 verum
750 2060 898 2098 Imperator
919 2059 965 2088 ille

222 2106 287 2134 foris
302 2105 403 2134 alicubi
421 2106 501 2144 jacet,
521 2105 566 2134 hie
580 2115 644 2133 vero
658 2105 734 2133 urbis
748 2104 867 2133 medium
882 2115 963 2133 oecu-

543 167 572 190 S.
600 165 739 189 JOANNJS
765 166 945 190 CHRYSOST.
976 167 1131 192 ARCHOEP.
1158 169 1425 195 CONSTANTINOP.

1014 229 1143 266 βασιλέων
1164 231 1345 270 λαμπρότερος
1359 234 1385 261 ἐν
1404 232 1470 270 αὐτῇ
1492 236 1576 261 κεῖται
1593 233 1625 270 τῇ
1643 231 1773 270 βασιλίδι,

1011 274 1071 303 ἔνθα
1095 275 1140 303 καὶ
1165 275 1300 311 ἐνίκησεν,
1317 277 1378 306 ἔνθα
1398 278 1443 306 καὶ
1464 278 1495 307 τὸ
1516 278 1639 318 τρόπαιον
1657 278 1774 312 ἔστησεν.

1010 319 1129 349 Ἐκείνου
1142 320 1191 349 κᾶν
1204 322 1306 358 μνησθῇ
1320 333 1369 357 τις,
1385 322 1451 359 μετὰ
1464 323 1546 362 ψόγου
1566 324 1714 361 μέμνηται,
1729 322 1774 351 καὶ

1010 367 1061 394 τῶν
1077 366 1179 394 οἰκείων
1193 366 1253 404 (καὶ
1267 366 1318 404 γὰρ
1340 366 1385 395 καὶ
1403 368 1516 406 ἀσελγὴς
1535 369 1639 408 λέγεται
1658 370 1769 408 γεγενῆ-

1010 413 1088 448 σθαι)
1101 423 1106 429 ”
1128 411 1219 440 τούτου
1245 413 1302 448 μετ’
1318 412 1449 451 εὐφημίας
1461 415 1478 447 ἡ
1501 414 1592 451 μνήμη
1618 417 1754 453 πανταχοῦ
1767 426 1773 432 ·

1009 458 1037 485 οὗ
1052 457 1103 496 γὰρ
1123 460 1187 495 ἡμῖν
1214 457 1307 495 μόνον,
1331 457 1399 486 ἀλλὰ
1422 458 1467 486 καὶ
1491 459 1564 498 παρὰ
1584 464 1638 493 τοῖς
1662 461 1773 499 ἐχθροῖς.

1007 502 1094 531 “Ὀταν
1108 503 1159 542 γὰρ
1174 503 1298 542 ἐκλάμπῃ
1316 506 1332 538 ἡ
1348 504 1473 539 ἀλήθεια,
1488 504 1546 534 οὐδὲ
1560 506 1583 533 οἱ
1598 507 1686 545 ἐχθροὶ
1699 507 1774 534 ἀναι-

1009 554 1129 588 σχυντεῖν
1144 549 1246 588 ἔχουσιν
1260 561 1266 567 ·
1282 551 1304 578 εἷ
1319 549 1370 589 γὰρ
1385 550 1429 578 καὶ
1447 549 1483 587 μὴ
1499 552 1545 585 τ’ἧς
1559 551 1670 585 πίστεως
1685 552 1772 580 ἕνεκεν

1010 594 1086 623 αὐτὸν
1106 596 1281 632 θαυμάζουσιν
1291 617 1298 631 ‚
1311 595 1379 623 ἀλλὰ
1399 597 1446 629 τῆς
1465 596 1628 634 παρρησίας,
1643 597 1712 626 ἀλλὰ
1725 600 1773 632 τῆς

1008 639 1137 678 ἀνδρείας.
1153 636 1238 672 Οὗτος
1252 642 1278 668 ἐν
1294 644 1348 673 τοῖς
1369 640 1492 669 ἁπάντων
1508 640 1622 678 στόμασι
1636 645 1772 682 πανταχοῦ

1008 687 1066 713 καθ’
1083 685 1198 720 ἑκάστην
1213 686 1314 725 ἡμέραν
1330 685 1535 725 στεφανούμενος
1550 687 1757 727 ἀνακηρύττεται
1767 699 1773 706 ·

1007 731 1104 763 ἐκεῖνος
1120 731 1146 759 δὲ
1160 731 1319 770 βαλλόμενος
1334 732 1423 770 ψόγοις
1443 731 1488 759 καὶ
1505 732 1685 771 κατηγορίαις.
1704 734 1774 762 Ποῖα

1007 776 1092 805 τοίνυν
1108 777 1142 805 τὰ
1157 777 1284 816 λαμπροί;
1296 777 1375 806 Ἀλλὰ
1390 777 1441 816 γὰρ
1456 777 1547 806 ἔλαθον
1562 778 1669 807 ἀπὸτοῦ
1685 779 1776 818 ὄνυχος

1007 821 1051 849 τὸν
1071 821 1164 851 λεόντα
1182 823 1311 857 ἐπαινῶν,
1326 822 1383 852 δέον
1403 823 1436 852 τὰ
1455 823 1534 855 ὅντως
1556 825 1648 852 εἰπεῖν.
1662 824 1730 853 Τίνα
1748 825 1775 852 δὲ

1008 868 1090 896 ταῦτά
1102 870 1175 903 ἐστ-η
1190 869 1233 898 Τὰ
1247 871 1272 898 ἐν
1288 874 1340 901 τοῖς
1357 871 1474 908 οὐρανοῖς
1486 881 1492 886 ·
1507 871 1564 901 πῶς
1577 869 1633 903 ἥξει
1649 869 1716 907 μετὰ
1731 872 1776 898 τοῦ

1009 914 1139 952 βασιλέως
1151 917 1203 943 τῶν
1215 916 1340 954 οὐρανῶν,
1354 915 1420 952 μετὰ
1432 916 1554 953 λαμπροῦ
1566 917 1611 943 τοῦ
1623 915 1774 954 σχήματος·

1007 961 1062 991 πῶς
1077 961 1090 987 ὃ
1107 959 1197 998 Νέρων
1214 959 1342 994 στήσεται
1352 960 1411 988 τότε
1431 959 1564 998 κατηφὴς,
1575 960 1690 998 στυγνός.
1704 962 1736 989 Εἰ
1748 961 1776 989 δὲ

1008 1005 1076 1032 δοκῶ
1089 1016 1129 1033 σοι
1140 1005 1239 1032 ἄπιστα
1251 1004 1336 1043 λέγειν
1347 1005 1392 1033 καὶ
1403 1005 1598 1043 καταγέλαστα,
1613 1004 1644 1033 σὺ
1661 1005 1776 1044 καταγέ-

1008 1051 1103 1082 λαστος
1123 1046 1146 1078 εἷ
1165 1051 1248 1088 γελῶν
1268 1050 1301 1078 τὰ
1316 1050 1353 1087 μὴ
1370 1050 1484 1088 γέλωτος
1504 1050 1573 1083 ἄξια.
1591 1052 1624 1079 El
1644 1050 1695 1090 γὰρ
1713 1053 1777 1080 ἀπι-

1010 1100 1079 1129 στεῖς
1093 1101 1145 1128 τοῖς
1159 1096 1310 1134 μέλλουσιν,
1324 1096 1376 1124 ἀπὸ
1388 1098 1439 1124 τῶν
1455 1096 1609 1134 φθασάντων
1620 1096 1758 1126 πίστευσον
1770 1108 1776 1114 ·

1010 1141 1083 1170 οὔπω
1104 1144 1156 1170 τῶν
1181 1141 1314 1181 στεφάνων
1338 1144 1352 1170 ὁ
1377 1142 1480 1181 καιρὸς,
1504 1142 1549 1170 καὶ
1569 1142 1699 1177 τοσαύτης
1713 1142 1778 1172 ἀπέ-

1010 1189 1091 1216 λαυσε
1109 1190 1187 1225 τιμῆς
1207 1190 1220 1216 ὁ
1243 1188 1375 1222 ἀθλητής·
1391 1187 1452 1216 ὅταν
1474 1190 1488 1216 ὃ
1508 1188 1671 1226 ἀγωνοθέτης
1691 1188 1777 1223 ἔλθοι,

1011 1234 1093 1268 πόσης
1108 1233 1287 1262 ἀπολαύσεται
1302 1236 1396 1271 τιμῆς,
1413 1233 1459 1262 Ἔν
1474 1238 1527 1267 τοῖς
1542 1233 1688 1272 ἀλλοτρίοις
1708 1234 1778 1267 ξένος

1011 1275 1060 1316 ἦν,
1084 1279 1152 1312 ξένος
1173 1280 1217 1308 καὶ
1242 1280 1442 1319 παρεπίδημος,
1458 1280 1502 1308 καὶ
1517 1279 1583 1309 οὕτω
1599 1279 1778 1317 θαυμάζεται·

1011 1325 1072 1353 ὅταν
1087 1326 1114 1353 ἐν
1128 1330 1181 1358 τοῖς
1197 1326 1268 1357 ἰδίοις
1283 1322 1314 1364 ἦ,
1327 1326 1394 1358 τίνος
1408 1328 1454 1354 οὐκ
1470 1325 1648 1354 ἀπολαύσεται
1665 1326 1777 1363 ἀγαθοῧ;

1012 1373 1066 1400 Νῦν
1081 1374 1097 1406 ἡ
1113 1372 1165 1406 ζωὴ
1188 1374 1264 1409 ἡμῶν
1279 1371 1425 1410 κέκρυπται
1448 1371 1493 1400 σὺν
1515 1373 1552 1410 τῷ
1568 1370 1678 1411 Χριστῷ
1693 1372 1719 1399 ἐν
1741 1373 1778 1410 τῷ

1011 1419 1086 1455 Θεῷ,
1111 1417 1156 1445 καὶ
1185 1417 1255 1454 ὅμως
1278 1419 1331 1445 τῶν
1353 1417 1456 1450 ζώντων
1480 1419 1493 1445 ὁ
1518 1416 1650 1452 τεθνηκὼς
1678 1418 1778 1454 μᾶλλον

1011 1463 1110 1501 ἐνεργεῖ
1123 1461 1168 1490 καὶ
1185 1467 1295 1499 τιμᾶται
1309 1473 1315 1479 ·
1330 1462 1392 1490 ὅταν
1409 1462 1471 1500 ἔλθῃ
1487 1461 1551 1496 αὐτὴ
1573 1464 1588 1496 ἡ
1609 1461 1662 1496 ζωὴ
1686 1464 1779 1499 ἡμῶν,

1010 1507 1079 1539 τίνος
1099 1509 1127 1535 οὔ
1151 1507 1263 1545 μεθέξει,
1280 1507 1348 1539 τίνος
1371 1508 1418 1535 οὐκ
1440 1506 1617 1542 ἐπιτεύξεταις
1637 1506 1688 1535 Διὰ
1701 1508 1779 1536 τοῦτο

1010 1552 1106 1588 ταύτης
1121 1553 1198 1581 αὐτὸν
1218 1555 1264 1588 τῆς
1280 1555 1358 1590 τιμῆς
1374 1554 1523 1581 ἀπολαῦσαι
1541 1552 1663 1587 ἐποίησεν
1678 1554 1691 1581 ὁ
1703 1552 1779 1589 Θεὸς,

1011 1601 1058 1627 οὐκ
1073 1599 1163 1634 ἐπειδὴ
1179 1601 1275 1632 ἐκεῖνος
1290 1601 1381 1628 ἐδεῖτο,
1394 1601 1427 1628 Ei
1444 1598 1495 1638 γὰρ
1512 1600 1537 1627 ἐν
1553 1598 1658 1636 σώματι
1677 1598 1712 1626 ὢν
1731 1610 1780 1627 κα-

1011 1644 1128 1683 τεφρόνει
1140 1648 1186 1680 τῆς
1201 1645 1274 1684 παρὰ
1289 1647 1342 1673 τῶν
1355 1647 1458 1674 πολλῶν
1475 1644 1564 1680 δόξης,
1577 1645 1667 1683 πολλῷ
1680 1645 1780 1682 μᾶλλον

1011 1691 1173 1728 ἀπαλλαγεὶς
1186 1694 1230 1720 τοῦ
1249 1690 1380 1728 σώματος.
1393 1692 1433 1719 Οὐ
1453 1690 1496 1719 διὰ
1517 1693 1595 1719 τοῦτο
1610 1690 1637 1719 δὲ
1658 1689 1781 1725 ἐποίησεν

1012 1736 1087 1764 αὐτὸν
1109 1737 1258 1765 ἀπολαῦσαι
1281 1737 1373 1774 μόνον,
1391 1737 1449 1765 ἀλλ’
1471 1736 1514 1764 ἵνα
1536 1736 1559 1764 οἱ
1573 1739 1626 1767 τοῖς
1641 1735 1781 1773 μέλλουσιν

1013 1784 1184 1815 ἀπιστοῦντες
1203 1782 1251 1810 κᾶν
1266 1783 1296 1810 ἐκ
1309 1785 1361 1811 τῶν
1377 1782 1514 1821 παρόντων
1530 1781 1684 1819 ἐνάγωνται.
1704 1781 1782 1819 Λέγω

1011 1828 1051 1857 ὅτι
1068 1828 1124 1863 ἥξει
1141 1829 1247 1860 Παῦλος
1266 1829 1334 1865 μετὰ
1357 1831 1402 1857 τοῦ
1428 1827 1558 1866 βασιλέως
1578 1828 1630 1854 τῶν
1651 1827 1782 1865 οὐρανῶν,

1012 1873 1055 1902 ὅτε
1080 1874 1224 1906 ἀνάστασις
1251 1873 1341 1909 ἔσται,
1367 1873 1407 1901 ὅτι
1434 1873 1532 1913 μυρίων
1557 1871 1701 1901 ἀπολαύσει
1729 1873 1782 1900 τῶν

1014 1920 1127 1957 ἀγαθῶν.
1153 1919 1222 1948 Ἀλλ’
1241 1920 1270 1947 οὗ
1293 1918 1413 1947 πιστεύει
1434 1920 1448 1946 ὁ
1474 1918 1599 1949 ἄπιστος·
1625 1918 1715 1945 οὐκοῦν
1731 1916 1783 1946 ἀπὸ

1013 1967 1064 1993 τῶν
1077 1965 1214 2004 παρόντων
1226 1964 1372 1993 πιστεύσει.
1384 1964 1576 2002 Ααμπρότερος
1589 1965 1634 1992 τοῦ
1653 1962 1782 2001 βασιλέως

1014 2013 1027 2039 ὁ
1047 2011 1216 2046 σκηνοποιὸς,
1231 2009 1395 2050 ἐντιμότερος
1414 2013 1459 2038 τοῦ
1476 2008 1604 2047 βασιλέως
1616 2020 1622 2026 “
1637 2008 1720 2041 οὐδεὶς
1735 2009 1782 2046 βα-

1014 2056 1100 2088 σιλεῖις
1125 2057 1173 2090 τῆς
1193 2055 1302 2110 Ῥώμης
1323 2055 1476 2094 γενόμενος,
1497 2054 1626 2089 τοσαύτης
1647 2053 1780 2082 ἀπέλαυσε

1014 2114 1110 2139 τιμης’
1127 2103 1184 2130 ἀλλ’
1200 2104 1213 2130 ὁ
1228 2102 1275 2139 μὲν
1289 2101 1411 2140 βασιλευς
1427 2100 1582 2140 ε’ῤῥιμμένος
1595 2111 1644 2133 Εςω
1657 2111 1707 2128 που
1723 2104 1781 2128 >tei-

223 2159 281 2191 pat,
297 2158 326 2180 ut
340 2152 434 2180 vivens
445 2159 471 2179 et
485 2161 608 2189 regnans.
627 2151 672 2179 Ex
685 2151 729 2179 his
742 2151 775 2179 de
789 2151 888 2179 futuris
901 2161 965 2189 quo·
981 2158 998 2181 F
1015 2159 1073 2183 ται,
1090 2149 1103 2176 ὃ
1120 2146 1147 2176 δὲ
1170 2147 1200 2176 τὸ
1221 2146 1299 2184 μέσον
1320 2145 1426 2184 κατέχει
1447 2146 1495 2179 τῆς
1519 2144 1635 2180 πόλεως,
1660 2143 1782 2183 καθάπερ

223 2208 275 2235 que
297 2197 383 2226 crede.
399 2197 428 2227 Si
451 2197 506 2233 hic,
522 2196 569 2224 ubi
590 2196 741 2235 pellebatur
762 2203 787 2224 et
802 2196 964 2234 vexabatm,

224 2249 328 2271 tantum
351 2249 529 2280 consequutus
551 2249 589 2270 est
604 2241 743 2277 honorem,
768 2252 829 2270 cum
849 2241 964 2278 venerit,

224 2288 289 2325 quid
304 2288 377 2316 erit?
398 2289 439 2324 Si,
455 2287 503 2316 ubi
523 2287 699 2316 tentoriorum
713 2287 804 2327 opifex
822 2293 887 2323 er,at
909 2294 963 2315 tam

1018 2192 1164 2232 βασιλευς
1149 2205 1184 2221 ων
1197 2205 1241 2221 και
1253 2194 1313 2226 ζῶν.
1323 2191 1386 2221 'Ano
1400 2190 1497 2219 τούτων
1512 2190 1650 2219 πίστευσον
1664 2189 1730 2218 καὶ
1721 2190 1783 2228 περὶ

1017 2243 1068 2269 των
1094 2238 1250 2278 μελλόντων.
1268 2239 1301 2266 Εἰ
1325 2239 1452 2272 ἔνταυθοι,
1476 2237 1537 2264 ἔνθα
1561 2235 1705 2270 ἠλαύνετο,
1722 2234 1784 2263 ἔνθα

1000 2285 1156 2333 Ξέδιώκετο,
1174 2283 1303 2318 τοσαύτης
1321 2283 1454 2312 ἀπέλαυσε
1474 2293 1570 2319 τιμης,
1584 2281 1645 2309 ὅταν
1667 2280 1746 2319 ἔλθῃ,
1758 2280 1785 2308 τί

226 2333 313 2361 clarus
326 2333 387 2370 fuit,
409 2344 470 2362 cum
486 2332 589 2362 venerit
603 2332 737 2361 solaribus
751 2331 835 2361 radiis
848 2333 963 2371 fulgens,
984 2345 1003 2366 Α
1020 2332 1110 2367 ἔσται,
1124 2331 1158 2360 Εἰ
1173 2329 1237 2358 ὅπου
1251 2329 1406 2364 σκηνοποιὸς
1425 2330 1477 2363 ἠν,
1493 2326 1574 2359 οὕτως
1593 2325 1695 2365 ἐγένετο
1715 2327 1786 2364 λαμ-

225 2378 289 2415 quid
310 2380 379 2407 erit.
373 2379 386 2396 ⁹
400 2379 429 2408 Si
442 2386 502 2418 post
516 2386 619 2407 tantam
632 2379 766 2407 vilitatem
782 2385 882 2407 tantam
896 2389 965 2407 asse-

225 2430 323 2461 quutus
336 2431 374 2452 est
388 2425 612 2462 magnitudinem,
627 2435 689 2453 cum
703 2425 819 2460 venerit,
834 2424 900 2463 quid
912 2435 965 2454 non

227 2470 423 2506 consequetur?
438 2471 508 2498 Num
524 2477 609 2508 potest
623 2470 681 2509 ipsa
703 2481 792 2499 rerum
809 2471 908 2499 veritas
922 2470 966 2499 vi-

225 2514 273 2542 tari
287 2514 300 2541 i‘
315 2515 402 2548 Quem
416 2525 466 2542 non
482 2515 551 2543 illud
569 2523 685 2550 moveat,
701 2516 775 2554 quod
791 2516 967 2545 tentoriorum

224 2559 314 2598 opifex
329 2559 428 2589 honore
444 2561 607 2598 superaverit
620 2572 680 2590 eum
693 2584 701 2599 ,
717 2562 765 2599 qui
782 2562 867 2600 magis
883 2572 965 2600 quam

1019 2379 1100 2417 πρὸς,
1116 2377 1178 2405 ὅταν
1195 2375 1257 2414 ἔλθῃ
1278 2374 1450 2413 ἀντιλάμπων
1471 2377 1528 2406 ταῖς
1540 2373 1663 2408 ἡλιακαῖς
1681 2373 1788 2408 ἀκτῖσι,

1019 2424 1046 2453 τί
1060 2423 1150 2458 ἔσται;
1164 2423 1198 2451 Εἰ
1210 2420 1277 2459 μετὰ
1296 2420 1424 2454 τοσαύτης
1444 2418 1573 2451 εὐτελείας
1583 2441 1590 2453 ,
1603 2417 1731 2452 τοσαύτης
1743 2429 1788 2455 με-

1020 2468 1215 2508 γαλοπρεπείας
1227 2465 1399 2506 περιεγένετο,
1408 2466 1470 2495 ὅταν
1481 2465 1553 2503 ἔλθῃ,
1567 2463 1636 2495 τίνος
1650 2464 1679 2491 οὐ
1695 2462 1786 2501 περιέ-

1022 2527 1095 2549 σταις
1109 2514 1155 2549 Μὴ
1172 2513 1209 2542 ἔνι
1221 2517 1308 2552 φυγεῖν
1322 2511 1354 2540 τὰ
1368 2511 1512 2550 πράγματα
1523 2522 1530 2545 ;
1542 2509 1611 2539 Τίνα
1632 2509 1679 2537 οὐκ
1700 2508 1786 2546 ἐντρέ-

1022 2573 1066 2590 πει
1080 2561 1108 2589 τὸ
1124 2560 1167 2588 τὸν
1183 2558 1338 2593 σκηνοποιὸν
1351 2557 1513 2596 ἐντιμότερον
1528 2555 1646 2593 γενέσθαι
1663 2556 1707 2583 τοῦ
1719 2554 1784 2582 πάν-
