1893 2860
440 152 472 173 IN
503 152 610 174 EPlsT.
640 152 664 175 Ι.

103 213 246 251 ἐλευθέροις
260 212 293 240 τὰ
307 212 412 241 ἐναντία
427 212 526 241 τούτων
546 213 663 251 γίνεται·
681 214 810 250 ἀλλήλους
823 215 872 244 δοί-

103 270 213 296 κνομεν,
227 258 411 296 κατεσθίομεν,
427 260 455 288 οὔ
479 259 631 297 δεδοίκαμεν
655 260 699 289 τὸν
718 261 873 296 Δεσπότην,

102 304 135 332 τὰ
148 305 200 332 τῶν
216 304 362 332 συνδούλων
373 305 523 344 ἁρπάζομεν
533 328 540 340 ,
556 306 713 343 κλέπτομεν,
729 306 872 344 τύπτομεν,

102 351 213 388 ὁρῶντος
228 351 326 378 αὐτοῦ·
347 354 422 380 τοῦτο
443 351 469 379 δὲ
491 352 538 379 οὐκ
554 351 584 379 ἂν
604 352 737 386 ποιήσειεν
757 352 873 388 οἰκέτης,
904 357 910 366 ’

103 395 171 423 ἀλλὰ
194 394 242 423 κᾶν
268 394 373 434 τύπτῃ,
397 396 433 434 μὴ
459 399 570 436 ὁρῶντος
592 399 636 425 τοῦ
659 397 801 433 δεσπότου,
825 397 873 426 κᾶν

103 441 195 480 ὑὸρίζῃ
206 463 213 476 ,
229 440 266 479 μὴ
281 442 418 475 ἀκούοντος
431 454 436 459 ·
453 445 528 481 ἡμεῖς
540 442 566 472 δὲ
584 446 628 471 τοῦ
643 444 712 471 Θεοῦ
727 443 814 471 πάντα
828 443 873 471 καί

102 488 214 526 ὁρῶντος
231 487 276 515 καὶ
298 487 452 523 ἀκούοντος,
474 490 624 526 τολμῶμεν.
637 488 725 520 (1)όέος
746 490 759 516 ὁ
774 492 819 517 τοῦ
833 489 874 517 δε-

102 532 199 561 σπότου
210 534 261 572 πρὸ
273 536 323 562 τῶν
338 535 481 573 ὀφθαλμῶν
497 534 603 563 ἐκείνων
623 534 766 567 διαπαντός
777 546 783 551 ·
796 537 873 572 ἡμῶν

101 578 130 608 δὲ
144 575 218 612 οὗτος
232 580 365 609 οὐδέποτε.
386 580 437 608 Διὰ
460 584 534 609 τοῦτο
553 580 641 608 πάντα
657 579 710 608 ἄνω
731 579 776 608 καὶ
800 580 873 608 κάτω

101 625 191 664 γέγονε
201 647 208 659 ‚
224 626 310 654 πάντα
323 626 482 665 συγκέχυται
493 626 539 654 καὶ
554 625 707 666 διέφθαρται
720 637 726 643 ·
739 626 784 654 καὶ
799 626 871 654 αὐτοὶ

102 671 151 709 μὲν
166 672 222 700 οὐδὲ
243 673 277 704 εἷς
294 674 352 700 νοῦν
371 672 542 709 λαμὸοίνομεν
558 671 591 700 τὰ
604 671 781 710 ἡμαρτημένα
795 675 874 710 ἡμῖν,

103 720 155 746 τῶν
171 717 197 745 δὲ
221 719 327 746 οἰκετῶν
352 719 403 746 τῶν
424 717 561 757 ἡμετέρων
585 718 789 757 ἁμαρτανόντων
808 718 874 756 μετὰ

104 763 240 803 ἀκριὲείας
263 764 367 792 ἅπαντα
392 763 559 800 ἐξετάζομεν,
581 764 626 792 καὶ
656 764 689 792 τὰ
716 764 873 803 μικρότατα.

104 810 196 837 Ταῦτα
211 809 288 847 λέγω,
304 809 361 848 οὐχὶ
376 809 433 842 τοὺς
448 809 551 841 οἰκέτας
566 810 670 843 ὑπτίους
684 812 795 844 ποι-ἧσαι
812 812 875 848 βου-

103 855 227 893 λόμενος,
252 855 320 884 ἀλλὰ
342 856 372 884 τὸ
392 855 520 894 ἡμέτερον
544 855 634 884 ὕπτιον
656 856 829 895 ἐπιστρέψαι,
846 856 875 884 τὸ
902 862 910 869 ⁷

104 901 218 941 ῥᾴθυμον
246 901 387 941 διεγεῖραι,
412 901 454 929 ἵνα
480 901 528 929 κᾶν
555 901 624 930 οὕτω
649 902 813 940 δουλεύωμεν
838 904 876 941 τῷ

103 948 182 986 Θεῷ,
197 949 232 980 ὡς
243 950 308 985 ἡμῖν
324 950 347 976 οἱ
362 947 476 982 οἰκέται,
491 947 559 977 οὕτω
575 950 613 987 τῷ
627 948 784 983 πεποιηκότι
797 951 877 986 ἡμᾶς,

103 995 139 1027 ὡς
157 996 221 1031 ἡμῖν
239 995 263 1022 οἱ
283 993 433 1030 ὁμοούσιοι,
457 993 502 1022 καὶ
529 994 612 1032 μηδὲν
635 997 751 1023 τοιοῦτον
773 993 878 1032 ἔχοντες

105 1041 167 1078 παρ’
178 1041 265 1077 ἡμῶν.
278 1039 430 1078 Ἐλεύθεροι
442 1042 475 1078 τῇ
491 1039 567 1079 φύσει
581 1040 626 1068 καὶ
641 1037 712 1069 οὗτοί
727 1042 804 1069 εἰσιν·
816 1040 878 1079 Ἀρ-

103 1086 224 1125 χέτωσαν
238 1088 290 1114 τῶν
306 1086 417 1125 ἰχθύων,
432 1086 477 1115 καὶ
492 1086 593 1118 τούτοις
607 1086 719 1126 εἴρηται.
734 1087 793 1115 Οὐκ
808 1086 877 1115 ἔστιν

104 1131 170 1166 αὕτη
186 1131 285 1170 φύσεως
303 1134 319 1165 ἡ
338 1132 457 1166 δουλεία,
474 1133 531 1160 ἀλλ’
548 1132 633 1164 αἰτίας
654 1132 709 1161 ἐστὶ
733 1132 779 1161 καὶ
803 1144 877 1170 περι-

104 1177 221 1209 στάσεως
233 1189 239 1194 ·
256 1177 314 1205 ἀλλ’
332 1176 403 1215 ὅμως
422 1177 521 1213 πολλὴν
539 1181 601 1215 ἡμῖν
616 1178 763 1217 παρέχουσι
777 1178 824 1213 τὴν
840 1190 875 1206 τι-

105 1222 166 1260 μήν.
182 1222 276 1260 ἹῙμεῖς
297 1222 324 1252 δὲ
346 1223 447 1256 τούτοις
470 1223 517 1262 μὲν
544 1224 611 1262 μετὰ
632 1224 719 1259 πάσης
741 1223 877 1263 ἀκριδείας

104 1269 274 1306 ἐπιτιθέμεθα
299 1272 346 1305 τ’ἧς
359 1269 493 1310 ἡμετέρας
514 1270 601 1298 ἕνεκεν
627 1270 760 1303 διακονίας
773 1282 778 1288 ·
794 1272 831 1309 τῷ
851 1270 877 1300 δὲ

103 1316 166 1353 Θεῷ
182 1314 240 1343 οὐδὲ
254 1314 284 1342 τὸ
299 1315 443 1343 πολλοστὸν
464 1315 616 1354 παρέχομεν
629 1316 721 1355 μέρος,
737 1316 783 1344 καὶ
794 1319 877 1345 ταῦτα

103 1360 184 1389 πάλιν
199 1361 234 1392 εἰς
249 1363 320 1398 ἡμᾶς
335 1361 513 1399 στρεφομένης
528 1364 574 1396 τῆς
589 1362 724 1400 ὠφελείας.
738 1361 814 1400 ςΌσῳ
826 1362 876 1401 γὰρ

104 1405 135 1434 ἂν
159 1406 360 1444 σπουδαιότερον
390 1407 571 1444 δουλεύσωμεν
595 1409 632 1446 τῷ
656 1409 735 1446 Θεῷ,
760 1407 876 1447 τοσούτῳ

104 1453 204 1490 μᾶλλον
220 1452 327 1486 ἑαυτοὺς
341 1452 469 1491 ὀνήσομεν
480 1474 487 1487 ,
502 1453 547 1481 καὶ
569 1453 643 1482 αὐτοὶ
656 1455 755 1491 μᾶλλον
777 1454 876 1491 κερδα-

103 1502 205 1537 νοῦμεν.
224 1498 271 1534 Μὴ
294 1498 324 1534 δὴ
351 1498 480 1534 τοσαύτης
503 1499 727 1537 ἀποστερήσωμεν
750 1499 877 1538 ὠφελείας

103 1546 175 1583 ἡμᾶς
195 1544 305 1577 αὐτούς·
329 1547 342 1573 ὁ
364 1545 411 1582 μὲν
433 1545 484 1584 γὰρ
506 1545 573 1578 Θεὸς
598 1545 730 1583 αὐτάρκης
754 1545 809 1574 ἐστὶ
830 1545 875 1574 καὶ

104 1590 235 1626 ἀνενδεὴς,
248 1593 264 1626 ἡ
279 1590 306 1619 δὲ
325 1590 423 1629 ἀμοιὸἡ
439 1591 484 1619 καὶ
500 1591 530 1619 τὸ
549 1591 641 1630 κέρδος
654 1592 734 1619 πάλιν
757 1592 792 1624 εἰς
805 1594 875 1629 ἡμᾶς

104 1636 252 1676 ἀνατρέχει.
268 1636 313 1669 Ὡς
337 1632 380 1666 οῧν
400 1639 428 1666 οὐ
447 1636 491 1665 τὸν
512 1637 581 1667 Θεὸν
601 1637 799 1676 θεραπεύοντες,
815 1639 875 1666 ἀλλ’

102 1685 174 1721 ἡμᾶς
197 1683 304 1718 αὐτοὺς,
327 1684 395 1712 οὕτω
428 1683 609 1722 διακεώμεῡα,
635 1685 798 1722 παρακαλῶ,
829 1684 874 1713 καὶ

103 1729 282 1768 δουλεύσωμεν
298 1731 367 1770 αὐτῷ
384 1730 450 1768 μετὰ
472 1730 553 1770 φόὸου
569 1730 614 1759 καὶ
634 1730 747 1769 τρόμου,
763 1729 805 1758 ἵνα
827 1731 872 1758 τύ-

102 1787 192 1815 lum-ev
208 1778 259 1804 τῶν
279 1776 483 1814 ἐπηγγελμένων
497 1778 602 1814 ἀγαθῶν
621 1778 646 1805 ἐν
662 1777 771 1815 Χριστῷ
786 1776 875 1811 Ἰησοῦ

102 1823 141 1860 τῷ
162 1821 252 1861 Κυρίῳ
275 1824 366 1859 ἡμῶν,
390 1823 447 1860 μεθ’
470 1817 499 1851 οὗ
522 1824 559 1861 τῷ
573 1821 662 1861 Πατρὶ
677 1822 733 1859 ἅμα
756 1823 793 1860 τῷ
808 1821 875 1860 ἁγίῳ

103 1866 240 1906 Πνεύματι
255 1867 331 1904 δόξα,
347 1868 456 1907 κράτος,
476 1867 558 1905 τιμὴ,
579 1870 623 1896 νῦν
640 1867 686 1896 καὶ
707 1867 761 1904 ἀεὶ,
774 1867 819 1896 καὶ
840 1868 875 1900 εἷς
893 1868 910 1892 Ε

102 1912 162 1946 τοὺς
177 1914 272 1946 αἰῶνας
287 1914 338 1942 τῶν
357 1913 468 1942 αἰώνων.
482 1912 575 1951 Ἀμήν.

263 2587 336 2605 Ὶ“()Μ.
363 2588 403 2606 λί-

697 153 741 175 At)
767 153 910 176 ΤΙΜΟΤΗ.
935 154 1013 176 CAP.
1044 155 1091 178 Vt.

1117 155 1234 178 nomn..
1265 155 1336 178 xvi.
1602 145 1674 192 6295

931 226 982 244 non
998 216 1122 245 audiente
1142 216 1169 245 id
1184 216 1247 245 sacit
1267 229 1272 244 :
1291 227 1338 245 nos
1352 223 1452 253 autem,
1468 218 1525 246 Deo
1540 217 1629 246 omnia
1650 225 1675 246 et

929 261 1038 290 vidente
1057 269 1083 291 et
1103 262 1237 297 audiente,
1252 263 1391 291 audemus.
1409 264 1473 291 Heri
1489 270 1589 292 metum
1604 274 1676 292 sem-

930 318 976 346 per
996 308 1035 336 illi
1059 309 1093 337 ob
1109 309 1201 337 ocutos
1228 309 1344 343 habent;
1368 320 1415 338 nos
1439 310 1550 338 Domini
1572 317 1673 339 metum

931 364 1087 391 numquam.
1099 354 1162 382 Ideo
1173 355 1261 383 omnia
1272 366 1317 383 sus
1328 355 1414 393 deque
1424 363 1575 391 vertuntur,
1585 356 1675 385 omnia

930 399 1134 428 confunduntur
1154 407 1179 428 ct
1193 400 1388 429 labefactantur
1406 412 1412 428 ε
1427 408 1451 429 et
1466 412 1513 430 nos
1533 401 1568 430 de
1581 413 1675 441 pecca—

931 446 964 474 tis
987 446 1085 474 nostris
1103 457 1135 474 ne
1150 447 1299 485 cogitamus
1324 447 1451 485 quidem3
1475 449 1496 476 si
1519 449 1588 477 servi
1610 460 1675 478 vero

930 491 1014 519 nostri
1036 491 1213 530 delinquant,
1237 501 1361 522 accurate
1383 493 1473 522 omnia
1497 494 1537 523 vel
1562 495 1675 524 minima

930 538 1126 567 examinamus.
1138 539 1201 566 Haec
1213 539 1274 567 dico
1288 550 1339 567 non
1353 547 1380 568 ut
1392 540 1551 569 domesticos
1564 542 1675 581 supinos

930 583 1052 619 reddam,
1066 583 1112 611 sed
1136 591 1166 612 ut
1181 591 1302 612 nostrum
1317 585 1446 623 supinum
1462 586 1582 615 animum
1607 598 1674 617 con-

929 636 1042 664 vertam,
1055 636 1084 657 ut
1099 629 1290 668 negligentiam
1307 631 1440 665 excitem3
1464 638 1493 659 ut
1508 633 1550 660 vel
1569 633 1607 661 sic
1621 644 1675 662 ser-

929 674 1034 703 viamus
1050 674 1179 709 Domino,
1203 674 1271 703 sicut
1285 675 1380 703 famuli
1398 676 1474 704 nobis
1487 677 1623 715 serviunt3
1637 679 1675 707 sic

930 720 970 748 illi
982 720 1028 758 qui
1044 731 1091 749 nos
1105 720 1270 756 efformavit,
1284 728 1313 749 ut
1328 721 1406 749 nobis
1419 722 1465 759 qui
1481 722 1602 760 ejusdem
1614 732 1675 753 sunt

929 766 1097 799 substantiae,
1116 773 1141 795 et
1160 777 1221 795 cum
1235 766 1304 794 nihil
1317 767 1368 795 tale
1388 778 1403 795 a
1420 767 1498 796 nobis
1510 770 1672 808 acceperint.

929 812 1032 840 Natura
1047 811 1125 840 liberi
1141 812 1192 851 ipsi
1207 823 1313 850 quoque
1325 819 1405 841 sunt:
1419 814 1619 843 Dominentur
1628 817 1673 854 pi·
1689 822 1743 843 Gen.
1758 831 1776 843 ι.
1791 823 1829 845 26.

929 859 1036 894 scibas,
1053 857 1157 885 dictum
1175 866 1214 886 est
1226 858 1281 886 illis
1295 869 1409 896 qnoque.
1426 860 1485 887 Non
1498 866 1537 887 est
1552 859 1608 888 haec
1629 871 1674 889 na-

932 903 1027 932 turalis
1040 903 1166 939 servitus,
1189 903 1235 932 sed
1256 914 1290 932 ex
1308 914 1386 932 causa
1406 911 1432 932 et
1446 905 1584 934 occasione
1597 913 1676 942 nata;

932 955 1072 987 tamenquc
1093 959 1191 988 magno
1212 960 1259 978 nos
1282 949 1382 978 honore
1397 959 1605 989 prosequuntur.
1622 953 1677 981 Nos

932 1002 1021 1024 autem
1034 995 1076 1024 his
1089 1007 1150 1024 cnm
1166 1006 1263 1035 magna
1278 997 1449 1025 accuratione
1464 997 1614 1027 insistimus
1626 999 1678 1028 mi-

933 1042 1035 1070 nisterii
1047 1043 1130 1070 nostri
1141 1043 1238 1080 gratia,
1252 1044 1308 1071 Deo
1319 1050 1408 1071 autem
1422 1054 1454 1071 ne
1465 1043 1607 1073 minimam
1618 1045 1677 1083 qui-

933 1088 995 1117 dem
1007 1089 1151 1118 ministerii
1162 1096 1264 1128 partem
1273 1089 1437 1128 praebemus,
1448 1100 1510 1118 cum
1525 1097 1612 1119 tamen
1622 1098 1677 1120 tota

932 1133 995 1162 inde
1005 1134 1107 1162 utilitas
1118 1133 1152 1162 ad
1165 1145 1212 1162 nos
1226 1141 1355 1163 vertatur.
1365 1134 1473 1169 Quanto
1485 1135 1556 1163 enim
1570 1135 1678 1163 studio·

933 1177 989 1205 sius
1003 1178 1059 1206 Deo
1073 1177 1257 1214 servierimus,
1278 1185 1350 1207 tanto
1371 1179 1474 1217 majora
1496 1179 1677 1208 emolumenta

932 1225 1086 1254 referemus.
1102 1225 1199 1254 Nenos
1218 1232 1291 1254 tanta
1309 1225 1426 1254 utilitate
1435 1225 1576 1265 privemus
1587 1238 1592 1253 :
1603 1227 1677 1255 Deus

932 1270 1003 1298 enim
1025 1271 1079 1300 sibi
1096 1271 1209 1307 sufficit,
1235 1271 1363 1309 nulloque
1376 1278 1456 1310 eget3
1472 1282 1572 1300 merces
1587 1279 1677 1300 autem

932 1324 956 1345 et
970 1317 1076 1345 lucrum
1094 1317 1129 1345 ad
1147 1328 1195 1346 nos
1208 1317 1286 1346 redit.
1302 1318 1387 1353 Quasi
1403 1329 1466 1356 ergo
1478 1328 1531 1346 non
1547 1319 1615 1355 Deo,
1630 1318 1677 1348 sed

932 1362 1010 1391 nobis
1023 1363 1087 1402 ipsis
1099 1363 1289 1399 ministrantes,
1303 1364 1339 1392 ita
1350 1364 1436 1392 simus
1447 1364 1545 1399 affecti,
1558 1363 1677 1401 obsecro,

932 1416 957 1437 et
972 1410 1121 1439 serviamus
1134 1410 1174 1438 illi
1190 1421 1250 1438 cum
1267 1410 1363 1438 timore
1379 1417 1404 1438 et
1419 1417 1543 1445 tremore,
1567 1417 1596 1438 ut
1611 1421 1678 1449 pro-

931 1457 1012 1485 missa
1027 1456 1095 1485 bona
1109 1467 1304 1494 consequamur
1317 1457 1344 1484 in
1360 1457 1467 1485 Christo
1482 1458 1545 1485 Jesu
1562 1457 1679 1485 Domino

931 1509 1032 1539 nostro,
1051 1503 1161 1540 quicum
1177 1502 1251 1530 Patri
1267 1513 1373 1541 unaque
1387 1502 1503 1541 Spiritui
1516 1509 1607 1530 sancto
1620 1502 1678 1540 glo-

931 1548 980 1585 ria,
996 1548 1151 1587 imperium,
1164 1548 1261 1586 honor,
1276 1559 1347 1578 nunc
1359 1556 1384 1577 et
1395 1559 1508 1587 semper,
1520 1554 1545 1576 et
1560 1547 1587 1576 in
1599 1558 1678 1577 saccu-

930 1594 956 1622 la
970 1594 1139 1623 sacculorum.
1155 1596 1249 1623 Amen.

1521 2579 1561 2608 49
