1893 2860
431 163 463 185 tx
492 163 599 185 EPtST.
629 162 674 185 AD
703 162 822 185 EPHES.

87 228 264 256 ἐπισπᾶσθαι·
285 225 353 254 οὕτω
377 224 408 259 δὴ
424 224 469 253 καὶ
491 225 603 252 ἐνταῦθα
618 224 697 252 πάλιν
722 225 757 256 εἷς
778 224 854 252 αὐτὸν

86 272 134 307 τὴν
149 271 234 300 αἰτίαν
253 270 357 309 ἀνάγει,
372 269 471 307 λέγων·
484 269 563 298 Ἀλλὰ
585 269 722 309 ἐκτρέφετε
749 269 816 297 αὐτὰ
830 270 856 297 ἐν

84 316 190 356 παιδεία
204 316 248 346 καὶ
261 315 381 355 νουθεσίᾳ
396 315 504 354 Κυρίου.
519 314 601 354 “Ορᾷς
614 314 654 343 ὅτι
669 317 720 343 τῶν
736 326 855 352 πνευμα-

86 365 164 391 τικῶν
184 362 264 390 ὄντων
278 361 323 389 καὶ
339 361 373 389 τα
396 360 511 399 σαρκικὰ
533 359 544 374 *¹

85 409 127 437 τὸν
141 407 194 436 υἱὸν
217 407 368 442 πειθήνιον,
385 407 411 440 ἐξ
431 409 516 446 ἀρχῆς
536 407 613 435 αὐτὸν
627 407 734 445 ἔκτρεφε
750 408 775 435 ἐν
790 418 857 434 παι-

86 453 140 492 δείᾳ
153 453 198 481 καὶ
209 452 328 492 νουθεσία
343 452 439 492 Κυρίου
453 464 458 470 ·
477 452 514 490 μὴ
528 452 637 490 νομίσῃς
653 448 719 480 εἶναι
735 451 857 490 περιττὸν

85 499 114 527 τὸ
137 501 187 527 τῶν
209 498 284 527 θείων
310 500 422 537 Γραφῶν
449 498 525 526 αὐτὸν
550 497 689 527 ἐπακούειν
703 507 708 512 ·
733 499 787 526 ἐκεῖ
806 496 857 536 γὰρ

84 548 160 573 τοῦτο
178 546 281 584 πρῶτον
297 544 452 579 ἀκούσεται,
468 544 543 581 Τίμα
557 544 600 572 τὸν
626 543 729 583 πατέρα
750 554 795 572 σου
811 542 857 570 καὶ

85 590 132 625 τὴν
149 590 252 630 μητέρα
267 601 321 618 σου.
341 589 426 618 “sto-te
447 590 511 628 ὑπὲρ
525 592 570 618 σοῦ
583 593 658 618 τοῦτο
673 589 783 627 γίνεται.
809 587 855 622 Μὴ

87 635 177 673 εἴπῃς,
202 638 279 664 τοῦτο
296 635 460 672 μοναζόντων
483 635 556 664 ἐστί·
581 634 618 672 μὴ
639 634 690 673 γὰρ
712 634 857 671 μονάζοντα

87 681 163 709 αὐτὸν
173 682 256 715 ποιῶ;
272 682 329 709 Οὐκ
341 681 411 709 ἔστιν
426 681 527 716 ἀνάγκη
541 680 661 718 γενέσθαι
678 679 755 708 αὐτὸν
773 678 857 716 μονά-

85 728 170 759 ζοντα.
185 726 220 754 Τί
243 726 360 758 δέδοικας
379 726 434 758 δέος
448 727 544 754 πολλοῦ
565 724 672 764 κέρδους
694 724 854 762 ἀνάμεστον;

86 770 245 809 Χριστιανὸν
257 770 335 799 αὐτὸν
351 771 470 806 ποίησον.
489 771 614 800 Μάλιστα
629 770 680 808 γὰρ
696 774 749 802 τοῖς
762 781 855 807 κοσμι-
874 785 889 806 1:

85 821 140 849 κοῖς
164 818 306 854 ἀναγκαῖον
324 816 356 844 τὰ
381 818 496 845 ἐντεῦθεν
513 816 609 845 εἰδέναι
622 816 772 854 διδάγματα
783 839 789 851 ‚
806 815 855 853 μοί-

85 863 162 890 λιστα
183 866 237 894 τοῖς
257 862 343 891 παισί.
369 862 460 897 Πολλὴ
486 862 536 901 γὰρ
551 865 567 896 ἦ
585 862 660 891 ἄνοια
676 864 702 891 ἐν
717 861 802 901 ἐκείνῃ
822 864 854 900 τῇ

84 907 176 946 ἡλικίᾳ
187 919 193 924 ·
206 910 238 946 τῇ
254 907 280 936 δὲ
303 908 378 948 ἀνοία
392 908 529 947 προσθήκη
545 908 645 947 γίνεται
668 908 712 937 καὶ
734 908 767 937 τὰ
783 907 856 947 παρὰ

84 955 137 982 τῶν
151 953 243 986 ἔξωθεν
257 954 354 992 λόγων,
376 953 438 982 ὅταν
454 954 572 992 μάθωσιν
588 955 642 982 ἐκεῖ
658 953 717 986 τοὺς
732 955 794 993 παρ’
810 955 855 982 αὐ-

85 1003 139 1032 τοῖς
152 1000 365 1037 θαυμαζομένους
375 999 464 1040 ἥρωας
476 1023 482 1034 ,
498 1002 588 1029 παθῶν
606 1000 710 1033 δούλους
724 1000 800 1032 ὄντας
811 999 855 1028 καὶ

827 1048 844 1054 ’“
863 1034 900 1084 ¹3⁰
909 1054 998 1075 autem
1014 1047 1044 1076 fit
1063 1047 1178 1075 accessio
1198 1046 1278 1075 etiam
1298 1057 1332 1075 ex
1346 1046 1452 1085 scriptis
1467 1053 1655 1083 externorum;

87 1044 186 1077 δειλοὺς
199 1046 263 1083 πρὸς
276 1046 385 1073 θάνατον
396 1055 402 1060 ·
417 1041 469 1074 οἷον
484 1047 497 1074 ὁ
511 1045 643 1085 Ἀχιλλεὺς
655 1045 716 1074 ὅταν
731 1058 855 1084 μετανοῃ,

86 1090 148 1119 ὅταν
163 1091 228 1130 ὑπὲρ
250 1090 412 1123 παλλακίδος
428 1092 599 1130 ἀποθνήσκῃ,
615 1092 678 1120 ὅταν
697 1091 783 1131 ἕτερος
806 1104 855 1129 με·

86 1136 152 1172 θύῃ,
167 1136 210 1164 καὶ
228 1136 304 1175 ἕτερα
318 1136 404 1165 πολλὰ
423 1139 541 1166 τοιαῦτα.
558 1139 605 1165 Δεῖ
619 1137 703 1166 τοίνυν
719 1139 789 1176 αὐτῷ
802 1140 853 1166 τῶν

85 1181 231 1219 φαρμάκων
247 1181 353 1210 τούτων.

124 1373 187 1406 Πῶς
197 1373 249 1413 γὰρ
259 1374 306 1402 οὐκ
320 1373 416 1402 ἄτοπον
432 1374 468 1405 εἰς
481 1372 573 1412 τέχνας
589 1372 636 1410 μὲν
648 1373 794 1411 ἐκπέμπειν
809 1374 854 1402 καὶ

86 1421 120 1451 εἷς
132 1419 322 1455 διδασκαλεῖον,
342 1419 386 1447 καὶ
401 1419 488 1447 πάντα
510 1418 636 1457 πράττειν
657 1419 724 1457 ὑπὲρ
742 1418 834 1448 τούτου
847 1431 852 1437 ’

84 1466 110 1492 ἐν
132 1464 158 1493 δὲ
180 1464 287 1504 παιδεία
301 1464 346 1492 καὶ
361 1464 479 1502 νουθεσία
497 1464 594 1503 Κυρίου
611 1464 648 1501 μὴ
664 1464 796 1503 ἐκτρέφειν
821 1465 854 1492 τὰ

84 1509 193 1545 παιδία,
214 1509 269 1538 Διά
291 1521 330 1538 τοι
353 1514 429 1539 τοῦτο
450 1512 550 1548 πρῶτοι
572 1511 624 1538 τῶν
647 1513 757 1549 καρπῶν
777 1514 854 1548 ἡμεῖς

82 1555 260 1593 ἀπολαύομεν,
275 1558 392 1594 θρασεῖς,
408 1555 583 1591 ἀκολάστους,
601 1558 716 1589 ἀπειθεῖς
728 1579 735 1592 ,
756 1557 855 1594 βαναύ-

84 1612 142 1634 σους
160 1601 327 1640 ἐκτρέφοντες
338 1601 396 1635 τοὺς
407 1602 512 1634 παῖδας.
528 1601 573 1636 Μὴ
587 1602 672 1630 τοίνυν
687 1606 763 1632 τοῦτο
773 1606 855 1632 ποιῶ-

83 1658 141 1684 μεν,
157 1647 223 1676 ἀλλὰ
237 1647 387 1685 πειθώμεθα
402 1649 439 1686 τῷ
455 1647 578 1687 μακαρίῳ
592 1647 676 1687 τούτῳ
696 1652 855 1688 παραινοῦν-

83 1702 126 1720 τι·
143 1693 310 1732 ἐκτρέφωμεν
321 1693 388 1721 αὐτὰ
399 1695 424 1722 ἐν
437 1691 544 1733 παιδεία
554 1693 599 1721 καὶ
611 1693 731 1734 νουθεσία
741 1694 838 1731 Κυρίου
847 1705 853 1710 ”

84 1737 169 1774 δῶμεν
185 1737 271 1769 αὐτοῖς
287 1736 434 1775 ὑπόδειγμα
445 1760 451 1769 ‚
470 1738 500 1765 ἐκ
514 1737 621 1776 πρώτης
636 1738 740 1772 ἡλικίας
754 1741 785 1777 τῇ
802 1741 854 1768 τῶν

83 1784 196 1822 Γραφῶν
209 1783 355 1822 ἀναγνώσει
367 1787 500 1815 ποιοῦντες
513 1783 603 1816 αὖτοὺς
618 1785 794 1823 ἐνσχολάζειν.
805 1785 855 1814 Οἴ-

82 1841 142 1866 μοι,
167 1828 207 1857 ὅτι
231 1831 346 1868 συνεχῶς
367 1832 450 1858 ταῦτα
473 1829 567 1867 λέγων,
591 1831 680 1868 ληρεῖν
696 1831 837 1868 νομίζομαι
849 1843 854 1848 ·

82 1874 150 1910 πλὴν
170 1876 227 1903 ἀλλ’
239 1875 310 1913 ὅμως
330 1876 358 1904 οὐ
374 1874 512 1913 παύσομαι
528 1875 556 1903 τὸ
571 1876 686 1913 ἐμαυτοῦ
701 1879 792 1905 ποιῶν.
806 1877 856 1905 Τί-

82 1931 123 1953 νος
137 1919 232 1955 ἕνεκεν,
245 1920 302 1949 εἶπέ
313 1932 372 1958 μοι,
387 1922 415 1948 οὐ
430 1923 552 1958 μιμεῖσθε
567 1921 626 1954 τοὺς
640 1921 783 1958 παλαιούς,
796 1923 856 1951 Μά-

82 1965 160 1993 λιστα
179 1967 253 2003 ὓμεῖς
268 1967 294 1994 αἱ
316 1969 435 2004 γυναῖκες
450 1965 497 1998 τὰς
516 1966 670 2004 θαυμαστὰς
681 1968 782 2000 ἐκείνας
803 1980 853 2006 γυ-

85 2015 176 2043 ναῖκας
190 2010 335 2046 ζηλώσατε.
350 2011 466 2049 'Ea-{79⁷3
479 2012 508 2040 τὸ
519 2012 641 2048 παιδίον;
663 2012 789 2051 Μίμησαι
806 2014 854 2050 τὴν

83 2056 176 2085 Ἄνναν
190 2066 195 2071 ·
218 2056 354 2094 κατάμαθε
379 2056 404 2084 τί
428 2057 572 2091 πεποίηκεν
594 2058 679 2093 ἐκείνη
690 2069 696 2074 ·
723 2060 853 2099 ἀνήγαγεν

84 2102 161 2130 αὐτὸν
176 2102 268 2134 εὐθέως
285 2103 320 2134 εἷς
335 2101 378 2129 τὸν
399 2102 469 2130 ναόν.
482 2102 531 2134 Τίς
554 2105 627 2139 ὑμῶν
647 2104 693 2132 οὐκ
714 2104 744 2132 ἂν
762 2106 852 2140 ἐθελή-

83 2159 137 2176 σειε
149 2147 276 2186 Σαμουὴλ
288 2148 332 2176 τὸν
353 2148 408 2176 υἱὸν
423 2148 465 2176 τὸν
480 2150 573 2177 ἑαυτοῦ
595 2149 664 2182 ἅπαξ
681 2151 819 2188 γενέσθαι,
834 2152 851 2186 ἢ

83 2194 206 2233 μυριάκις
228 2193 339 2232 βασιλέα
358 2195 404 2228 τῆς
417 2194 570 2232 οἰκουμένης
590 2195 714 2232 ἁπάσης,
730 2196 782 2225 Καὶ
797 2200 852 2230 πῶς

82 2240 201 2274 δυνατὸν,
217 2239 296 2277 φησὶ,
311 2239 431 2278 γενέσθαι
444 2243 575 2275 τοιοῦτοη
592 2240 642 2269 Διὰ
662 2242 688 2269 τί
711 2242 747 2280 μὴ
772 2244 850 2271 δυνα-

81 2285 124 2314 τόν
135 2297 142 2321 ;
155 2284 220 2314 Ὅτι
239 2287 267 2314 οὐ
281 2285 377 2321 θέλεις,
395 2285 451 2314 οὐδὲ
467 2287 617 2325 παραδίδως
632 2291 685 2320 τοῖς
700 2288 852 2326 δυναμένοις

83 2330 158 2359 αὐτὸν
172 2333 299 2366 “amicat
312 2335 434 2361 τοιοῦτον.
459 2332 512 2360 Καὶ
526 2332 564 2364 τίς
582 2333 697 2365 τοιοῦτός
711 2334 780 2370 ἐστὶ,
800 2346 852 2374 φη-

82 2377 139 2412 σίν;
150 2375 184 2405 ‘0
200 2376 283 2409 Θεός·
299 2377 355 2406 ἐπεὶ
376 2377 484 2413 κάκείνη
504 2379 575 2417 αὐτῷ
589 2379 666 2407 αὐτὸν
679 2379 848 2419 ἐνεχείρισεν.

83 2421 152 2451 Οὐδὲ
166 2422 217 2461 γὰρ
228 2425 242 2451 ὁ
256 2422 331 2451 Ἠλεὶ
344 2424 396 2451 τῶν
409 2423 509 2462 σφόδρα
524 2425 672 2462 δυναμένων
690 2426 765 2454 αὐτὸν
779 2427 847 2455 πλοί-

114 2526 128 2542 ⁴¹
147 2526 154 2557 ἰ
166 2524 237 2549 Idem
249 2525 347 2556 ἐπιταμ]

852 162 930 184 ΕᾹΡ.

555 361 663 399 ἑ’ψεται;
682 360 774 388 Βούλει
791 355 857 388 εἶναι
875 366 891 388 Ε

1588 147 1651 181 183

910 222 1059 251 ostenderat
1093 221 1221 250 maritum
1251 230 1306 249 esse
1340 229 1449 248 causam
1483 225 1512 247 ut
1545 219 1655 247 obediat

911 279 990 305 uxor,
1008 275 1034 296 et
1048 268 1108 296 ideo
1123 267 1216 295 multis
1236 277 1298 295 cum
1322 276 1352 294 co
1376 265 1442 304 agit,
1465 264 1610 299 adhortans
1625 271 1655 292 ut

909 324 967 342 eam
982 313 1099 342 attrabat
1116 312 1260 352 tyrannide
1286 311 1453 346 dilectionis;
1467 310 1503 339 ita
1525 310 1569 338 hie
1591 321 1657 348 quo-

910 370 961 397 que
976 370 1067 387 rursus
1082 359 1104 387 ei
1122 369 1229 387 causam
1242 357 1338 386 tribuit
1348 357 1452 385 dicens:
1463 357 1520 385 Sed
1534 357 1656 384 educate

909 405 977 433 illos
999 407 1030 432 in
1050 405 1209 443 disciplina
1224 410 1250 432 et
1263 405 1443 441 correptione
1460 403 1590 431 Domini.
1606 401 1656 430 Vi-

909 450 956 479 des
971 450 1054 488 quod,
1069 450 1091 478 si
1107 449 1194 478 adsint
1220 449 1371 488 spiritualia
1385 472 1391 484 ‚
1406 455 1550 486 sequentur
1575 448 1655 476 ctiam

911 496 1032 524 carnalia
1044 496 1056 524 ἰ’
1071 495 1120 526 Vis
1137 495 1224 523 filiuni
1237 506 1293 523 esse
1309 494 1502 523 obedientem?
1521 494 1554 521 ab
1578 493 1655 522 initio

911 553 972 571 eum
995 542 1077 571 educa
1089 543 1116 571 in
1131 542 1273 581 disciplina
1288 549 1314 570 et
1327 542 1511 570 admonitione
1526 540 1635 569 Domini
1648 553 1654 567 :

911 599 942 616 ne
952 588 1088 616 existimes
1102 598 1157 616 esse
1172 598 1412 626 supervacaneum,
1426 586 1497 624 quod
1514 587 1569 625 ipse
1582 586 1656 615 divi-

960 161 1006 183 Vt.
1037 161 1154 183 HOMIL.
1184 160 1256 182 XXI.

910 644 957 662 nas
969 633 1058 661 literas
1072 633 1177 661 audiat:
1189 643 1251 660 nam
1264 632 1319 660 illic
1335 632 1386 660 hoc
1400 632 1519 670 primum
1533 631 1654 669 audient,

912 681 1032 707 Honora
1057 686 1170 718 patrem
1193 685 1220 706 et
1243 685 1374 706 matrem.
1390 678 1482 715 ltaque
1498 684 1606 716 propter
1631 685 1657 705 te

909 725 960 754 hoc
973 726 1014 754 fit.
1028 726 1067 754 Ne
1081 725 1166 760 dicas,
1179 724 1235 752 Hoc
1252 731 1290 752 est
1305 723 1514 759 monachorum3
1531 734 1595 751 num
1608 734 1656 759 ego

910 782 971 800 eum
995 771 1063 800 facio
1089 770 1272 799 monachum?
1294 771 1353 798 Non
1381 777 1420 798 est
1442 780 1547 798 necesse
1562 776 1592 798 ut
1609 770 1656 798 fiat

911 816 1069 845 monachus.
1087 816 1164 852 Quid
1178 816 1208 844 id
1222 816 1310 851 times,
1325 815 1399 853 quod
1419 823 1458 844 est
1478 816 1564 843 multo
1581 815 1656 844 lucro

911 863 1046 902 plenum?
1062 863 1115 891 Fac
1138 873 1199 891 eum
1224 862 1417 890 Christianum.
1444 862 1563 890 Maxime
1585 862 1657 890 enim

910 908 1064 943 mundanis,
1077 919 1172 948 nempe
1188 908 1370 944 saecularibus,
1386 918 1490 936 necesse
1501 914 1540 936 est
1554 907 1658 936 discere

911 966 969 993 qnae
992 955 1048 983 illic
1064 962 1126 983 sunt
1151 954 1326 991 documenta,
1342 955 1428 993 magis
1444 962 1533 983 autem
1557 955 1656 994 pueris.

910 1001 999 1030 Multa
1007 1008 1044 1030 est
1056 1001 1165 1029 enimin
1177 1001 1223 1029 illa
1235 1007 1311 1029 aetate
1320 1000 1487 1039 ignorantia;
1501 1000 1657 1039 ignorantioe

909 1092 1017 1131 quando
1026 1103 1074 1132 per
1084 1103 1113 1121 ea
1125 1092 1270 1121 didicerint
1282 1092 1380 1130 eosqui
1389 1099 1450 1120 sunt
1461 1092 1553 1120 heroes
1564 1092 1657 1120 haberi

910 1139 937 1167 in
949 1139 1136 1176 admiratione,
1150 1149 1213 1168 cum
1225 1139 1278 1166 sint
1291 1138 1362 1166 servi
1377 1137 1459 1166 animi
1476 1137 1657 1177 perturbatio-

909 1195 974 1213 num
986 1191 1011 1212 et
1027 1184 1168 1221 vitiorum,
1184 1191 1210 1212 et
1226 1190 1339 1212 mortem
1355 1183 1519 1212 timeantzut
1536 1183 1655 1211 Achilles

908 1230 1016 1268 quando
1027 1241 1089 1258 eum
1101 1230 1211 1269 poenitet
1222 1252 1229 1266 ,
1242 1229 1350 1268 quando
1366 1230 1481 1258 moritur
1493 1240 1541 1269 pro
1556 1239 1655 1258 concu-

908 1276 986 1312 bina;
998 1276 1106 1314 quando
1123 1276 1192 1304 alius
1206 1282 1245 1304 est
1259 1275 1365 1312 ebrius,
1381 1283 1406 1304 et
1422 1276 1509 1304 multa
1519 1275 1572 1304 alia
1585 1276 1655 1314 ejus-

908 1322 990 1351 modi.
1004 1323 1048 1351 Illi
1064 1333 1126 1361 ergo
1141 1333 1209 1362 opus
1223 1329 1261 1350 est
1274 1322 1316 1351 his
1331 1322 1545 1351 medicamentis.

947 1370 975 1396 Ξ).
992 1367 1134 1403 Quomodo
1150 1368 1222 1396 enim
1236 1378 1287 1396 non
1303 1375 1341 1396 est
1357 1367 1508 1396 absurdum
1525 1367 1560 1395 ad
1587 1373 1657 1396 artes

907 1413 1018 1452 quidem
1032 1413 1152 1450 mittere,
1165 1420 1190 1441 et
1211 1413 1245 1442 ad
1265 1413 1361 1441 ludum
1384 1413 1535 1442 literarium
1545 1436 1553 1450 ‚
1567 1421 1592 1442 et
1606 1424 1657 1453 pro

907 1471 938 1488 eo
959 1459 1049 1488 omnia
1065 1459 1167 1496 saeere3
1186 1459 1212 1487 in
1234 1459 1378 1498 disciplina
1393 1466 1484 1488 autem
1497 1466 1523 1488 et
1539 1460 1589 1488 Dei
1606 1459 1656 1488 ad-

907 1506 1053 1535 monitione
1068 1516 1164 1545 pueros
1174 1516 1226 1534 non
1239 1505 1374 1534 educare?
1383 1505 1526 1545 Propterea
1541 1515 1587 1534 nos
1599 1505 1655 1545 pri-

910 1553 947 1581 mi
968 1553 1072 1581 fructus
1093 1552 1276 1591 percipimus,
1291 1551 1422 1587 audaces,
1438 1552 1657 1592 intemperantes,

909 1599 1112 1637 immorigeros,
1128 1597 1263 1633 sordidos,
1290 1604 1314 1626 et
1338 1597 1485 1626 illiberales
1505 1598 1604 1627 alentes
1621 1599 1656 1627 fi-

908 1645 968 1673 lios.
982 1645 1022 1673 Ne
1038 1654 1101 1683 ergo
1116 1644 1167 1672 hoc
1184 1643 1326 1678 faciamus,
1337 1643 1385 1672 sed
1397 1643 1460 1674 huic
1471 1644 1548 1672 beato
1561 1655 1656 1684 parea-

909 1703 968 1721 mus
975 1691 1112 1721 suadenti:
1122 1691 1267 1720 educemus
1282 1701 1326 1720 eos
1339 1691 1366 1720 in
1379 1691 1522 1731 disciplina
1532 1699 1557 1721 et
1566 1692 1657 1721 admo-

909 1738 1010 1767 nitione
1022 1737 1149 1766 Domini:
1161 1737 1257 1766 demus
1269 1737 1306 1765 eis
1321 1737 1475 1776 exemplum
1485 1760 1492 1774 ‚
1504 1738 1538 1766 ab
1550 1738 1657 1767 ineunte

907 1791 983 1813 aetate
1001 1791 1124 1813 curantes
1141 1794 1185 1812 eos
1206 1783 1362 1812 incumbere
1376 1783 1485 1812 lectioni
1500 1785 1656 1824 Scriptura-

906 1841 976 1859 rum.
989 1830 1038 1859 Hei
1050 1830 1192 1866 mihi‚haec
1200 1829 1307 1858 assidue
1319 1829 1410 1858 dicens
1420 1829 1514 1858 videor
1524 1830 1637 1859 delirare
1647 1843 1656 1868 3

908 1882 1093 1905 verumtamen
1110 1885 1161 1903 non
1183 1875 1290 1904 cessabo
1306 1875 1391 1903 facere
1413 1874 1485 1912 quod
1499 1882 1537 1904 est
1553 1886 1653 1904 meum.

905 1923 972 1959 Cur,
985 1921 1031 1950 dic
1043 1921 1122 1955 mihi,
1132 1931 1184 1949 non
1200 1920 1314 1949 imitaris
1326 1921 1447 1949 veteres?
1461 1921 1582 1949 Maxime
1593 1932 1654 1959 vos,

906 1968 1042 2002 mulieres,
1058 1967 1119 1995 illas
1134 1966 1260 1994 mulieres
1281 1965 1454 1994 admirandas
1479 1966 1655 1996 aemulamini.

907 2012 1036 2053 Peperisti
1052 2011 1164 2040 filium?
1177 2011 1286 2040 Imitare
1301 2014 1418 2049 Annam,
1431 2011 1505 2041 disce
1519 2012 1585 2050 quid
1606 2013 1654 2042 illa

905 2058 996 2088 fecerit
1012 2071 1018 2094 ς
1035 2068 1097 2086 eum
1121 2057 1212 2086 statim
1239 2056 1354 2085 deduxit
1371 2057 1397 2085 in
1413 2058 1555 2096 templum.
1573 2058 1655 2093 Quae-

906 2115 969 2133 nam
982 2111 1101 2133 vestrum
1117 2114 1168 2132 non
1187 2103 1313 2131 maluerit
1336 2114 1416 2131 suum
1433 2104 1522 2132 filium
1533 2114 1589 2133 esse
1603 2106 1653 2134 Sa-

906 2151 1032 2185 muelem,
1049 2160 1130 2188 quam
1145 2149 1244 2177 millies
1258 2159 1347 2188 regem
1369 2149 1451 2178 totius
1466 2149 1540 2178 orbis
1557 2151 1655 2179 terrae?

906 2196 942 2225 Et
967 2195 1102 2235 quomodo
1114 2218 1121 2232 ‚
1151 2195 1239 2234 inquit
1251 2218 1258 2232 ,
1286 2195 1345 2223 fieri
1371 2202 1457 2235 potest
1488 2203 1518 2224 ut
1552 2198 1587 2225 sit
1615 2203 1656 2225 ta-

906 2242 960 2271 lis?
979 2244 1069 2278 Quare
1098 2252 1150 2270 non
1176 2248 1262 2280 potest
1276 2241 1358 2270 fieri?
1378 2242 1514 2277 Quoniam
1534 2252 1585 2271 non
1602 2243 1654 2278 vis,

905 2299 953 2317 nec
965 2298 1026 2316 eum
1051 2287 1135 2316 tradis
1149 2286 1182 2315 iis
1195 2287 1241 2325 qui
1258 2294 1369 2326 possunt
1391 2298 1451 2316 eum
1466 2288 1547 2317 talem
1563 2289 1657 2318 facere.

907 2334 941 2363 Et
965 2334 1027 2372 quis
1052 2333 1075 2362 is
1096 2340 1145 2370 est,
1170 2333 1281 2372 inquit?
1302 2334 1394 2362 Deus:
1411 2344 1474 2363 nam
1494 2334 1552 2374 ipsa
1577 2335 1656 2364 illum

905 2381 929 2409 ei
951 2379 1072 2409 tradidit.
1089 2380 1181 2418 Neque
1195 2379 1267 2408 enim
1286 2379 1346 2408 Heli
1370 2386 1426 2408 erat
1446 2391 1480 2409 ex
1496 2380 1529 2409 iis
1542 2381 1588 2419 qui
1602 2381 1655 2410 ad-

906 2426 1018 2455 modum
1041 2432 1149 2464 possent
1166 2435 1228 2454 eum
1241 2425 1343 2464 fingere
1367 2432 1392 2454 et
1417 2426 1576 2455 efformare:
1590 2438 1655 2466 quo-

927 2537 936 2547 ε
958 2527 1046 2560 {Idem
1058 2528 1162 2558 πλάσαι]

1690 786 1808 807 manacho*

1667 826 1716 838 rum
1734 820 1777 839 vila

1667 856 1752 877 aspera.

1671 2409 1688 2424 t.
1699 2402 1758 2430 Reg.
1771 2408 1791 2425 r.
