1893 2860
99 712 224 735 E.-t!1'.5.6.

254 143 298 186 54
585 155 613 177 S.
641 154 780 177 JOANMS
807 152 987 175 cunYSOST.

251 213 291 242 dit
317 214 518 252 magistratum,
537 220 563 241 ct
588 214 610 241 si
639 213 802 241 adulterium
823 212 986 241 commiserit

252 267 276 288 et
310 261 344 289 sit
373 262 524 295 convietus,
552 259 676 288 redditur
705 258 832 297 indignus
852 270 858 286 t
887 268 987 296 quam-
1006 266 1026 288 Α

253 306 294 333 vis
323 306 526 334 innumerabilia
553 311 623 333 recte
651 304 759 343 gesserit
772 327 778 339 ‚
799 304 884 343 perit;
912 310 938 331 et
966 303 989 331 si

253 351 351 379 eaedem
367 351 470 386 fecerit,
487 356 512 378 et
530 350 672 389 probatum
693 350 773 378 suerit
783 372 792 384 ‚
814 350 864 378 hoc
885 359 990 387 quoque

252 396 285 424 ad
310 407 369 424 cum
395 395 560 434 perdendum
580 395 689 424 sufficit.
716 395 747 424 Si
762 395 903 424 hominum
917 395 989 433 leges

251 441 316 468 :idco
351 447 443 469 exacte
475 447 632 476 servantur,
666 446 766 478 quanto
797 439 883 478 magis
917 439 988 478 leges

252 486 300 513 Dei
313 486 327 513 P
356 488 391 514 At
423 493 461 514 est
486 486 588 521 bonus,
623 485 720 523 inquit.
751 487 898 523 Quousque
931 484 988 513 haec

250 532 329 559 stulta
344 531 480 560 dicemus?
494 532 582 560 Stulta
595 538 684 560 autem
698 531 756 559 dixi
766 553 773 567 ,
786 541 837 559 non
849 530 923 568 quod
935 540 986 558 non

249 577 283 605 sit
298 577 399 611 bonus,
420 577 467 605 sed
481 577 552 614 quod
567 577 750 605 existimemus
770 577 827 615 ejus
841 576 987 604 bonitatem

250 622 285 650 ad
306 623 364 651 haec
380 623 457 651 nobis
476 633 532 651 esse
547 623 639 651 utilem
649 645 656 658 ,
670 622 718 651 etsi
736 621 941 650 innumerabilia
955 621 988 649 de

251 667 294 696 his
320 679 389 707 saepe
414 667 627 697 disseruerimus.
643 667 713 695 Audi
728 667 798 695 enim
822 667 988 706 Scripturam
1007 666 1025 688 Β

251 713 399 742 dicentem:
413 715 456 742 Ne
465 715 581 749 diret-is,
592 715 744 741 illiseratio
757 715 817 752 ejus
829 719 870 741 est
882 713 986 747 multa,

252 759 435 787 multitudini
445 766 627 798 peccatorum
637 769 763 786 meorum
770 759 986 796 propitiabitur.

252 805 311 833 Nun
327 804 451 843 prohibet
469 814 515 832 uos
531 804 620 832 dicere
634 803 747 831 multam
762 813 817 831 esse
831 803 887 841 ejus
904 802 988 830 mise-

252 851 398 885 rationem;
413 850 497 887 absit;
512 860 564 878 non
578 849 629 878 hoc
640 849 746 884 suadet,
760 848 806 877 sed
825 855 850 877 et
865 859 911 877 uos
930 849 988 877 vult

252 896 302 924 hoc
323 895 428 923 assidue
452 894 553 931 dicere,
580 901 605 922 et
627 901 766 934 propterea
787 894 875 921 omnia
900 901 989 922 moret

252 940 367 977 Paulus,
383 939 428 967 scd
445 945 595 978 propterea
613 949 670 976 quae
685 937 810 976 deinceps
831 944 988 975 sequuntur.

252 984 292 1011 Ne
305 983 376 1017 ideo,
394 983 494 1020 inquit,
516 981 657 1010 admireris
677 981 728 1009 Dei
746 980 936 1018 benignitatem
959 987 989 1008 ut

251 1038 351 1066 pecces,
365 1035 391 1056 et
407 1028 490 1063 dicas,
506 1027 710 1055 Misericordia
728 1028 790 1065 ejus
807 1026 988 1054 multitudini

248 1080 433 1113 peccatorum
444 1083 572 1101 meorum
577 1073 793 1111 propitiabitur.

295 1120 318 1148 ¹0.
341 1119 404 1147 Ideo
421 1119 491 1147 enim
509 1125 564 1146 tam
579 1117 663 1146 multa
684 1115 842 1144 disserimus
862 1116 896 1144 de
910 1116 990 1145 boni-

251 1172 314 1199 tate,
331 1176 383 1193 non
398 1172 426 1193 ut
441 1164 465 1193 ei
484 1163 648 1192 confidentes
668 1172 778 1201 agamus
795 1162 884 1190 omnia
899 1173 907 1198 ς
921 1162 989 1190 alio-

251 1210 297 1248 qui
316 1210 421 1238 bonitas
440 1210 491 1238 erit
510 1209 545 1237 ad
567 1215 663 1237 nostra}
682 1207 776 1236 salutis
791 1206 926 1244 exitium,
943 1207 989 1235 sed

251 1267 283 1284 ue
298 1256 469 1294 desperemus
483 1255 510 1283 in
529 1254 654 1293 pcccatis,
668 1263 762 1282 verum
780 1262 890 1290 agamus
905 1253 989 1291 poeni-

251 1301 369 1330 tentiam.
382 1300 536 1339 Benignitas
559 1299 630 1328 enim
644 1298 694 1327 Dei
715 1305 738 1326 te
757 1297 833 1326 ducit
851 1297 885 1325 ad
902 1298 989 1336 poeni-

250 1346 372 1383 tentiam,
384 1356 437 1374 non
456 1345 491 1374 ad
513 1345 591 1384 plura
608 1344 684 1372 vitia.
699 1343 728 1372 Si
746 1350 835 1371 autem
859 1344 945 1371 malus
964 1350 990 1372 et
1008 1345 1025 1367 C

251 1392 393 1421 sceleratus
408 1392 456 1419 fias
471 1397 578 1430 propter
590 1389 793 1427 benignitatem,
810 1395 838 1416 tu
854 1399 914 1417 eum
931 1400 991 1417 ma-

251 1437 292 1475 gis
316 1436 342 1464 in
363 1435 456 1463 odium
478 1445 556 1464 vocas
577 1441 602 1462 et
622 1444 729 1462 accusas
749 1432 825 1472 apud
847 1432 986 1461 homines:

252 1480 350 1507 multos
373 1479 443 1507 enim
463 1478 587 1507 videmus
608 1483 761 1505 accusantes
774 1476 823 1504 Dei
844 1476 989 1504 lenitatem.

253 1524 436 1561 Quamobrem
448 1523 526 1551 dabis
537 1533 635 1561 poenas,
642 1522 664 1550 si
674 1532 703 1550 ea
715 1532 767 1549 non
780 1521 862 1549 utaris
874 1528 901 1549 ut
913 1532 991 1560 opor-

252 1577 298 1599 tet.
317 1571 389 1598 Deus
403 1576 441 1597 est
458 1568 611 1607 benignus?
626 1567 672 1596 scd
697 1574 735 1595 est
747 1567 829 1595 etiam
842 1567 931 1605 justus
946 1568 992 1606 ju-

251 1616 314 1644 dex.
331 1615 471 1644 Condonat
486 1614 612 1654 peccata?
628 1613 675 1641 scd
690 1613 771 1641 etiam
784 1611 874 1640 reddit
886 1613 991 1641 unicui-

252 1674 304 1701 que
323 1663 469 1691 secundum
493 1672 572 1700 opera
595 1671 651 1689 sua.
669 1660 800 1688 Transilit
819 1660 990 1697 iniquitates,

252 1717 278 1737 et
292 1709 363 1737 tollit
378 1708 505 1748 peccata?
522 1707 568 1736 sed
587 1717 616 1734 ea
632 1716 738 1744 quoque
753 1705 897 1733 examinat.
913 1706 990 1740 Quo-

253 1754 332 1783 modo
344 1765 405 1793 ergo
419 1764 470 1782 non
479 1759 540 1782 sunt
553 1753 611 1780 haec
623 1751 775 1780 contraria?
786 1752 846 1779 Non
859 1758 920 1779 sunt
930 1762 992 1780 con-
1009 1758 1028 1780 D

252 1800 345 1834 traria,
365 1800 386 1827 si
406 1798 573 1837 temporibus
600 1808 630 1825 ea
650 1796 842 1825 diviserimus:
857 1796 928 1824 tollit
948 1796 993 1824 hic

254 1853 360 1885 peccata
377 1856 424 1885 per
438 1845 577 1873 lavacrum
593 1850 617 1871 et
632 1842 814 1881 poenitentiam
829 1853 837 1878 ;
852 1842 921 1869 faeta
936 1842 993 1870 illic

253 1893 390 1920 examinat
399 1902 446 1930 per
458 1891 546 1929 ignem
559 1897 584 1918 et
594 1895 734 1917 tormenta.
746 1888 775 1916 Si
786 1898 860 1926 erge,
875 1888 989 1925 inquies,

255 1950 316 1967 cum
331 1946 356 1967 et
375 1939 444 1967 mala
461 1939 546 1966 secero
561 1947 656 1976 pauca,
671 1943 778 1974 propter
791 1946 874 1963 unum
890 1936 992 1974 ejiciar,

255 1993 279 2014 et
294 1997 308 2013 a
324 1995 403 2024 regno
417 1983 550 2019 excidam,
562 1993 609 2011 cur
623 1982 693 2010 mala
709 1982 798 2009 omnia
813 1992 864 2010 non
877 1982 992 2020 operor?

257 2032 357 2070 Ingrati
373 2031 443 2059 servi
458 2036 496 2058 cst
512 2029 596 2057 oratio
611 2040 617 2055 z
636 2027 682 2056 sed
697 2034 786 2056 tamen
802 2028 872 2055 hanc
888 2037 994 2065 quoque

257 2077 435 2105 dissolvemus
449 2075 604 2104 orationem.
620 2075 659 2103 Ne
674 2073 744 2102 mala
759 2073 886 2112 opereris,
903 2080 930 2101 ut
945 2073 995 2101 tibi

259 2124 342 2162 prosis
358 2136 363 2150 τ
378 2133 438 2151 nam
453 2133 468 2150 a
484 2131 565 2160 regno
579 2120 689 2158 quidem
701 2129 791 2148 omnes
805 2119 928 2147 similiter
942 2129 994 2147 ex·-

257 2169 395 2203 cidemus3
414 2168 440 2196 in
463 2168 581 2205 gehenna
599 2172 689 2194 autem
708 2175 759 2193 uon
778 2164 885 2193 easdem
905 2174 995 2203 peenas

256 2214 382 2242 dabimus
404 2223 509 2247 omnes,
533 2212 580 2240 sed
603 2211 648 2239 hic
672 2210 781 2249 quidem
803 2210 935 2249 majoreS,
952 2210 998 2238 ille

258 2270 320 2288 vero
341 2259 467 2286 mitiores.
481 2259 550 2286 Nam
565 2257 586 2285 si
605 2264 631 2285 tu
645 2256 752 2295 quidem
770 2263 795 2284 et
809 2255 854 2284 ille
865 2255 994 2294 despexe·
1013 2269 1030 2291 Ε

258 2305 325 2340 ritis,
339 2312 363 2333 et
378 2304 423 2342 qui
440 2304 466 2332 in
479 2304 572 2331 multis
586 2310 611 2331 et
625 2303 672 2341 qui
686 2303 713 2331 in
729 2302 821 2341 paucis
834 2308 936 2341 peccat,
953 2302 997 2330 si-

258 2352 359 2380 militer
372 2361 386 2379 e
400 2360 482 2388 regno
496 2349 624 2377 excidetis
639 2360 645 2375 :
659 2349 680 2376 si
695 2355 783 2376 autem
799 2358 851 2376 nou
872 2347 997 2376 similiter

257 2395 447 2436 despexeritis,
459 2395 507 2423 scd
524 2395 593 2423 alius
609 2393 717 2431 quidem
736 2394 830 2432 magis,
845 2394 914 2421 alius
932 2403 996 2421 vero

218 2465 221 2469 .
256 2443 354 2478 minus,
370 2442 396 2469 in
411 2441 530 2479 gehenna
544 2439 662 2468 sentietis
679 2439 867 2467 differentiam.
882 2440 936 2467 Cur
955 2449 995 2466 er—

256 2499 288 2525 go
304 2488 421 2516 minatur
439 2487 471 2515 iis
493 2485 540 2524 qui
562 2495 614 2513 non
637 2484 767 2512 dederunt
787 2484 992 2522 eleemosynam,

254 2545 297 2563 cos
307 2544 360 2563 esse
371 2533 490 2562 abituros
500 2532 525 2560 in
537 2531 624 2570 iguem
635 2542 643 2568 4ς
656 2540 738 2568 neque
748 2530 833 2558 solum
845 2529 872 2557 in
885 2529 972 2567 ignem

1019 151 1173 176 ΑΚΕΗΙΕΡ.
1202 154 1264 177 CON
1271 155 1329 177 STA
1336 154 1470 177 NTINOP-

1004 213 1145 267 ωμᾶλλον
1160 215 1183 242 οἱ
1197 217 1242 242 τοῦ
1255 216 1338 250 &eom
1353 215 1422 243 Ἀλλ’
1438 214 1560 253 ἀγαθός
1549 226 1594 243 εστ
1598 226 1618 249 ι,
1637 214 1708 253 φησί.
1722 214 1815 252 Μέγρι

1043 256 1111 290 τίνος
1121 258 1164 286 τὸν
1180 259 1266 297 μωρὸν
1282 271 1372 288 τουτον
1389 260 1465 316 λόγον
1481 260 1658 298 φθεγγόμεοα;
1674 259 1770 299 Μωρὸν
1785 259 1813 287 δὲ

1044 304 1125 338 εἶπον,
1140 304 1190 341 οὐχ
1202 303 1242 331 ὅτι
1255 305 1301 332 οὔκ
1314 305 1408 342 ἀγαθός
1424 307 1502 340 ἐστιν,
1519 306 1576 333 ἀλλ
1593 305 1637 334 ὅτι
1651 305 1698 339 τὴν
1716 304 1814 342 ἀγαθό-

1044 357 1112 380 τητα
1124 348 1203 377 αὐτοῦ
1217 349 1355 386 νομίζομεν
1370 351 1405 382 εἷς
1415 353 1499 378 ταῦτα
1512 349 1648 388 γρησίμην
1659 352 1723 387 ἡμῖν
1735 352 1816 382 εἶναι,

1044 391 1130 420 καίτοι
1151 392 1232 431 μυρία
1246 394 1374 426 πολλάκις
1390 395 1604 433 διαλεγθέντων“
1592 397 1668 432 ημῶν
1682 405 1742 432 περι
1756 393 1815 422 τού-

1043 448 1097 466 του.
1109 436 1199 466 Ἄκουε
1212 438 1264 477 γὰρ
1278 440 1325 472 τῆς
1338 439 1446 477 Γραφῆς
1455 439 1593 477 λεγούσης·
1607 440 1653 474 Μὴ
1669 439 1760 477 εἴπῃς,
1773 437 1814 466 ὅτι

1043 485 1056 511 ὁ
1070 483 1204 521 οἷκτιρμὸς
1218 484 1295 511 αὐτοῦ
1310 485 1324 511 ὁ
1339 482 1418 515 πολὺς
1432 484 1462 512 τὸ
1483 485 1581 519 πλῆθος
1604 486 1656 513 τῶν
1676 485 1814 522 ἁμαρτιῶν

1043 539 1092 565 μου
1104 527 1259 561 ἐξιλάσεται.
1271 528 1340 567 Οὐχὶ
1350 528 1444 557 κωλύει
1457 528 1542 566 λέγειν
1553 532 1623 566 ἡμᾶς
1631 551 1640 564 ,
1653 532 1667 558 ὃ
1679 529 1812 568 οἷκτιρμὸς

1043 574 1121 602 αὐτοῦ
1140 573 1235 606 πολύς·
1251 573 1288 611 μὴ
1309 573 1409 611 γένοιτο
1421 585 1426 591 ·
1448 575 1476 602 οὗ
1492 576 1569 602 τοῦτο
1589 578 1730 612 παραινεῖ,
1743 573 1812 602 ἀλλὰ

1045 618 1167 655 βούλεται
1184 622 1255 656 ἡμᾶς
1276 619 1322 647 καὶ
1346 620 1461 657 συνεχῶς
1483 622 1558 647 τοῦτο
1581 618 1677 656 λέγειν,
1698 618 1743 646 καὶ
1768 618 1812 646 διὰ

1044 665 1120 691 τοῦτο
1145 664 1231 692 πάντα
1246 669 1311 692 κινεῖ
1334 665 1455 698 Παῦλος,
1478 663 1545 691 ἀλλὰ
1560 662 1602 690 διὰ
1624 662 1658 691 τὰ
1679 662 1746 697 ἑξῆς.
1763 662 1812 697 Μὴ

1045 708 1088 737 ἐπὶ
1102 708 1201 746 τούτῳ,
1216 709 1294 747 φησὶ,
1312 709 1428 746 Θαύμαζε
1442 711 1487 736 τοῦ
1509 709 1579 736 Θεοῦ
1597 707 1644 743 τὴν
1666 708 1814 746 φιλανθρω-

1044 754 1119 788 πίαν,
1131 754 1174 782 ἐπὶ
1184 757 1220 793 τῷ
1233 754 1402 793 ἁμαρτάνειν,
1415 755 1459 782 καὶ
1473 754 1566 792 λέγειν,
1581 753 1725 792 Οἷκτιρμὸς
1737 755 1817 782 aiaton

1045 800 1074 828 τὸ
1087 800 1185 834 πλῆθος
1199 802 1250 828 τῶν
1263 800 1400 838 ἁμαρτιῶν
1412 810 1461 837 μου
1472 798 1628 832 ἐξιλάσεται.

1087 1117 1138 1146 Διὰ
1154 1117 1205 1157 γὰρ
1220 1120 1295 1146 τοῦτο
1309 1118 1423 1145 τοσαῦτα
1438 1116 1482 1144 καὶ
1497 1119 1573 1153 ἡμεῖς
1583 1116 1644 1155 περὶ
1656 1116 1817 1155 ἅγαθότητος

1046 1163 1219 1200 διαλεγόμεθα
1228 1184 1236 1196 ,
1250 1164 1299 1200 οὐχ
1309 1161 1351 1189 ἵνα
1364 1161 1448 1199 ταύτῃ
1470 1163 1622 1200 Οαῤῥοῧντες
1634 1162 1721 1191 πάντα
1733 1162 1814 1201 πράτ-

1045 1220 1141 1246 τωμεν,
1154 1208 1210 1236 ἐπεὶ
1221 1211 1237 1243 ἦ
1254 1208 1383 1244 ἀγαθότης
1400 1207 1443 1235 ἐπὶ
1458 1207 1528 1245 λύμῃ
1543 1209 1590 1241 τῆς
1601 1207 1730 1246 ἡμετέρας
1741 1208 1818 1236 ἔσται

1045 1254 1176 1293 σωτηρίας
1185 1275 1192 1288 ,
1204 1253 1262 1281 ἀλλ’
1276 1253 1319 1281 ῗνα
1332 1252 1368 1291 μὴ
1380 1251 1602 1290 ἁπογινώσκωμεν
1619 1253 1645 1280 ἐν
1664 1256 1717 1284 τοῖς
1729 1253 1816 1291 ἆμαρ-

1045 1299 1172 1337 τήμασιν,
1184 1298 1252 1327 ἀλλὰ
1265 1300 1444 1336 μετανοῶμεν.
1457 1299 1481 1326 Τ
1483 1298 1497 1326 ὸ
1504 1297 1556 1336 γὰρ
1567 1297 1681 1336 χρηστὸν
1691 1301 1735 1326 τοῦ
1746 1299 1816 1327 Θεοῦ

1044 1347 1080 1377 εἷς
1096 1344 1234 1383 μετάνοιάν
1260 1355 1288 1372 σε
1313 1343 1388 1381 ἄγει,
1402 1344 1449 1371 οὐκ
1473 1344 1508 1374 εἷς
1531 1343 1640 1371 πλείονα
1659 1343 1764 1372 κακίαν.
1783 1344 1817 1372 Εἰ

1045 1391 1071 1419 δὲ
1086 1389 1216 1429 μοχθηρὸς
1227 1390 1288 1428 γε’νῃ
1311 1388 1353 1417 διὰ
1374 1388 1421 1422 τὴν
1445 1388 1629 1426 χρηστότητα,
1653 1387 1683 1417 σὺ
1702 1388 1815 1417 διαθάλ-

1043 1438 1098 1469 λεις
1124 1437 1222 1474 μᾶλλον
1245 1434 1326 1469 αὐτὴν
1353 1432 1425 1472 παρὰ
1449 1437 1503 1466 τοῖς
1526 1433 1686 1472 ἀνθρώποις·
1705 1433 1817 1466 πολλοὺς

1045 1482 1096 1520 γὰρ
1111 1483 1164 1520 ὁρῶ
1184 1483 1392 1519 κατηγοροῦντας
1411 1481 1457 1513 τῆς
1478 1478 1660 1518 μακροθυμίας
1678 1481 1723 1507 τοῦ
1736 1480 1816 1508 θεοῦ.

1044 1527 1129 1556 “stote
1149 1526 1223 1561 δίκην
1251 1525 1356 1560 δώσεις,
1372 1526 1418 1553 οὔκ
1445 1526 1480 1557 εἷς
1509 1523 1564 1552 δέον
1590 1525 1655 1562 αὐτῇ
1676 1524 1817 1563 χρησάμε-

1046 1585 1096 1605 νος.
1119 1572 1310 1610 Φιλάνθρωπος
1332 1573 1346 1599 ὁ
1366 1570 1453 1605 &sd-33
1477 1569 1546 1598 ἀλλὰ
1561 1569 1605 1598 καὶ
1632 1571 1732 1602 δίκαιος
1755 1581 1818 1609 κρι-

1044 1618 1099 1653 τής.
1114 1617 1255 1656 Ἁμαρτίας
1275 1618 1431 1655 συῃρορῶν,
1451 1615 1519 1644 ἀλλὰ
1540 1615 1699 1644 ἀποδίδωσιν
1714 1615 1819 1654 ἑκάστῳ

1044 1663 1114 1692 κατὰ
1135 1662 1168 1691 τὰ
1191 1662 1254 1701 ἔργα
1278 1663 1368 1689 αὐτοῦ.
1390 1660 1559 1700 Ὑπερὸαίνει
1579 1660 1695 1694 ἀδικίας,
1722 1659 1819 1699 ἐξαιρεῖ

1045 1708 1168 1746 ἀνομίας,
1189 1707 1257 1736 ἀλλὰ
1282 1706 1326 1735 καὶ
1347 1706 1461 1739 ἐξέτασιν
1485 1710 1609 1734 ποιεῖται.
1621 1707 1684 1737 Πῶς
1707 1701 1750 1734 οῧν
1771 1706 1819 1734 οῦκ

1046 1754 1151 1782 ἐναντία
1168 1756 1265 1787 vnvm
1283 1753 1340 1780 Οὐκ
1362 1751 1484 1785 ἐναντία,
1500 1750 1531 1779 ἂν
1553 1755 1606 1782 τοῖς
1627 1751 1730 1790 χρόνοις
1751 1751 1819 1780 αὐτὰ

1046 1799 1182 1837 διέλωμεν.
1199 1798 1316 1836 Ἔξαιρεῖ
1336 1797 1445 1834 ἀνομίας
1459 1798 1570 1824 ἐνταῦθα
1584 1796 1629 1825 καὶ
1645 1796 1688 1825 διὰ
1707 1797 1816 1835 λουτροῦ

1046 1858 1091 1874 και
1104 1845 1147 1873 διὰ
1163 1843 1316 1882 μετανοίας·
1332 1842 1447 1875 ἐξέτασιν
1459 1846 1573 1870 ποιεῖται
1593 1844 1645 1870 τῶν
1661 1841 1817 1880 πεπραγμέ-

1047 1903 1097 1919 νων
1114 1892 1166 1918 ἐκεῖ
1188 1889 1231 1917 διὰ
1245 1900 1325 1927 πυρος
1341 1900 1385 1916 και
1401 1887 1530 1925 βασάνων
1541 1886 1586 1915 Ἂν
1608 1886 1692 1915 τοίνυν
1709 1887 1817 1925 ἐργασά-

1049 1947 1124 1974 μενος
1137 1937 1172 1969 ὠ,
1187 1945 1274 1973 φησιν,
1287 1933 1362 1971 ὀλίγα
1379 1932 1460 1967 κακὰ,
1474 1944 1518 1960 και
1533 1933 1565 1960 δι
1579 1942 1604 1960 εν
1619 1934 1705 1960 αὐτῶν
1720 1932 1816 1960 ἐκὸάλ·

1048 1982 1136 2019 λωμαι
1150 1991 1195 2008 και
1212 1981 1259 2013 τῆς
1279 1978 1438 2016 βασιλειας
1427 1978 1562 2012 εκπίτιτω,
1577 1977 1645 2009 τίνος
1669 1977 1754 2006 ἕνεκεν
1769 1979 1816 2006 οὐκ

1048 2026 1192 2064 ἐργάζομαι
1210 2024 1297 2052 πάντα
1314 2023 1396 2058 κακᾶς
1411 2022 1570 2061 Ἀγνώμονος
1587 2022 1686 2051 οἰκέτου
1699 2025 1713 2051 ὁ
1725 2022 1816 2062 λόγος·

1049 2071 1116 2106 πλὴν
1133 2071 1190 2099 ἀλλ’
1205 2070 1275 2107 ὅμως
1290 2070 1334 2097 καὶ
1353 2072 1441 2098 τοῦτον
1464 2068 1641 2106 ἐπιλυσόμεθα
1661 2068 1705 2097 τὸν
1725 2069 1814 2107 λόγον.

1050 2117 1096 2152 Μὴ
1112 2116 1220 2155 ἐργάζου
1234 2115 1268 2143 τὰ
1287 2114 1373 2149 κακὰ,
1388 2113 1430 2142 ἵνα
1453 2113 1546 2141 σαυτὸν
1567 2112 1720 2152 ὠφελήσῃς·
1739 2115 1817 2151 βασι-

1050 2163 1121 2194 λείας
1139 2162 1186 2199 μὲν
1213 2160 1264 2200 γὰρ
1287 2160 1382 2191 πάντες
1401 2158 1496 2195 ὁμοίως
1521 2157 1717 2195 ἓκττεσούμεθα,
1741 2159 1767 2186 ἐν
1789 2158 1817 2186 δὲ

1049 2207 1139 2246 γεέννῃ
1156 2208 1183 2235 οὖ
1198 2206 1244 2241 τὴν
1266 2204 1347 2239 αὐτὴν
1371 2202 1488 2240 δώσομεν
1507 2202 1581 2237 δίκην
1601 2202 1712 2238 πάντες,
1727 2203 1785 2231 ἀλλ’
1804 2205 1819 2232 ὁ

1050 2253 1096 2291 μὲν
1122 2252 1240 2290 μείζονα,
1262 2252 1275 2278 ὁ
1294 2249 1320 2277 δὲ
1345 2247 1524 2287 ἡμερωτέραν.
1540 2248 1574 2275 ΕΞ
1598 2246 1645 2284 μὲν
1659 2247 1710 2286 γὰρ
1723 2246 1753 2276 σὺ
1767 2249 1818 2276 κᾶ-

1049 2303 1131 2330 κεῖνος
1157 2295 1383 2334 κατεφρονήσατε,
1405 2292 1450 2321 καὶ
1475 2295 1488 2320 ὃ
1509 2292 1542 2320 τὰ
1565 2291 1651 2321 πολλὰ
1679 2292 1723 2321 καὶ
1749 2295 1762 2322 ὁ
1784 2293 1818 2322 τὰ

1047 2344 1123 2382 ὀλίγα
1142 2342 1237 2380 ὁμοίως
1259 2341 1409 2369 ἐκπεσεῖσθε
1431 2340 1479 2372 τῆς
1501 2337 1648 2376 βασιλείας·
1673 2340 1695 2366 εἷ
1721 2338 1748 2368 δὲ
1768 2341 1816 2378 οὐχ

1047 2390 1143 2428 ὁμοίως
1169 2386 1396 2425 κατεφρονήσατε,
1424 2385 1482 2413 ἀλλ’
1507 2386 1520 2411 ὁ
1543 2384 1590 2421 μὲν
1620 2385 1718 2420 μεῖζον,
1745 2387 1759 2413 ὁ
1789 2385 1815 2414 δὲ

1046 2437 1163 2469 ἔλαττον,
1176 2435 1202 2462 ἐν
1216 2435 1248 2470 τῆ
1269 2431 1359 2470 γεέννῃ
1381 2432 1427 2465 τῆς
1453 2430 1575 2468 διαφορᾶς
1600 2429 1765 2463 αἰσθήσεσθε.
1779 2430 1816 2459 Τί

1047 2478 1100 2517 οὖν,
1115 2480 1202 2520 φησὶν,
1216 2479 1319 2506 ἀπειλεῖ
1338 2481 1390 2509 τοῖς
1413 2475 1589 2513 ἐλεημοσύνην
1611 2475 1648 2512 μὴ
1661 2475 1811 2511 δεδωκόσιν,

1046 2529 1082 2560 εἷς
1095 2527 1123 2554 τὸ
1135 2528 1186 2563 πῦρ
1201 2522 1402 2556 ἀπελεύσεσθαι,
1414 2521 1458 2550 καὶ
1470 2522 1517 2559 οὐχ
1539 2521 1628 2553 ἁπλῶς
1647 2522 1682 2553 εἷς
1704 2520 1733 2549 τὸ
1748 2523 1810 2560 πῦρ,
