1893 2860
128 754 269 776 Funambuh.

137 2001 220 2022 ᾸΙΛΙΙῘι.
236 2007 257 2028 7.

140 2031 175 2061 ιζ.

139 2182 199 2204 Ibid.

286 139 353 185 570
617 149 645 170 s.
675 149 812 171 sommus
838 148 1017 171 cumsosr.

284 212 320 240 tia
341 222 370 239 ae
391 210 532 239 securitate
553 209 576 237 ci
599 209 645 246 qui
659 208 773 237 volucrit
793 208 930 237 suffurari.
951 208 1019 236 Nam

283 258 351 285 sicut
367 267 413 284 nos
429 266 479 283 uon
492 255 529 284 ita
543 253 666 283 videmus
681 254 751 283 fures
765 255 834 283 sicut
846 254 886 282 illi
903 264 950 282 nos
960 275 967 289 ,
985 253 1020 281 ita

282 303 361 330 eiiam
375 301 499 329 diabolus
511 300 631 329 omnium
647 300 764 329 maxime
777 300 859 328 instat
871 306 895 328 et
908 298 1020 327 insidia-

284 356 327 375 tur
338 355 362 376 ct
373 346 466 375 stridet
477 346 610 375 dentibus.
630 348 671 375 Ne
685 347 767 385 igitur
779 346 955 375 dormitemus
971 356 1022 374 :ne

282 393 417 427 dicamus,
429 392 505 421 Nihil
520 392 584 420 mali
599 402 632 420 ex
646 392 697 420 hoe
710 391 825 428 accidit,
838 392 905 420 nihil
915 402 948 420 ex
963 391 1019 419 illo.

284 438 363 467 Unde
377 448 428 466 non
442 438 657 476 exspectavimus
669 460 675 471 ‚
694 448 762 477 saepe
783 438 885 466 fuimus
898 437 1018 476 spoliati.

284 484 321 511 lta
336 483 417 511 etiam
429 483 457 511 iu
472 483 550 519 vitio,
566 482 636 511 unde
649 492 701 511 non
714 483 943 522 exspectavimus,
955 493 1020 521 per-

284 528 373 557 iimus.
387 528 485 557 Omnia
505 528 648 566 diligenter
660 551 667 563 ‚
685 535 711 557 et
724 535 847 556 accurate
860 528 1020 567 circumspi-

282 574 384 602 ciamus
404 585 410 601 ε
431 584 464 602 ne
479 574 658 609 inebriemur,
673 580 698 602 et
717 584 769 602 non
785 573 966 610 dormiemus;
988 583 1020 601 ne

283 629 329 647 nos
340 619 495 658 expleamus
509 619 614 647 deliciis
623 641 631 655 ,
647 625 672 646 et
686 629 738 647 non
747 617 924 655 d01·miemus;
940 629 972 647 ne
985 618 1020 646 ad

282 675 310 693 ea
326 676 383 703 quae
398 672 458 694 sunt
472 672 581 694 externa
597 664 760 693 insaniamus
769 687 778 702 7
794 672 820 693 et
835 664 1019 703 perseverabi-

283 721 341 739 mus
356 711 382 739 in
394 711 536 739 sobrietate
553 723 559 736 ι
576 721 624 739 nos
645 710 717 738 omni
737 720 771 738 ex
790 717 865 749 parte
878 720 1018 749 compona-

283 767 341 785 mus
357 770 363 785 ι
376 764 402 785 et
416 757 485 785 sicut
499 767 542 785 eos
557 756 602 794 qui
617 767 696 795 super
710 756 800 784 funem
815 756 947 784 intensum
960 766 1019 793 gra-

280 803 410 839 diuntur,
433 813 466 831 ne
487 813 583 841 parum
604 801 714 839 quidem
729 801 790 830 licet
807 812 862 830 esse
879 800 1016 838 soeordes3

281 859 342 877 uam
359 848 431 886 quod
446 858 542 887 parum
563 854 618 883 est,
638 857 766 885 magnum
779 847 857 875 affert
869 846 1016 883 damnum;

278 905 384 923 eversus
395 895 477 931 enim,
493 894 582 922 statim
594 893 777 932 praecipitatur
785 900 811 922 et
821 893 890 932 perit
902 905 908 920 :
921 893 958 921 ita
972 903 1019 921 nec

279 940 341 968 licet
358 951 405 968 nos
424 950 480 969 esse
497 939 621 968 socordes
641 945 667 967 et
680 938 796 967 desides.
816 940 965 977 Angustam
977 938 1018 966 in-

278 985 415 1024 gredimur
422 986 493 1014 viam
503 1007 510 1021 ,
518 984 674 1024 praecipitiis
684 983 806 1022 undique
816 983 1017 1020 circumdatam,

277 1042 336 1069 quae
349 1031 431 1060 simul
444 1031 512 1059 duos
524 1040 577 1059 non
587 1030 659 1069 capit
670 1029 759 1069 pedes.
770 1028 856 1058 Vides
870 1036 969 1067 quanta
984 1029 1019 1057 sit

278 1078 355 1106 uobis
371 1088 439 1117 opus
461 1077 601 1115 diligentia
615 1077 628 1104 ’ς’
643 1078 739 1104 Annon
753 1075 829 1104 vides
848 1086 892 1105 eos
905 1076 951 1114 qui
972 1076 1016 1104 via

279 1131 413 1163 praerupta
426 1122 623 1161 ingredientur,
639 1132 692 1150 non
705 1122 793 1150 solum
804 1121 885 1161 pedes
899 1121 1015 1158 munire,

278 1169 323 1198 sed
338 1170 417 1198 etiam
432 1169 523 1197 oculos
535 1169 548 1196 ἒ)
563 1169 631 1197 Nam
646 1168 669 1196 si
683 1168 750 1196 alibi
773 1167 879 1197 videtur
893 1167 1017 1196 attende-

280 1225 322 1250 re,
339 1214 442 1243 etiamsi
452 1225 500 1253 pes
513 1214 591 1242 firmo
601 1213 701 1241 haereat
714 1213 839 1251 vestigio,
856 1224 870 1242 a
882 1213 1017 1252 profundo

279 1260 397 1298 caligans
410 1260 503 1288 oculus
515 1259 673 1287 universum
687 1258 788 1298 dejicit.
804 1258 857 1287 Sed
873 1259 925 1287 sihi
939 1269 1018 1298 opor-

278 1313 315 1334 tet
331 1313 355 1334 et
368 1316 416 1334 suo
427 1305 528 1344 gressui
544 1304 680 1333 attendere
696 1317 702 1332 t
719 1311 858 1343 propterea
867 1304 932 1333 dicit
947 1316 953 1331 :
969 1305 1019 1332 Ne-

278 1362 330 1389 que
354 1351 390 1380 ad
405 1351 558 1387 dexteram,
575 1360 659 1388 neque
674 1349 708 1378 ad
727 1349 872 1378 sinistram.
887 1351 1019 1388 Magnum

278 1403 318 1425 est
339 1397 402 1426 vitii
421 1395 603 1435 profundum,
626 1405 723 1433 magna
737 1394 902 1433 praecipitia,
917 1405 1019 1432 magnae

280 1443 390 1471 inferius
412 1442 541 1479 tenebrae,
556 1448 669 1480 angusta
685 1441 729 1469 via
749 1452 754 1467 :
773 1440 941 1469 attendamus
957 1452 1019 1469 cum

280 1488 385 1522 timore,
396 1498 456 1516 cum
468 1494 582 1515 tremore
591 1486 770 1514 ambulemus.
781 1485 880 1514 Nullus
891 1485 935 1514 via
947 1487 1018 1525 ejus-

281 1534 353 1562 modi
366 1533 517 1572 ing-rediens
534 1532 611 1561 estin
625 1532 711 1560 risum
726 1532 842 1566 effusus,
860 1541 944 1569 neque
959 1542 1019 1570 gra-

281 1586 360 1608 vatur
370 1579 510 1614 ebrietate,
527 1577 572 1607 sed
587 1578 614 1605 in
628 1577 774 1605 sobrietate
785 1584 809 1605 et
820 1577 923 1615 jejunio
934 1588 963 1605 ea
975 1577 1019 1605 via

282 1625 430 1664 ingreditur
446 1637 452 1652 :
466 1624 556 1652 nullus
569 1624 620 1652 hac
633 1623 677 1651 via
690 1622 814 1651 inccdens
828 1623 930 1661 aliquid
943 1624 1020 1652 affert

281 1671 462 1710 superfluum3
478 1670 544 1698 felix
557 1669 629 1698 enim
653 1675 710 1705 est,
726 1668 748 1696 si
763 1668 912 1696 succinctus
931 1675 956 1697 et
969 1679 1020 1696 ex-

283 1716 387 1755 peditus
407 1716 490 1755 possit
504 1715 615 1744 evadere
628 1726 634 1742 t
649 1714 740 1742 nullus
763 1725 825 1742 suos
847 1714 960 1753 impedit
973 1725 1021 1753 pe-

282 1761 338 1797 des,
352 1761 398 1790 scd
411 1761 509 1789 liberos
523 1760 637 1789 dimittit
650 1767 675 1788 et
688 1759 800 1788 solutos.

323 1808 350 1836 5.
375 1808 430 1835 Nos
447 1813 535 1834 autem
559 1816 619 1833 cum
641 1816 689 1833 nos
710 1805 782 1844 ipsos
796 1805 867 1833 curis
882 1805 1023 1843 alligemus

284 1852 528 1881 innumerabilibus
538 1874 545 1886 ‚
559 1858 584 1879 et
604 1861 684 1879 onera
698 1850 904 1879 innumerabilia
916 1862 975 1889 quae
989 1851 1024 1880 ad

285 1899 353 1927 banc
365 1899 449 1926 vitam
477 1898 610 1937 pertinent
637 1903 788 1934 gestemus,
813 1896 917 1925 hiantes
938 1904 963 1925 et
981 1898 1024 1925 ef-

285 1945 337 1973 fusi
348 1967 356 1981 ‚
378 1943 513 1982 quomodo
541 1949 730 1982 exspectamus
750 1949 862 1980 augusta
890 1942 940 1971 hac
969 1943 1025 1972 vita

286 2002 362 2031 posse
373 1990 502 2029 ingredi?
521 1991 580 2019 'Non
595 1989 752 2028 simpliciter
772 1988 859 2023 dixit,
880 1988 929 2017 Est
940 2000 1027 2028 angu-

287 2044 327 2066 sta
338 2060 344 2070 ‚
366 2036 412 2065 sed
426 2046 487 2064 cum
508 2035 704 2071 admiratione,
725 2035 819 2072 Quam
839 2041 965 2073 augusta
980 2034 1026 2062 illa

289 2082 360 2111 via!
383 2082 432 2110 hoc
455 2088 505 2117 est,
525 2080 605 2109 valde
626 2086 750 2118 augusta.
764 2080 822 2108 Hoc
848 2090 896 2108 nos
921 2091 1027 2118 quoque

290 2129 401 2157 facimus
414 2128 440 2155 in
453 2127 485 2155 iis
497 2137 556 2164 quae
569 2126 703 2154 habentur
718 2125 744 2153 in
762 2135 858 2164 magna
872 2125 1027 2154 admiratio-

291 2185 332 2203 ne.
348 2174 382 2202 Et
408 2183 512 2206 rursus,
536 2173 634 2200 Areia
657 2171 762 2209 inquit,
789 2174 843 2200 via
866 2182 930 2210 quae
948 2173 1028 2201 ducit

291 2221 331 2248 ad
344 2222 448 2248 vitam.
467 2218 503 2246 Et
517 2224 587 2246 recte
603 2216 693 2252 dixit,
709 2218 815 2245 Areia.
829 2217 946 2252 Quando
958 2218 1028 2246 enim

290 2273 315 2293 et
342 2266 486 2295 verborum
517 2271 542 2292 et
566 2263 758 2302 cogitationum
783 2270 809 2292 et
834 2264 969 2292 actionum
1003 2270 1028 2292 et

291 2313 410 2339 omnium
426 2311 556 2339 debemus
575 2310 705 2338 rationem
725 2309 835 2338 reddere
850 2332 858 2344 ,
882 2321 975 2339 revera
990 2317 1029 2338 est

290 2363 412 2394 angusta.
432 2355 621 2394 Angustiorem
641 2362 728 2383 autem
746 2365 805 2383 eam
824 2355 947 2392 facimus,
962 2355 1028 2384 dum

293 2412 340 2430 nos
362 2402 433 2440 ipsos
453 2400 622 2429 extendimus
636 2407 661 2428 et
675 2400 820 2429 dilatamus
829 2423 838 2438 ‚
856 2408 882 2429 et
895 2401 975 2440 pedes
987 2402 1030 2430 ef-

326 2495 336 2507 ε
354 2488 418 2519 [Pro
430 2490 479 2521 δόξῃ
494 2487 611 2511 vellemus
623 2487 691 2512 aliud
711 2488 816 2512 verbum
827 2507 834 2520 ‚
847 2494 875 2513 ut
894 2492 975 2523 ςυμεῇ.
989 2490 1047 2515 Mox

294 2526 364 2550 (loll)⁴
380 2528 430 2551 ἰίεἱν
444 2534 490 2556 pro
500 2529 624 2557 προσέχει-ι,
636 2532 660 2550 et
674 2526 736 2551 infra
749 2533 909 2561 περιτρέπεται
923 2535 987 2560 σῶμα
1002 2538 1046 2561 pro

1063 2108 1074 2125 3
1798 2119 1814 2126 ..

1038 2108 1065 2158 a}
1084 2130 1100 2162 ἡ
1121 2128 1178 2160 ὁδὸς
1199 2131 1216 2162 ἡ
1238 2127 1378 2165 ἀπάγουσα
1398 2128 1434 2158 εἷς
1447 2126 1495 2161 τὴν
1515 2126 1593 2160 ζωήν.
1606 2125 1658 2154 Καὶ
1679 2125 1767 2157 καλῶς
1790 2127 1846 2154 εἰπε

1048 147 1188 171 Auerni-:P
1195 164 1202 171 .
1231 149 1292 172 CON
1298 149 1482 172 STAN'HNOP
1489 163 1496 170 .

1075 209 1104 237 οὗ
1117 210 1357 247 προσεδοκήσαμεν,
1369 211 1497 242 πολλάκις
1511 209 1682 245 ἐσυλήθημεν.
1697 206 1776 236 Οὕτω
1792 205 1835 234 καὶ

1077 253 1121 281 ἐπὶ
1142 253 1250 285 κακίας·
1269 254 1326 282 ὅθεν
1346 256 1374 284 οὔ
1395 254 1644 294 προσεδοκήσαμεν,
1666 252 1835 289 ἀπωλόμεθα.

1077 298 1171 327 Πάντα
1189 302 1390 337 περισκοπῶμεν
1414 301 1543 340 ἀκριὸῶς,
1569 299 1605 337 μὴ
1630 297 1836 337 μεθυσκώμεθα,

1039 346 1057 368 C
1076 344 1120 372 καὶ
1140 346 1188 383 οὐχ
1207 344 1374 382 ὑπνώσομεν·
1389 345 1426 382 μὴ
1444 348 1597 384 τρυφῶμεν,
1621 345 1665 373 καὶ
1684 345 1713 372 οὐ
1738 345 1836 371 καθευ-

1075 389 1201 427 δήσομεν·
1219 390 1255 427 μὴ
1271 390 1425 427 μαινώμεθα
1439 391 1503 428 πρὸς
1517 391 1549 419 τὰ
1564 390 1628 426 ἔξω,
1645 390 1689 418 καὶ
1710 391 1736 417 ἐν
1758 388 1836 426 νήψει

1075 435 1266 472 διατελέσομεν.
1286 435 1469 473 Ῥυθμίζωμεν
1493 436 1597 468 ἑαυτοὺς
1621 435 1755 464 πάντοῡεν.
1782 433 1836 462 Καὶ

1074 481 1192 520 καθάπερ
1208 481 1251 510 ἐπὶ
1273 481 1378 520 σχοίνου
1397 481 1540 518 τεταμένης
1561 481 1712 518 βαδίζοντας
1732 480 1779 508 οὒκ
1797 478 1836 506 ἔν’.

1076 528 1225 565 ῥαθυμῆσαι
1243 526 1300 555 οὐδὲ
1318 525 1409 564 μικρόν
1420 537 1426 543 ·
1443 527 1474 554 τὸ
1491 526 1542 564 γὰρ
1561 526 1652 564 μικρὸν
1673 526 1741 563 μέγα
1758 524 1836 563 ἐργά-

1074 575 1146 606 ζεται
1167 572 1247 602 κακόν
1256 584 1262 590 ·
1275 572 1444 612 περιτραπεὶς
1457 572 1510 611 γὰρ
1523 572 1615 604 εὐθέως
1629 571 1778 610 κατηνέχθη
1791 570 1836 598 καὶ

1075 618 1194 647 ἀπώλετο
1203 631 1208 635 ·
1224 618 1304 651 οὕτως
1316 618 1373 647 οὐδὲ
1385 621 1456 655 ἡμᾶς
1471 618 1577 646 δυνατὸν
1592 620 1724 656 ῥᾳθυμεῖν.
1736 615 1835 650 Στενὴν

1075 663 1214 702 βαδίζομεν
1233 664 1290 692 ὁδὸν
1310 663 1360 692 ὑπὸ
1379 665 1504 702 κρημνῶν
1525 662 1684 702 ἑκατέρωθεν
1704 662 1836 699 ἀπειλημ-

1076 710 1167 747 μένην,
1181 711 1245 747 ὁμοῦ
1268 710 1313 738 δύο
1333 709 1414 741 πόδας
1433 711 1461 737 οὐ
1481 708 1636 747 δεχομένην.
1652 707 1734 746 Ὁρᾷς
1753 706 1838 741 πόσης

1037 762 1055 784 Ι)
1075 759 1138 792 ιἡμῖν
1163 755 1299 794 ἀκριὸείας
1324 755 1376 790 δεῑ;
1391 756 1452 794 Οὐχ
1475 757 1536 794 ὁρᾷς
1557 753 1615 787 τοὺς
1633 753 1680 786 τὰς
1703 751 1839 792 ἀμφικρῆ-

1077 813 1154 839 μνους
1164 801 1362 839 ὁδοιποροῦντας
1375 799 1447 832 ὁδοὺς
1456 823 1463 835 ,
1476 802 1532 832 πῶς
1546 801 1575 828 οὗ
1588 798 1646 832 τοὺς
1660 798 1742 830 πόδας
1755 800 1839 836 ἀσφα-

1075 848 1190 880 λίζονται
1210 848 1296 885 μόνον,
1311 846 1379 874 ἀλλὰ
1401 846 1447 874 καὶ
1466 845 1522 878 τοὺς
1545 842 1764 885 ὀφθαλμούς;Ἂν
1786 843 1838 882 γὰρ

1074 898 1084 909 ³
1097 893 1157 931 δόξῃ
1171 893 1277 932 ἑτέρωθι
1295 892 1435 931 προσέχειν
1450 892 1536 926 αὐτὸν,
1547 891 1595 919 κᾶν
1615 894 1629 920 ὁ
1643 890 1707 922 ποὺς
1726 889 1838 928 βεῧαίως

1075 939 1189 977 ἑστήκῃ,
1205 937 1352 976 ἰλιγγιάσας
1374 937 1426 965 ἀπὸ
1445 940 1490 965 τοῦ
1512 937 1606 975 βάθους
1626 938 1640 964 ὁ
1658 934 1790 974 ὀφθαλμὸς
1807 934 1838 963 τὸ

1074 989 1126 1013 πᾶν
1146 983 1314 1022 κατήνεγκεν.
1333 983 1401 1011 Ἀλλ’
1421 983 1507 1021 ἑαυτῷ
1526 983 1564 1010 δεῖ
1578 981 1729 1021 προσέχειν,
1744 979 1789 1008 καὶ
1805 981 1837 1018 τῇ

1077 1030 1192 1068 βαδίσει·
1207 1029 1250 1058 διὰ
1262 1029 1338 1057 τοῦτό
1353 1041 1432 1068 φησι,
1445 1028 1511 1066 μήτε
1525 1027 1610 1063 δεξιὰ,
1622 1027 1690 1065 μήτε
1703 1025 1837 1066 ἀριστερά.

1074 1075 1162 1108 Πολὺς
1175 1078 1189 1104 ὁ
1209 1075 1285 1113 βυθὸς
1297 1077 1344 1109 τῆς
1358 1074 1451 1106 κακίας
1466 1073 1535 1109 ἐστὶ,
1550 1073 1659 1111 μεγάλοι
1673 1073 1698 1100 οἱ
1711 1071 1838 1111 κρημνοὶ,

1073 1122 1139 1150 πολὺ
1155 1121 1228 1149 κάτω
1242 1120 1349 1156 σκότος,
1363 1119 1441 1155 στενὴ
1460 1122 1477 1154 ἡ
1493 1119 1564 1152 ὁδός·
1580 1117 1754 1158 προσέχωμεν
1771 1119 1838 1156 μετὰ

1072 1168 1168 1207 edan,
1181 1167 1247 1204 μετὰ
1269 1166 1366 1205 τρόμου
1385 1168 1582 1204 περιπατῶμεν.
1598 1164 1693 1197 Οὐδεὶς
1713 1163 1838 1198 τοιαύτην

1035 1215 1054 1238 E
1073 1214 1168 1243 ὁδεύων
1184 1213 1252 1249 ὁδὸν,
1264 1212 1403 1251 ἐκκέχυται
1421 1211 1532 1250 γέλωτι,
1543 1210 1600 1240 οὐδὲ
1620 1213 1739 1250 βαρεῖται
1754 1209 1820 1248 μέθῃ
1830 1231 1839 1245 ,

1074 1261 1131 1288 ἀλλ’
1147 1260 1172 1287 ἐν
1187 1258 1264 1297 νήψει
1278 1258 1324 1287 καὶ
1338 1260 1457 1296 προσοχῇ
1471 1257 1520 1292 τὴν
1534 1256 1658 1290 τοιαύτην
1672 1255 1755 1284 ὁδεύει
1769 1254 1837 1284 ὁδόν·

1072 1305 1155 1337 οὐδεὶς
1169 1304 1291 1338 τοιαύτην
1307 1303 1400 1332 ὁδεύων
1415 1304 1483 1339 ὁδὸν,
1498 1301 1651 1341 ἐπιφέρεταί
1671 1313 1697 1329 τι
1715 1303 1768 1330 τῶν
1789 1313 1840 1330 πε-

1075 1353 1182 1390 ριττῶν·
1195 1350 1330 1388 ἀγαπητὸν
1351 1349 1402 1387 γὰρ
1416 1349 1526 1382 εὔζωνον
1544 1348 1606 1376 ὄντα
1621 1348 1762 1382 δυνηθῆναι
1776 1347 1838 1375 δια-

1073 1397 1196 1434 δραμεῖν·
1212 1395 1294 1427 οὐδεὶς
1309 1394 1462 1431 συμποδίζει
1475 1393 1534 1426 τοὺς
1552 1393 1634 1425 πόδας
1651 1392 1710 1425 τοὺς
1727 1393 1836 1427 ἑαυτοῦ,

1075 1442 1133 1470 ἀλλ’
1148 1440 1270 1472 εὐλύτους
1287 1439 1403 1478 ἀφίησιν.

1117 1807 1212 1845 Ἡμεῖς
1225 1807 1251 1836 δὲ
1263 1807 1369 1845 μυρίαις
1383 1806 1513 1845 φροντίσιν
1531 1805 1637 1838 ἑαυτοὺς
1651 1806 1844 1843 καταδεσμοῧν-

1078 1864 1135 1887 τες,
1148 1853 1192 1880 καὶ
1216 1852 1297 1891 μυρία
1316 1852 1408 1891 φορτία
1431 1851 1543 1889 βιωτικὰ
1558 1850 1845 1890 ἐπιφερόμενοι,κεχη-

1043 1901 1060 1923 F
1079 1898 1149 1930 νότες
1164 1898 1210 1927 καὶ
1222 1898 1409 1936 ἐκκεχυμένοι,
1420 1899 1477 1930 πῶς
1491 1897 1538 1930 τὴν
1553 1896 1644 1931 στενὴν
1656 1897 1844 1935 προσδοκῶμεν

1082 1944 1196 1982 βαδίζειν
1220 1944 1293 1978 ὁδόν;
1315 1944 1377 1982 Οὐχ
1398 1944 1488 1976 ἁπλῶς
1513 1938 1646 1977 εἶπεν,ὅτι
1666 1941 1743 1976 στενή
1764 1944 1846 1978 ἔστιν,

1082 1990 1151 2019 ἀλλὰ
1164 1990 1232 2028 μετὰ
1243 1992 1398 2027 θαυμασμοῧ
1407 2001 1412 2006 ·
1428 1989 1491 2018 UOti.
1515 1988 1592 2023 στενὴ
1604 1991 1620 2023 ἡ
1631 1987 1702 2020 ὁδός·
1715 1987 1846 2022 τουτέστι,

1082 2036 1182 2075 σφόδρα
1205 2035 1295 2070 στενή.
1318 2036 1405 2064 Τοῦτο
1423 2035 1468 2063 καὶ
1488 2038 1565 2072 ἡμεῖς
1583 2036 1710 2071 ποιοῦμεν
1731 2033 1775 2062 ἐπὶ
1793 2034 1845 2061 τῶν

1083 2082 1151 2110 πάνυ
1163 2081 1376 2119 Θαυμαζομένων.
1391 2082 1443 2110 Καὶ
1457 2081 1547 2115 πάλιν,
1560 2079 1729 2118 Τεθλιμμένη
1738 2102 1745 2114 ,
1758 2079 1847 2119 φησὶν,

1084 2173 1172 2208 στενή.
1184 2173 1270 2202 ίὈταν
1285 2173 1336 2211 γὰρ
1348 2172 1393 2201 καὶ
1408 2171 1533 2211 ῥημάτων
1546 2171 1590 2199 καὶ
1605 2173 1708 2200 ἐννοιῶν
1721 2170 1766 2199 καὶ
1779 2171 1848 2209 πρά-

1085 2219 1147 2252 ξεων
1162 2218 1206 2246 καὶ
1225 2218 1329 2247 πάντων
1352 2217 1490 2256 ὀφείλομεν
1511 2217 1620 2249 εὐθύνας
1637 2216 1753 2255 ὑπέχειν,
1768 2216 1846 2251 στενὴ

1083 2265 1163 2296 ὅντως
1186 2264 1251 2293 ἐστί.
1273 2262 1432 2302 Στενοτέραν
1456 2263 1483 2291 δὲ
1508 2262 1587 2297 αὐτὴν
1608 2264 1734 2299 ποιοῦμεν
1757 2264 1847 2299 ἡμεῖς,

1084 2310 1256 2342 πλατύνοντες
1277 2308 1382 2341 ἑαυτοὺς
1402 2309 1447 2337 καὶ
1471 2308 1618 2347 εὖρύνοντες
1631 2307 1748 2340 καὶτοὺς
1766 2307 1848 2340 πόδας

1084 2355 1228 2394 ἐκχέοντες.
1243 2355 1278 2383 ‘H
1301 2354 1352 2393 γὰρ
1376 2354 1453 2389 στενὴ
1474 2354 1554 2382 παντὶ
1575 2353 1622 2392 μὲν
1642 2352 1784 2392 δυσχερὴς,
1797 2352 1848 2390 μα’-

1085 2404 1163 2431 λιστα
1177 2402 1204 2430 δὲ
1220 2403 1258 2441 τῷ
1277 2401 1470 2439 λιπαινομένῳ,
1485 2401 1521 2433 ὡς
1534 2400 1549 2428 ὅ
1562 2411 1592 2437 γε
1613 2399 1769 2435 κατατῆκων
1784 2400 1848 2428 ἑαυ-

1096 2490 1249 2522 κατήνεγκεν.]
