1893 2860
114 2263 200 2284 Maub.
214 2269 239 2291 7,

266 160 284 192 55
297 170 334 193 io
599 169 627 191 s.
655 168 794 191 smmis
820 168 1000 191 euersos-r.

265 231 338 259 nulla
354 240 400 259 vos
419 236 533 258 maneret
548 239 655 257 merces.
672 230 795 257 Attamen
811 229 889 257 multi
910 239 1001 257 eorum

264 276 309 314 qui
325 276 367 304 liic
382 274 571 307 5ιιιιὶ,.1ιιι1ιυι”5
592 281 653 302 sunt
668 274 805 303 inferiores
825 285 856 303 ac
880 274 999 303 viliores.

265 322 356 359 Cogit-1
372 343 378 355 ‚
402 328 465 358 quot
489 327 561 348 crant
581 331 641 358 quae
654 331 668 348 a
682 321 785 349 Judaeis
799 320 942 355 dabantur,
957 319 1002 348 de-

264 367 356 398 cim-e,
375 365 515 404 primitiae,
530 376 622 393 rursus
644 365 773 402 decimoe,
791 372 814 394 ct
830 376 922 394 rursus
943 365 1002 393 aliae

263 412 386 443 det-imm,
401 418 425 439 et
437 422 528 439 tumus
544 411 602 439 aliae
618 411 812 440 dceimaetcrtiae
827 434 834 447 ,
850 419 873 440 ct
886 412 982 440 siclum
997 423 1002 438 :

264 469 310 486 nee
324 458 464 495 quisquam
477 464 531 486 erat
541 480 548 493 ,
563 458 609 495 qui
624 458 722 486 (liceret
733 481 740 494 ,
755 458 903 486 sacerdotes
918 458 1002 486 multa

263 504 399 532 devorare.
412 506 474 539 Quo
491 504 568 543 plura
582 505 732 543 accipiunt,
743 516 772 532 eo
783 505 863 533 etiam
877 504 927 532 tibi
940 515 1000 532 am·-

263 550 334 589 plior
347 561 453 579 merceS.
466 552 524 578 Non
541 550 675 587 dicebant,
690 551 775 580 Multa
792 558 901 579 sumunt
915 573 921 586 ‚
938 561 1002 579 ven-

264 596 298 624 tri
313 596 452 634 indulgent
465 607 472 631 3
484 607 543 633 quae
558 606 630 624 nunc
646 596 775 634 quosdam
783 596 898 624 dicentes
912 596 1002 624 audio.

265 644 352 679 Atque
372 642 416 669 isti
437 641 562 679 quidem,
586 642 632 680 qui
653 642 749 670 domos
767 641 902 670 aedificant
926 648 1004 680 atque

264 697 342 725 agros
353 694 464 721 emunt,
477 687 544 715 nihil
557 694 653 726 putant
667 698 694 716 se
707 687 807 716 habere
819 699 827 715 .·
840 687 912 726 quod
926 687 948 716 si
962 698 1004 716 sa·

263 734 355 763 cerdos
368 734 501 773 quispiam
514 735 593 773 paulo
608 735 789 774 splendidiore
802 742 874 763 veste
893 734 1004 764 indutus

1031 169 1049 190 A
1056 170 1172 193 nculffl’
1179 186 1185 193 .
1214 172 1339 196 CONs'rA
1346 174 1478 197 NTINOP.

1055 230 1164 269 νότεροι.
1189 232 1329 269 Ἐννόησον
1347 235 1397 264 ὅσα
1412 236 1534 264 Ἰουδαῖοι
1545 236 1677 273 ἐδίδοσαν,
1694 238 1821 276 δεκάτας,

1055 276 1192 315 ἀπαρχὰς,
1207 278 1286 307 πάλιν
1304 281 1427 317 δεκάτας,
1445 281 1489 309 καὶ
1503 282 1581 310 πάλιν
1596 282 1677 315 ἄλλας
1692 284 1802 318 δεκάτας
1813 308 1820 320 ,

1019 327 1037 349 D
1055 321 1099 350 καὶ
1114 323 1193 350 πάλιν
1208 323 1298 362 ἑτέρας
1309 326 1536 364 τρισκαιδεκάτας,
1558 327 1601 356 καὶ
1616 328 1645 356 τὸ
1660 329 1761 358 σίκλον
1775 331 1820 360 καὶ

1053 368 1134 401 οὐδεὶς
1147 368 1232 407 ἔλεγεν
1243 392 1250 405 ‚
1265 370 1306 398 ὅτι
1319 371 1404 399 πολλὰ
1416 373 1604 402 κατεσθίουσιν.
1616 373 1694 415 οὈσῳ
1707 375 1736 404 ἂν
1748 377 1820 405 πλεί-

1053 424 1098 441 ονκ
1113 414 1229 449 Meum,
1243 415 1357 454 τοσούτῳ
1372 417 1417 445 καὶ
1429 418 1525 446 πλείων
1540 421 1553 447 ὁ
1568 419 1668 456 μισθός.
1686 422 1743 449 Οὐκ
1755 421 1817 450 ἔλε-

1052 470 1114 496 γον,
1128 461 1213 488 πολλὰ
1227 461 1407 498 λαμὸάνουσι,
1421 464 1619 503 γαστρίζονται,
1641 466 1656 494 ἂ
1671 469 1715 495 νῦν
1730 468 1818 496 ἀκούω

1052 504 1179 543 λεγόντων
1193 508 1278 535 τινῶν.
1296 507 1348 535 Καὶ
1361 510 1383 536 οἱ
1397 508 1443 545 μὲν
1456 510 1650 547 οἰκοδομοῦντες
1663 513 1759 548 οἰκίας,
1771 514 1817 542 καὶ

1053 551 1146 590 ἀγροὺς
1157 551 1311 589 ὠνούμενοι,
1323 553 1395 581 οὐδὲν
1406 556 1529 592 ἡγοῦνται
1541 555 1609 594 ἔχειν
1620 568 1626 574 ·
1638 556 1668 584 ἂν
1680 558 1707 586 δέ
1716 570 1754 591 τις
1764 560 1816 587 τῶν

1053 597 1142 636 ἱερέων
1151 598 1331 637 λαμπρότερον
1342 599 1445 636 ἱμάτιον
1455 601 1644 638 περιέοίληται,
1654 601 1670 637 ἢ
1681 606 1727 638 τῆς
1738 606 1818 643 ἀναγ-

1053 642 1128 674 καίας
1139 644 1270 683 εὐπορήσῃ
1285 647 1381 683 τροφῆς
1395 667 1402 680 ,
1415 644 1431 679 ἢ
1442 646 1486 674 τὸν
1497 646 1692 684 διακονούμενον
1704 648 1766 687 ἔχῃ,
1775 648 1819 677 ἵνα

1054 688 1090 726 μὴ
1103 689 1282 726 ἀναγκάζηται
1293 691 1368 723 αὐτὸς
1380 692 1554 730 ἀσιημονεῖν,
1570 693 1680 721 πλοῦτον
1705 693 1735 722 τὸ
1755 698 1821 733 πρᾶ-

1052 746 1108 772 γμα
1121 735 1243 764 τίθενται.
1259 735 1361 768 Ὀντως
1376 737 1537 775 πλουτοῦμεν
1548 738 1591 766 καὶ
1604 739 1630 767 ἐν
1640 737 1738 772 τούτοις
1747 762 1754 775 ,
1773 740 1819 768 καὶ

264 779 356 815 fucrit,
369 787 415 807 aut
432 780 578 808 necessario
590 780 716 808 alimento
733 790 784 808 non
799 787 890 817 egeat,
906 787 951 808 aut
962 781 1004 808 fa-
1018 783 1037 806 E
1053 780 1157 812 ἄκοντες
1170 782 1349 819 ὁμολογοῦσιν.
1365 781 1457 820 Ἡμεῖς
1470 782 1517 820 μὲν
1531 782 1581 822 γὰρ
1595 783 1643 812 κᾶν
1657 783 1740 823 μικρὰ
1752 784 1818 824 ἔχω-

265 824 370 853 mulum
379 824 484 859 habeat,
499 835 530 853 nc
539 825 596 864 ipse
606 832 717 863 cogatur
728 836 742 853 a
752 825 1002 862 decorodiscedere;

265 869 316 898 lioc
329 870 368 898 illi
383 870 493 898 divitias
505 871 650 899 nominant.
669 872 739 899 Vere
761 871 866 899 divitiis
882 871 1002 899 abunda-

265 925 341 951 mus,
371 915 452 953 idque
475 915 518 944 isti
542 916 583 944 vel
609 916 687 944 inviti
713 916 835 944 fatentur.
855 917 909 944 Nos
933 916 1002 944 euim

264 961 367 989 etiamsi
389 972 474 1000 pauca
494 962 640 990 habeamus
653 985 660 997 ,
683 962 856 991 abundamus
877 961 1002 999 divitiis;

262 1008 304 1035 illi
327 1018 390 1037 vero
410 1008 513 1036 etiamsi
534 1008 623 1036 omnia
646 1008 697 1036 sibi
719 1015 889 1047 comparent,
913 1008 1003 1047 inopia

262 1053 396 1082 laborant.
417 1054 563 1092 Quousque
581 1053 716 1082 dementes
734 1054 832 1082 erimus
845 1054 858 1081 Ρ
873 1065 924 1083 non
940 1055 1003 1083 satis

262 1099 339 1128 vobis
349 1099 455 1128 videtur
469 1100 504 1128 ad
514 1099 680 1139 supplicium
692 1100 767 1129 vobis
778 1101 1000 1139 comparandum,

1053 837 1111 863 μεν,
1119 828 1278 865 πλουτοῦμεν
1286 839 1291 844 ·
1304 829 1397 856 ἐκεῖνοι
1412 829 1439 857 δὲ
1451 828 1499 857 κᾶν
1510 829 1597 858 πάντα
1607 830 1818 868 περιῧάλωνται,

1052 871 1185 901 πένονται.
1197 872 1285 912 Μέχρι
1295 872 1362 906 τίνος
1374 874 1575 912 ἀνοηταίνομεν,
1586 876 1632 903 οὐκ
1643 876 1717 913 ἀρκεῖ
1727 875 1756 904 τὸ
1766 887 1818 913 μη-

1053 917 1094 945 δὲν
1109 922 1192 946 ποιεῖν
1207 920 1243 951 εἷς,
1257 919 1364 948 κόλασιν
1379 922 1454 956 ὑμῖν,
1476 919 1543 948 ἀλλὰ
1560 920 1612 960 χρὴ
1634 920 1678 949 καὶ
1699 920 1746 956 τὴν
1764 921 1817 950 ἀπὸ

1052 964 1099 996 τῆς
1112 963 1272 1002 κακηγορίας
1285 964 1452 1003 προστιθέναι
1464 965 1573 1003 ζημίαν;
1593 966 1624 994 Εἴ
1642 965 1687 1003 μὲν
1699 965 1750 1004 γὰρ
1765 968 1815 994 αὗ-

1052 1007 1094 1039 τὸς
1108 1007 1206 1040 ἔδωκας
1217 1010 1304 1047 αὐτῷ,
1327 1009 1395 1048 ἅπερ
1416 1009 1556 1045 κέκτηται,
1575 1010 1620 1038 τὸν
1632 1010 1723 1049 μισθὸν
1739 1011 1817 1040 ἀπώ-

1052 1053 1130 1085 λεσας
1141 1075 1148 1088 ,
1164 1053 1229 1092 ὑπὲρ
1244 1050 1278 1082 ὧν
1295 1054 1394 1087 ἔδωκας
1407 1055 1540 1093 ἐγκαλῶν·
1557 1055 1623 1088 ὅλως
1637 1056 1663 1084 δὲ
1678 1057 1700 1085 εἷ
1712 1055 1742 1086 σὺ
1753 1056 1818 1085 ἔδων

1052 1110 1116 1134 κας,
1140 1099 1167 1127 τί
1185 1100 1321 1138 ε’γκαλεῖς;
1346 1100 1478 1139 Πρότερον
1503 1101 1549 1139 μὲν
1571 1097 1614 1130 οὖν
1638 1103 1708 1142 αὐτῷ
1726 1101 1817 1131 πενίαν

263 1145 336 1183 quod
351 1146 455 1174 nullum
468 1156 535 1185 opus
549 1145 638 1180 editis,
654 1145 705 1174 nisi
720 1146 854 1174 damnum'
863 1146 932 1175 illud
951 1157 1001 1175 vo-
1019 1149 1035 1171 F
1053 1144 1221 1184 ἕμαρτύρεῑς,
1235 1145 1318 1183 λέγων
1329 1145 1396 1185 ἅπερ
1409 1145 1465 1185 ἔχει
1476 1146 1615 1176 δεδωκέναι
1629 1146 1704 1179 αὒτός
1714 1159 1719 1164 ·
1730 1146 1819 1175 rivo(-

261 1193 304 1220 bis
315 1193 487 1229 contrahatis,
502 1193 575 1231 quod
587 1193 621 1221 de
631 1193 690 1221 aliis
702 1193 866 1222 detrahendo
878 1194 979 1223 accedit
990 1195 1003 1222 Ξ)

261 1239 368 1267 Etenim
382 1239 404 1266 si
417 1246 445 1267 tu
459 1238 537 1267 etiam
552 1249 636 1274 esses,
646 1239 692 1276 qui
704 1249 733 1266 ea
747 1249 807 1276 quze
819 1239 899 1267 habet
916 1250 1002 1268 sacer-

260 1283 316 1311 doti
328 1283 456 1320 dedisses,
468 1291 555 1312 tamen
564 1294 594 1312 eo
606 1284 664 1323 ipso
672 1285 819 1312 mercedem
827 1284 999 1323 perdidisses,

261 1328 332 1367 quod
344 1340 373 1357 ea
384 1329 410 1357 in
421 1329 520 1358 crimen
534 1339 652 1365 vocares,
667 1340 726 1367 quae
741 1337 769 1358 tu
788 1330 844 1368 ipse
857 1329 976 1360 dedisses
993 1343 999 1359 r

1009 1356 1044 1374 270
1055 1374 1066 1384 v

1051 1201 1096 1218 νυν
1107 1191 1242 1229 ἐγκαλεῖς,
1255 1192 1314 1219 Οὔκ
1327 1191 1406 1229 ἐχρῆν
1423 1192 1511 1221 δοῦναι
1520 1215 1527 1227 ,
1542 1192 1604 1231 εἴγε
1620 1192 1725 1230 ἔμελλες
1739 1194 1816 1232 ἐγκα-

1051 1237 1114 1264 λεῖν.
1130 1236 1199 1264 Ἀλλ’
1209 1236 1297 1276 ἑτέρου
1313 1236 1399 1269 δόντος
1413 1240 1495 1266 ταῦτα
1507 1237 1608 1276 λέγεις;
1624 1237 1816 1277 Χαλεπώτερον

1051 1282 1082 1310 τὸ
1094 1287 1221 1321 πρᾶγμα,
1236 1282 1275 1310 ὅτι
1294 1282 1351 1311 οὐδὲ
1369 1283 1452 1315 διδοὺς
1466 1285 1585 1321 ἐγκαλεῖς
1598 1284 1663 1322 ὑπὲρ
1683 1279 1719 1312 ὧν
1733 1283 1819 1322 ἕτερος

1051 1333 1120 1357 ποιεῖ
1142 1323 1179 1357 εὖ.
1201 1328 1287 1356 Πόσον
1308 1328 1356 1356 οἴει
1378 1327 1436 1361 τοὺς
1459 1331 1543 1357 ταῦτα
1564 1328 1705 1361 ἀκούοντας
1726 1329 1817 1365 μισθὸν

261 1374 370 1403 omnino
383 1382 471 1403 autem
482 1375 503 1403 si
518 1382 546 1404 tu
561 1374 746 1412 dedisti,quid
761 1375 934 1404 criminaris?
947 1378 1000 1405 An·
1018 1387 1036 1406 A
1052 1385 1134 1413 εχεινς
1160 1373 1211 1402 Διὰ
1226 1373 1276 1413 γὰρ
1293 1374 1336 1402 τὸν
1352 1374 1419 1403 Θεὸν
1434 1377 1516 1402 ταῦτα
1531 1374 1673 1413 πάσχουσι·
1694 1376 1757 1407 Πῶς
1770 1374 1816 1403 καὶ

258 1426 300 1448 tea
320 1420 427 1458 quidem
448 1431 592 1460 pauperem
608 1420 685 1448 illum
700 1420 781 1449 fuisse
797 1421 899 1449 testaris
910 1444 917 1457 ,
933 1422 1000 1456 Quae

260 1465 341 1494 habet
354 1488 362 1503 ‚
383 1466 488 1502 dicens,
511 1477 559 1505 ego
571 1466 633 1495 dedi
645 1478 651 1494 z
666 1466 731 1504 quid
745 1477 808 1506 ergo
825 1467 976 1497 criminaris
988 1469 1000 1497 Ξ)

261 1512 389 1540 Dandum
402 1512 512 1540 minime
532 1513 634 1548 fuerat,
649 1513 670 1540 si
691 1523 748 1541 eras
763 1513 790 1541 in
806 1513 905 1541 crimen
922 1525 999 1543 voca-

261 1563 345 1584 turus.
368 1558 402 1584 At
420 1566 481 1584 cum
499 1557 566 1584 alter
585 1556 678 1593 dedit,
694 1556 743 1584 ista
769 1556 862 1585 dicis?
881 1558 1001 1587 Gravius

260 1614 322 1631 sanc
333 1603 461 1632 delictum
473 1626 480 1640 ,
496 1614 559 1632 cum
579 1610 607 1632 tu
625 1604 736 1632 minime
750 1603 875 1642 dederis,
892 1604 1000 1634 alterius

260 1649 395 1677 benefacta
407 1648 552 1677 criminari.
566 1650 701 1684 Quantam
711 1649 772 1677 illos
785 1649 934 1678 mercedem
944 1661 1000 1679 ma-

261 1706 322 1724 nere
334 1702 422 1734 putas,
441 1696 487 1733 qui
500 1695 592 1723 isthaec
605 1695 720 1723 audiunt
739 1695 752 1723 Ξ)
776 1696 826 1724 Dei
839 1696 910 1724 enim
923 1707 999 1725 causa

261 1741 318 1769 haec
328 1741 476 1780 patiuntur.
492 1740 568 1777 Quid
581 1741 617 1769 ita
633 1741 646 1769 Ρ
663 1742 795 1778 Poterant,
809 1741 831 1769 si
846 1742 1000 1778 voluissent,

261 1797 393 1826 caupones
405 1786 462 1815 fieri
478 1810 485 1822 ‚
503 1787 607 1815 tametsi
622 1786 691 1815 nihil
705 1786 759 1815 illis
771 1798 785 1815 a
798 1787 943 1826 majoribus
959 1798 1002 1815 re-

261 1833 353 1861 lictum
365 1840 439 1861 esset.
456 1833 523 1861 Nam
539 1840 563 1860 et
581 1832 638 1860 haec
656 1832 754 1861 multos
774 1833 944 1872 impudenter
958 1833 1001 1861 di-

261 1885 348 1906 centes
360 1877 440 1906 audio
450 1900 457 1913 ,
474 1877 496 1906 si
509 1877 617 1915 quando
630 1888 678 1906 nos
688 1878 724 1906 ita
743 1877 860 1906 dicimus
869 1900 876 1914 ‚
896 1879 946 1907 Hic
958 1878 1000 1907 rel

261 1924 307 1952 ille
326 1935 429 1963 pauper
442 1930 481 1952 est
495 1935 500 1951 :
515 1924 629 1960 Poterat,
644 1924 769 1962 inquiunt
783 1946 790 1960 ,
812 1924 833 1952 si
847 1924 976 1953 voluisset
991 1947 998 1961 ‚

260 1970 296 1999 ad
320 1970 429 1999 divitias
452 1969 602 2009 pervenire.
626 1970 731 1998 Deinde
754 1970 928 1999 contumelias
952 1971 1000 1999 ad-

261 2016 346 2051 dunt,
366 2018 442 2044 Avus
458 2015 534 2044 istius
549 2022 574 2044 et
597 2015 701 2044 abavus
722 2015 788 2044 tales
814 2015 930 2053 fuerunt,
955 2017 1001 2045 llic

262 2073 326 2090 vero
340 2073 410 2090 nunc
426 2062 473 2090 tali
492 2068 564 2090 veste
583 2061 695 2090 indutus
709 2068 758 2089 est.
783 2061 837 2090 Sed
856 2062 1002 2100 quid?dic

262 2107 349 2144 mihi5
364 2107 500 2135 nudumne
516 2107 594 2135 illum
612 2106 752 2135 circumire
767 2108 885 2145 oportuit
903 2108 916 2134 Ρ
931 2108 1002 2147 Ergo

263 2153 313 2181 ista
325 2153 432 2191 quidem
450 2160 479 2181 tu
494 2152 629 2181 subtiliter
640 2152 674 2181 ad
687 2152 803 2181 calculos
813 2163 921 2181 revocas
934 2165 942 2190 3
957 2153 1003 2182 sed

264 2199 327 2227 vide
351 2210 384 2228 ne
400 2206 491 2228 contra
509 2199 622 2238 teipsum
646 2199 703 2227 haec
716 2199 792 2227 dicas
812 2211 818 2227 :
841 2206 921 2237 atque
941 2199 1004 2228 audi

1051 1420 1094 1448 διὰ
1106 1419 1147 1455 τί;
1162 1419 1168 1429 ’
1197 1420 1255 1454 ξῆν,
1277 1419 1300 1448 εἴ
1310 1432 1339 1458 γε
1355 1419 1491 1448 ἐὸούλοντο
1502 1442 1509 1455 ,
1526 1421 1672 1454 καπηλικὸν
1686 1419 1814 1453 ἀναδέξα-

1051 1468 1109 1493 σθαι
1123 1466 1195 1503 βίον,
1219 1467 1242 1493 εἷ
1256 1465 1300 1493 καὶ
1316 1465 1351 1503 μὴ
1375 1466 1426 1494 ἀπὸ
1438 1465 1571 1504 προγόνων
1587 1461 1666 1505 εἶχον.
1690 1466 1741 1495 Καὶ
1763 1465 1814 1505 γὰρ

1050 1511 1136 1539 ἀκούω
1161 1511 1206 1539 καὶ
1231 1513 1313 1539 ταῦτα
1334 1512 1439 1540 πολλῶν
1464 1511 1592 1549 λεγόντων
1613 1513 1729 1549 ἷταμῶς,
1751 1511 1813 1540 ὅταν

1050 1556 1178 1594 εἴπωμεν,
1189 1555 1228 1584 ὅτι
1240 1559 1253 1585 ὁ
1265 1558 1334 1585 δεῖνα
1346 1557 1450 1585 πένεται
1461 1568 1465 1572 ·
1478 1560 1501 1585 εἰ
1512 1557 1562 1595 γὰρ
1574 1557 1709 1591 ἐδούλετο,
1721 1556 1799 1596 φησιν
1807 1579 1814 1592 ,

1050 1602 1161 1636 ἠδύνατο
1171 1603 1292 1630 πλουτεῖν
1304 1614 1309 1619 ·
1322 1598 1377 1631 εἶτα
1390 1603 1556 1642 ὑδριστικῶς,
1567 1605 1580 1631 ὁ
1590 1603 1716 1642 πρόγονος
1728 1605 1815 1637 αὐτοῦ,

1050 1647 1094 1676 καὶ
1105 1650 1118 1676 ὁ
1132 1648 1239 1680 πάππος
1252 1649 1329 1676 αὐτοῦ
1340 1670 1347 1682 ,
1363 1648 1408 1676 καὶ
1422 1651 1435 1676 ὁ
1453 1649 1538 1684 δεῖνα,
1550 1648 1651 1677 τοιόσδε
1665 1645 1696 1684 ἦν
1705 1660 1712 1666 ·
1728 1651 1773 1677 νῦν
1787 1647 1814 1676 δὲ

1050 1693 1173 1728 τοιαύτην
1188 1694 1286 1727 ἐσθῆτα
1307 1693 1506 1732 περιὸέὸληται.
1527 1694 1607 1722 Ἀλλὰ
1622 1694 1661 1730 τίς
1684 1693 1741 1723 εἶπέ
1759 1705 1815 1731 μοι,

1050 1739 1147 1776 γυμνὸν
1165 1739 1241 1767 αὐτὸν
1254 1740 1333 1777 ἐχρῆν
1347 1739 1475 1778 περιιέναι
1486 1751 1493 1774 ;
1505 1741 1543 1768 Σὺ
1556 1739 1602 1777 μὲν
1615 1735 1657 1768 οῧν
1673 1739 1739 1778 ὑπὲρ
1754 1738 1817 1767 τού-

1018 1787 1034 1809 Β
1051 1796 1101 1812 των
1113 1784 1272 1822 ἀκριδολογῇ
1281 1796 1286 1800 ·
1299 1784 1346 1823 ὅρα
1360 1784 1386 1812 δὲ
1400 1784 1435 1821 μὴ
1448 1784 1516 1813 κατὰ
1527 1787 1623 1813 σαυτοῦ
1636 1788 1717 1813 ταῦτα
1729 1784 1816 1823 λέγῃς.

1050 1829 1119 1858 Ἀλλ’
1135 1830 1212 1858 ἄκουε
1224 1832 1271 1863 τῆς
1284 1829 1461 1867 παραινέσεως
1476 1833 1520 1858 τοῦ
1536 1831 1651 1867 Χριστοῦ
1666 1832 1712 1864 τῆς
1725 1829 1816 1866 λεγού-

1051 1887 1110 1910 σης,
1135 1875 1181 1909 Μὴ
1200 1874 1315 1913 κρίνετε,
1337 1874 1379 1902 ἵνα
1394 1874 1430 1912 μὴ
1446 1877 1562 1913 κριῡῆτε.
1579 1875 1647 1905 Ἀλλ’
1659 1874 1735 1909 ἐξῆν,
1751 1873 1817 1911 εἴγε

1051 1921 1188 1955 ἐδούλετο,
1212 1920 1358 1954 καπηλικὸν
1377 1920 1422 1948 καὶ
1442 1920 1585 1959 ἐμπορικὸν
1607 1920 1662 1958 βίον
1685 1921 1748 1959 ζῇν,
1771 1919 1816 1947 καὶ

1050 1967 1155 1999 πάντως
1169 1967 1215 1994 οὐκ
1231 1965 1259 1994 ἂν
1275 1965 1408 2004 ἠπόρησεν
1419 1978 1424 1983 ·
1442 1967 1498 1994 ἀλλ’
1513 1968 1560 1998 οὐκ
1573 1966 1695 2000 ἠθέλησε.
1718 1966 1743 1993 Τ
1746 1964 1754 1992 ί
1771 1959 1815 1993 οἶν

1051 2014 1162 2041 ἐνταῦθα
1174 2012 1319 2051 κερδαίνει,
1333 2012 1389 2041 εἰπέ
1404 2024 1464 2049 μοι,
1479 2012 1576 2051 σηρικὰ
1590 2012 1684 2050 ἱμάτια
1698 2010 1817 2050 περίκει-

1052 2070 1096 2086 ται
1104 2069 1111 2093 ;
1125 2059 1223 2092 πλῆθος
1236 2057 1384 2086 ἀκολούθων
1397 2058 1465 2096 ἔχων
1475 2057 1548 2086 σοίῗεῖ
1561 2057 1630 2086 κατὰ
1641 2057 1689 2092 τὴν
1702 2055 1816 2096 ἀγοράν;

1053 2104 1095 2133 ἐπὶ
1110 2104 1191 2132 ἵππου
1206 2103 1328 2142 φέρεται;
1345 2103 1427 2136 οἰκίας
1445 2104 1592 2142 οἰκοδομεῖ,
1607 2103 1674 2142 ἔχων
1689 2102 1753 2132 ὅπου
1769 2114 1819 2131 κα-

1054 2149 1182 2188 ταμείνῃ,
1204 2148 1250 2178 Ἂν
1265 2152 1347 2178 ταῦτα
1362 2151 1426 2187 ποιῇ
1436 2171 1443 2185 ,
1461 2149 1506 2177 καὶ
1526 2148 1577 2186 ἐγὼ
1592 2150 1750 2188 κατηγορῶ,
1772 2147 1818 2176 καὶ

1057 2197 1085 2224 οὐ
1098 2195 1236 2234 φείδομαι,
1251 2196 1309 2223 ἀλλ’
1327 2194 1428 2227 ἀνάξιον
1445 2194 1521 2223 αὗτὸν
1533 2190 1600 2222 εἶναι
1619 2196 1666 2228 τ’ἧς
1678 2192 1821 2234 ἱερωσύνης

266 2244 341 2272 illam
353 2244 452 2273 Christi
465 2244 673 2273 admonitionem
685 2267 692 2280 ,
704 2245 804 2273 Nolite
808 2245 960 2284 judicare,
977 2252 1005 2274 et
1021 2250 1039 2272 (ι
1058 2241 1135 2280 φημί.
1150 2242 1213 2273 Πῶς
1224 2241 1275 2280 γὰρ
1289 2239 1385 2278 ἑτέροις
1399 2239 1536 2274 δυνήσεται
1551 2243 1686 2279 παραινεῖν
1707 2238 1744 2277 μὴ
1759 2237 1821 2277 περὶ

269 2300 327 2318 ηοη
338 2291 555 2329 judicabimini.
572 2291 679 2319 Poterat
696 2290 779 2328 igitur
790 2312 799 2327 ‚
819 2290 841 2319 si
860 2291 1004 2327 voluisset,

267 2337 452 2375 cauponariam
462 2347 493 2365 ac
503 2343 679 2364 mercaturam
698 2346 829 2371 exercere,
843 2336 1004 2376 omninoque

266 2391 316 2410 non
335 2383 466 2420 eguisset;
481 2382 526 2411 sed
540 2383 635 2412 noluit.
651 2382 725 2417 Quid
740 2382 833 2421 igitur,
848 2394 948 2421 quaeso,
961 2383 1003 2412 lu-

265 2428 373 2457 cratur?
389 2438 453 2456 num
465 2428 555 2457 sericis
576 2428 698 2457 indu'tur
713 2429 832 2457 vestibus
846 2429 860 2457 .0
878 2439 943 2457 num
956 2439 1001 2458 se-

265 2480 395 2502 ctatorum
417 2473 618 2502 multitudinem
633 2484 679 2513 per
692 2475 781 2503 forum
804 2474 927 2503 incedens
949 2475 1000 2504 cir-

264 2521 401 2549 cumducit
412 2521 425 2548 Ξ)
438 2531 501 2549 num
513 2531 580 2559 equo
587 2521 692 2549 vehitur
706 2522 719 2550 Ξ)
731 2521 998 2559 numaedesexstruit‚

265 2568 364 2596 liabens
379 2567 423 2596 ubi
435 2567 561 2595 habitet?
578 2567 606 2595 Si
621 2567 677 2596 hoec
689 2568 768 2604 facit,
792 2579 840 2607 ego
855 2569 933 2598 etiam
954 2580 995 2599 re-

1057 2287 1091 2315 τὰ
1105 2286 1216 2326 περιττὰ
1232 2290 1315 2315 ταῦτα
1330 2285 1515 2324 ἐοχολακέναι,
1530 2285 1607 2317 αὐτὸς
1620 2286 1705 2324 ἑαυτῷ
1722 2294 1821 2324 παραι-

1057 2332 1129 2361 νέσαι
1141 2332 1176 2370 μὴ
1190 2332 1346 2370 δυνάμενος;
1362 2332 1394 2358 Εἰ
1408 2330 1434 2359 δὲ
1445 2330 1486 2360 ὅτι
1500 2332 1548 2365 τ’ῆς
1563 2329 1707 2368 ἀναγκαίας
1717 2329 1822 2368 εὖπορεῖ

1056 2379 1152 2417 τροφῆς
1161 2400 1169 2413 ,
1184 2377 1226 2406 διὰ
1240 2381 1315 2406 τοῦτο
1329 2377 1427 2411 ἀδικεῖ,
1443 2376 1511 2404 ἀλλὰ
1530 2376 1659 2414 περιιέναι
1675 2376 1756 2414 ἐχρῆν
1769 2374 1820 2402 αὖ-

1056 2423 1115 2458 τὸν,
1141 2423 1186 2452 καὶ
1200 2426 1368 2463 προσαιτεῐν;
1391 2421 1437 2449 καὶ
1458 2423 1506 2450 οὐκ
1525 2421 1554 2449 ἂν
1573 2420 1604 2450 σὺ
1620 2419 1821 2460 κατῃσχύνθης,

1054 2468 1112 2498 εἶπέ
1128 2481 1187 2506 μοι,
1209 2471 1222 2497 ὁ
1235 2467 1368 2506 μαθητής,
1395 2467 1463 2496 Ἀλλ’
1476 2470 1489 2496 ὁ
1502 2466 1549 2505 μὲν
1560 2465 1650 2505 πατὴρ
1669 2468 1683 2494 ὁ
1697 2465 1821 2505 σαρκικὸς

1055 2518 1085 2548 ἂν
1108 2521 1183 2547 τοῦτο
1197 2519 1276 2556 ποιῇ,
1298 2516 1423 2555 utiq-(svm
1448 2516 1478 2544 τὸ
1495 2520 1607 2555 πρᾶγμα
1627 2517 1696 2554 ἡγῇ·
1719 2513 1750 2542 ἂν
1768 2512 1794 2542 δὲ
1807 2515 1820 2542 ὁ

1054 2568 1229 2607 πνευματικὸς
1254 2566 1432 2605 ἀναγκάζηται
1454 2570 1527 2595 τοῦτο
1544 2569 1646 2600 ποιεῖν,
1670 2565 1716 2592 οὐκ
1736 2565 1818 2601 ἐγκα-
