1893 2860
66 1678 164 1704 Cmpulae

69 1710 149 1729 :nalum
168 1715 187 1730 et

67 1740 160 1760 ὠκὺ-(υἱ

557 184 585 204 S.
613 182 750 205 Jorlxms
778 182 957 204 Cttnx‘SOST.

232 172 299 217 378

229 243 290 270 mile
305 244 374 271 enim
391 241 496 279 quando
512 242 588 269 suerit
604 252 686 280 prope
700 242 825 276 sublime,
839 249 900 270 tune
916 253 961 281 ap-

229 296 300 326 paret
311 288 429 318 humile:
445 294 468 315 et
482 288 644 325 comparatio
659 287 762 316 humile
774 288 861 316 reddit
873 288 963 316 humi-

228 334 290 366 lius,
307 344 357 361 non
377 333 464 360 altius.
484 332 522 359 lta
540 342 587 360 vos
607 343 711 370 quoque
726 333 883 362 humiliores
901 333 963 362 red-

226 378 265 406 dit
283 385 307 405 et
323 377 478 415 abjectiores
495 388 556 405 cum
578 378 632 407 illis
653 379 809 407 accumbere
831 390 837 406 t
853 379 898 407 sed
911 389 962 407 non

227 434 280 450 uos.
296 423 323 450 ln
338 422 444 450 (luobus
458 421 568 460 quidem
581 423 642 451 illos
653 433 818 462 superamus,
828 434 923 463 nempe
936 424 962 452 in

223 468 342 496 libertate
360 474 385 495 et
401 467 510 502 honore,
527 477 588 495 eum
603 468 701 505 quibus
712 469 780 497 nihil
803 476 887 507 potest
899 479 961 497 con-

224 513 296 543 seri-i,
314 512 384 551 quod
400 513 494 542 attinet
511 513 546 541 ad
562 513 738 552 voluptatem.
750 515 819 543 Nam
839 524 887 553 ego
901 515 962 553 qui-
973 539 995 556 ..3

223 558 283 586 dem
299 559 390 587 malim
411 559 497 587 solum
517 569 613 598 panem
631 570 734 588 sumere
748 570 810 589 (rum
828 560 959 595 libertate,

174 614 192 634 ⁵.
225 613 305 640 quam
319 603 526 631 innumerabiles
537 603 609 631 eibos
622 613 684 632 cum
699 603 837 633 servitute.
854 605 961 632 Melius

225 655 266 677 est
285 650 386 677 vocari
410 649 450 676 ad
468 649 547 676 olera
574 659 638 677 cum
656 651 790 684 car-itate,
811 660 899 688 quam
922 650 962 678 ad

227 695 350 722 vitulum
372 698 537 733 saginatum
557 704 623 723 eum
645 696 720 723 odio.
741 696 810 724 Nam
825 695 960 734 quidquid

221 739 260 767 illi
275 739 404 775 dixerint,
421 750 523 768 necesse
542 747 579 768 est
598 747 626 769 ut
646 742 690 778 qui
714 742 811 770 adsunt
834 742 959 778 laudent,

221 786 264 813 vel
279 785 425 821 offendant,
437 796 463 813 se
474 792 592 823 gerentes
604 793 738 824 tamquam
751 787 890 826 parasitos,
905 789 959 816 imo

222 841 283 858 vero
295 831 348 859 illis
364 832 521 870 pejusNam
532 831 568 859 cis
579 832 698 869 quidem,
713 840 737 861 et
749 834 769 862 si
783 845 844 862 cum
859 835 959 873 probro

220 882 244 903 et
268 876 412 913 ignominia
437 876 596 904 contumelia
624 877 790 914 afficiantur,
811 889 861 906 non
886 879 957 907 deest

221 927 307 948 tamen
333 921 442 949 libertas
466 920 591 958 loquendi
612 934 617 948 :
640 923 717 950 vobis
737 930 826 952 autem
847 934 879 952 ne
908 925 958 952 hoc

220 965 327 1002 quidem
342 965 425 994 adest.
437 965 491 993 Sed
503 965 634 1003 ejusmodi
646 967 754 1005 quidem
772 975 811 996 est
822 968 913 997 vilitas
933 976 958 997 ct

219 1010 332 1049 dejectio
346 1022 353 1047 ;
370 1011 542 1039 extimescitis
559 1012 630 1040 enim
646 1019 671 1040 et
691 1012 829 1051 trepidatis
844 1025 850 1040 :
866 1014 958 1042 nullus

219 1064 307 1086 autem
331 1057 444 1086 habetur
468 1058 561 1088 honor.
579 1059 651 1097 Ergo
680 1059 725 1087 illa
749 1060 859 1098 quidem
883 1062 957 1090 omni

219 1103 355 1142 voluptate
368 1110 406 1132 est
424 1104 543 1143 privata,
555 1104 613 1133 haec
627 1112 715 1134 autem
732 1106 810 1145 plena
831 1114 869 1136 est
884 1109 957 1136 omni

219 1148 302 1176 animi
318 1148 502 1178 delectatione.

258 1195 284 1222 5.
306 1194 360 1223 Sed
373 1202 398 1223 et
414 1196 531 1234 ipsarum
543 1207 662 1225 escarum
683 1203 806 1226 naturam
818 1198 957 1228 examine⁶

219 1249 286 1267 mus.
304 1240 372 1267 Nam
387 1240 444 1269 illic
456 1241 566 1279 quidem
576 1252 679 1270 necesse
687 1243 783 1280 cuique
796 1249 844 1279 est,
854 1243 958 1272 etiamsi

218 1285 293 1322 nolit,
308 1286 393 1315 multo
409 1287 472 1315 vino
485 1287 620 1327 disrumpi
635 1299 640 1314 :
657 1288 702 1316 hic
723 1295 813 1316 autem
827 1289 889 1317 licet
905 1301 957 1319 non

218 1332 366 1369 comedere,
380 1344 427 1362 nec
441 1334 544 1369 bibere,
561 1334 584 1363 si
607 1335 683 1363 nolit.
706 1335 887 1370 Quamobrem
902 1337 958 1365 illic

217 1389 284 1415 eam,
295 1390 354 1417 quse
377 1390 410 1408 ex
423 1380 544 1408 ciborum
557 1380 710 1409 conditione
723 1381 810 1409 oritur
832 1382 957 1421 volupta-

217 1433 281 1463 tem,
303 1433 329 1454 et
343 1426 493 1465 praecedens
507 1427 603 1455 adimit
617 1427 742 1463 dedecus,
758 1435 782 1456 et
796 1438 855 1466 quae
877 1430 957 1458 satie-

218 1478 296 1500 tatem
317 1472 436 1510 sequitur
449 1473 579 1501 molestia.
602 1473 662 1501 Non
683 1473 770 1501 minus
784 1474 854 1502 enim
878 1485 958 1513 quam

218 1517 311 1553 fames,
325 1527 435 1556 corpora
456 1518 604 1557 corrumpit
626 1518 702 1546 nobis
716 1525 740 1547 et
762 1518 853 1547 dolore
875 1520 958 1549 afficit

218 1562 328 1601 repletio
339 1569 363 1591 et
382 1563 519 1600 saturitas;
535 1563 589 1592 imo
605 1573 666 1593 vero
680 1564 789 1602 gravius
801 1575 808 1591 τ
820 1571 844 1593 et
859 1576 958 1603 quem-

220 1619 332 1646 eumque
345 1608 413 1637 mihi
426 1609 491 1637 dare
503 1609 632 1646 volueris,
647 1620 708 1638 eum
722 1610 826 1639 facilius
839 1611 958 1640 disrum-

221 1664 282 1693 pam
292 1654 445 1693 repletione,
460 1665 540 1692 quam
552 1656 628 1683 fame.
644 1656 682 1683 Re
695 1666 756 1684 vera
769 1656 839 1684 enim
851 1656 906 1686 haec
920 1665 958 1686 est

221 1701 266 1729 illa
279 1701 442 1730 tolerabilior
455 1714 460 1728 :
473 1702 600 1740 quoniam
620 1702 717 1731 samem
729 1703 769 1731 vel
784 1703 880 1742 viginti
900 1704 958 1733 dies

219 1745 353 1785 quispiam
372 1746 472 1781 tuterit,
486 1746 658 1785 repletionem
672 1754 760 1776 autem
776 1758 808 1776 ne
819 1748 886 1777 duos
898 1751 958 1788 qui-

219 1791 279 1819 dem
293 1804 300 1819 :
314 1798 339 1820 et
352 1802 413 1820 cum
427 1792 494 1820 fame
506 1791 615 1829 quidem
637 1792 743 1821 assidue
758 1793 886 1823 luctantes
911 1796 956 1834 qui

218 1836 274 1864 ruri
289 1836 399 1875 degunt,
411 1837 467 1865 sani
489 1843 562 1873 sunt,
577 1847 624 1866 nec
642 1844 719 1876 egent
740 1838 870 1877 mediei53
889 1840 957 1870 hauc

218 1888 318 1919 autem,
330 1881 502 1920 repletionem
523 1882 642 1920 inquam,
660 1893 712 1912 non
725 1883 765 1912 illi
784 1885 894 1914 tulerint
905 1886 957 1916 nisi

219 1935 345 1966 perpetuo
369 1935 502 1956 accersant
523 1927 658 1965 medic055
680 1929 735 1958 imo
760 1940 823 1959 vero
847 1931 956 1961 illorum

218 1983 322 2011 quoque
343 1974 476 2002 auxilium
502 1984 570 2013 saepe
593 1981 699 2013 superat
721 1975 803 2015 hujus
825 1978 954 2016 tyrannis.

218 2017 301 2056 Ergo,
316 2018 390 2057 quod
409 2019 502 2047 attinet
523 2018 557 2047 ad
578 2019 754 2059 voluptatem,
777 2021 833 2059 haee
855 2024 956 2061 primas

218 2063 297 2093 hahet
310 2071 407 2103 partes.
420 2065 490 2093 Nam
503 2065 525 2093 si
537 2065 621 2094 honor
632 2066 742 2104 quidem
754 2074 793 2096 est
800 2068 955 2107 jucundior,

218 2120 297 2147 quam
320 2111 419 2149 probro
432 2117 458 2139 et
472 2112 633 2140 contumelia
655 2113 726 2141 affici
733 2124 741 2149 ;
755 2121 780 2142 et
800 2121 955 2154 potestatem

218 2155 325 2193 habere,
339 2166 419 2194 quam
432 2166 486 2185 esse
494 2156 661 2196 subjeetum3
677 2164 702 2186 et
716 2159 860 2198 confidere,
876 2172 956 2199 quam

218 2201 309 2229 timere
321 2208 345 2230 et
358 2208 486 2239 tremere;
501 2209 526 2231 et
538 2203 590 2231 frui
603 2203 636 2231 iis
646 2214 704 2242 quae
716 2205 863 2241 sufficiunt,
875 2218 955 2245 quam

217 2257 295 2286 supra
308 2247 417 2276 modum
428 2248 549 2288 immergi
560 2249 586 2277 in
598 2249 695 2278 fluctus
706 2250 865 2281 deliciarum
878 2264 884 2280 τ
898 2253 954 2282 haee

217 2302 304 2321 mensa
319 2293 365 2321 illa
377 2301 414 2322 est
428 2294 531 2329 melior,
548 2294 628 2323 etiam
648 2296 719 2333 quod
734 2297 827 2326 attinet
841 2298 876 2327 ad
901 2309 952 2327 vo-

216 2336 355 2376 luptatem.
365 2339 518 2373 Quinetiam
529 2339 601 2378 quod
609 2340 643 2369 ad
653 2348 771 2370 sumtum
782 2343 884 2380 attinet,
895 2344 952 2373 haec

216 2393 320 2419 quoque
333 2390 371 2411 est
386 2384 494 2412 melior:
508 2395 568 2413 nam
584 2385 629 2414 illa
645 2386 755 2424 quidem
767 2388 882 2417 multum
893 2400 952 2418 con-

249 2492 256 2498 ··
277 2481 314 2511 [Α.
329 2485 341 2509 r]
353 2482 469 2514 κακίζειν-’1

249 2522 260 2538 Ι»
278 2520 285 2550 [
299 2519 368 2543 hletu
383 2525 431 2547 12⁴«,
447 2524 562 2553 :iffa-2251.
578 2527 600 2548 ἐκ

619 2529 644 2549 ἂν
667 2524 730 2554 Οὲὶης
743 2538 782 2557 μοι
802 2529 852 2558 δὶς,
867 2532 902 2554 καὶ
921 2532 965 2553 ιὶι,

988 183 1128 206 AncmEt’
1135 198 1142 206 .
1171 184 1232 207 cON
1238 185 1423 209 STANTINOP
1430 201 1438 209 .

1020 245 1098 280 ἡμᾶς.
1115 244 1167 272 Δύο
1177 244 1224 280 μὲν
1235 241 1277 273 οὖν
1290 246 1387 278 τούτοις
1403 248 1617 283 πλεονεκτοῦμεν,
1632 247 1663 284 τῇ
1674 257 1702 274 τε
1713 247 1783 275 ἐλευ-

1020 288 1107 328 θερίᾳ,
1122 289 1166 317 καὶ
1180 291 1212 327 τῇ
1225 293 1307 329 τιμῇ,
1322 287 1358 319 ὧν
1371 291 1443 320 οὐδὲν
1465 292 1519 321 ἴσον
1535 293 1570 324 εἷς
1591 292 1685 327 ἡδονῆς
1707 291 1783 330 λόγον

1019 334 1082 362 ἐστί.
1100 335 1266 372 Βουλήσομαι
1285 336 1336 374 γὰρ
1361 336 1390 364 ἂν
1416 337 1497 375 ἔγωγε
1522 337 1600 375 ἄρτου
1624 336 1782 374 μεταλαῧεῖν

993 387 1000 400 ³
1019 380 1076 416 μετ’
1090 379 1250 418 ἐλευθερίας,
1261 379 1278 413 ἢ
1294 381 1393 420 μυρίων
1405 382 1555 419 ἐδεσμάτων
1573 382 1640 420 μετὰ
1657 381 1783 414 δουλείας,

1019 425 1147 463 Κρεῖσσον
1159 425 1226 464 γὰρ,
1244 426 1325 463 φησὶ,
1338 425 1454 464 ξενισμὸς
1480 428 1601 466 λαχάνων
1618 427 1682 466 πρὸς
1694 427 1783 465 φιλίαν

1018 470 1062 498 καὶ
1082 470 1196 509 [Apim-i]
1211 472 1271 508 βοῦς
1285 471 1338 499 ἀπὸ
1348 471 1445 509 φάτνης
1459 474 1514 509 μετ’
1526 472 1675 511 ἔχθρας.“0
1685 472 1736 510 γὰρ
1751 472 1781 500 ἂν

1018 514 1125 544 εἴπωσιν
1137 516 1246 550 ἐκεῖνοι,
1267 516 1368 554 ἀνάγκη
1381 517 1439 550 τοὺς
1453 517 1585 555 παρόντας
1598 520 1724 553 ἐπαινεῖν,
1743 521 1753 533 ³
1764 517 1781 551 ἢ

1017 561 1198 600 προσκρούειν,
1212 561 1366 599 παρασίτιον
1382 561 1453 595 τάξιν
1469 562 1687 601 ἀναδεδεγμένους
1697 585 1703 598 ,
1715 564 1783 600 μᾶλ-

1016 608 1060 634 λον
1077 606 1103 635 δὲ
1123 607 1227 635 ἐκείνων
1239 607 1341 645 χείρους
1361 607 1445 639 ὄντας.
1467 608 1532 639 Τοῖς
1555 607 1601 644 μὲν
1619 607 1670 646 γὰρ
1692 608 1715 635 εἰ
1737 608 1782 635 καὶ

1018 654 1075 689 μετ’
1088 652 1214 691 αἰσχύνης
1226 653 1270 681 καὶ
1281 656 1326 681 τοῦ
1337 652 1502 691 ὑδρίζεσθαι,
1519 653 1589 690 ὅμως
1602 652 1782 690 μέτεστιπαῤ-

1018 697 1125 735 ρηντίας·
1145 700 1204 734 ὑμῖν
1230 698 1257 725 δὲ
1282 697 1339 726 οὐδὲ
1360 697 1460 726 τούτου.
1475 697 1544 725 Ἀλλ’
1563 700 1579 732 ἡ
1597 697 1643 734 μὲν
1667 697 1782 725 εὐτέλεια

1016 743 1130 777 τοσαύτη
1139 755 1144 760 ·
1159 743 1291 771 δεδοίκατε
1303 743 1354 782 γὰρ
1367 742 1411 771 καὶ
1424 743 1612 781 κατεπτήχατε
1622 755 1627 760 ’
1642 745 1658 777 ἡ
1672 743 1699 770 δὲ
1715 742 1780 780 τιμὴ

1015 789 1110 817 οὐκέτι.
1133 790 1235 817 Οὐκοῦν
1260 789 1346 823 πάσης
1372 788 1420 826 μὲν
1441 789 1535 823 ἡδονῆς
1561 788 1738 826 ἀπεστέρηται
1764 790 1781 822 ἡ

1015 834 1130 872 τράπεζα
1152 834 1255 871 ἐκείνη,
1277 835 1363 869 πάσης
1383 834 1408 863 δὲ
1429 835 1494 869 αὕτη
1506 835 1581 872 γέμει
1603 834 1739 872 Θυμηδίας.

1054 1196 1131 1225 Ἀλλὰ
1151 1197 1195 1225 καὶ
1208 1198 1292 1225 αὐτῶν
1306 1198 1357 1226 τῶν
1369 1197 1520 1235 ἐδεσμάτων
1534 1197 1582 1234 τὴν
1594 1198 1670 1237 φύσιν
1687 1198 1777 1232 ἐξετά-

1014 1253 1110 1280 σωμεν.
1134 1242 1207 1271 Ἐκεῖ
1235 1242 1282 1280 μὲν
1305 1243 1356 1281 γὰρ
1381 1242 1481 1281 ἀνάγκη
1507 1243 1552 1272 καὶ
1568 1243 1604 1281 μὴ
1627 1245 1778 1283 βουλομένῳ

1014 1288 1217 1327 διαρρήγνυσθαι
1235 1290 1272 1327 τῷ
1297 1289 1388 1327 πολλῷ
1412 1288 1489 1326 οἴνῳ,
1511 1289 1622 1318 ἐνταῦθα
1636 1289 1663 1317 δὲ
1680 1291 1727 1318 οὔκ
1742 1290 1780 1318 ἔνι

1015 1333 1051 1370 μὴ
1070 1334 1225 1371 βουλόμενον
1238 1334 1331 1362 ἐσθίειν
1347 1334 1391 1362 καὶ
1403 1334 1495 1362 πίνειν.
1507 1333 1590 1362 ιὨστε
1605 1335 1660 1363 ἐκεῖ
1672 1334 1720 1372 μὲν
1731 1334 1780 1370 τὴν

1014 1380 1043 1406 ἐκ
1058 1379 1105 1412 τῆς
1120 1381 1170 1406 τῶν
1186 1379 1275 1407 σιτίων
1285 1379 1423 1414 ποιότητος
1437 1378 1532 1413 ἡδονὴν
1543 1379 1560 1413 ἥ
1572 1391 1601 1407 τε
1611 1379 1780 1418 προλαὸοῦσα

1015 1424 1107 1460 ἀτιμία
1130 1426 1295 1463 ἀφαιρεῖται,
1310 1424 1355 1452 καὶ
1371 1427 1388 1459 ἡ
1409 1426 1438 1453 ἐκ
1453 1425 1501 1457 τῆς
1515 1425 1669 1462 πλησμονῆς
1691 1425 1780 1460 ἀηδία.

1014 1469 1054 1497 Οὐ
1069 1469 1120 1507 γὰρ
1142 1465 1219 1503 ἦττον
1240 1471 1318 1507 λιμοῦ
1337 1469 1371 1498 τὰ
1393 1469 1505 1507 σώματα
1524 1472 1587 1507 ἡμῖν
1601 1472 1618 1504 ἡ
1638 1470 1779 1508 πλησμονὴ

1014 1514 1157 1553 διαφθείρει
1170 1514 1215 1542 καὶ
1226 1515 1304 1553 ὀδυνᾷ
1313 1537 1320 1549 ,
1335 1514 1401 1543 ἀλλὰ
1413 1515 1459 1543 καὶ
1473 1515 1563 1554 πολλῷ
1577 1515 1763 1554 χαλεπώτερον
1772 1527 1779 1533 ·

1014 1558 1078 1587 ι’καὶ
1091 1559 1118 1587 ὃν
1130 1560 1159 1587 ἂν
1174 1559 1249 1598 Οέλῃς
1261 1571 1305 1597 μοι
1318 1560 1421 1595 δοῦναι,
1435 1560 1606 1598 εὐκολώτερον
1620 1560 1696 1588 αὐτὸν
1708 1561 1780 1599 διαῤ-

1014 1605 1118 1642 ῥηγνύω
1136 1607 1168 1643 τῇ
1186 1606 1326 1643 πλησμονῇ
1340 1627 1347 1640 ,
1361 1608 1406 1634 τοῦ
1418 1607 1506 1642 λιμοῦ.
1520 1605 1624 1638 Ὄντως
1641 1605 1692 1645 γὰρ
1705 1609 1780 1635 τοῦτο

1013 1650 1111 1678 ἐκείνου
1127 1651 1297 1690 φορητότερον
1307 1662 1312 1667 ·
1326 1651 1366 1679 ὅτι
1379 1651 1456 1689 λιμὸν
1470 1650 1516 1689 μὲν
1527 1650 1558 1679 ἅν
1573 1663 1611 1683 τις
1625 1650 1671 1680 καὶ
1682 1651 1779 1680 εἴκοσιν

1014 1696 1113 1735 ἡμέρας
1133 1696 1246 1735 ἐνέγκοι,
1261 1695 1416 1734 πλησμονὴν
1432 1696 1458 1725 δὲ
1473 1696 1530 1725 οὐδὲ
1553 1697 1598 1724 δύο
1613 1697 1693 1735 μόνας
1706 1708 1712 1714 ·
1733 1697 1779 1725 καὶ

1012 1741 1096 1781 τούτῳ
1111 1741 1158 1779 μὲν
1169 1742 1392 1781 προσπαλαίοντες
1406 1742 1531 1776 διηνεκῶς
1541 1743 1565 1771 οἱ
1576 1744 1602 1771 ἐν
1613 1747 1668 1776 τοῖς
1678 1744 1780 1782 ἀγροῖς,

1014 1789 1038 1816 ἐν
1053 1787 1128 1827 ὑγείᾳ
1142 1788 1192 1816 εἰσὶ
1206 1787 1252 1816 καὶ
1270 1789 1299 1816 οὗ
1311 1787 1412 1816 δέονται
1424 1789 1519 1826 ἰατρῶν
1531 1799 1538 1805 ·
1553 1787 1650 1823 ταύτην
1672 1788 1698 1817 δὲ
1708 1810 1715 1823 ,
1730 1788 1778 1824 τὴν

1011 1833 1166 1870 πλησμονὴν
1180 1832 1249 1871 λέγω
1254 1855 1263 1867 ,
1277 1834 1324 1861 οὐκ
1344 1833 1378 1861 ἂκ
1392 1832 1519 1870 ἐνέγκοιεν
1541 1832 1579 1870 μὴ
1596 1835 1711 1872 συνεχῶς
1725 1845 1777 1862 κα-

1011 1879 1113 1911 λοῦντες
1127 1878 1229 1917 ἰατρούς
1240 1890 1246 1896 ·
1261 1880 1359 1916 μᾶλλον
1373 1879 1400 1908 δὲ
1412 1879 1456 1907 καὶ
1467 1878 1514 1914 τὴν
1534 1879 1638 1907 ἐκείνων
1656 1879 1778 1917 βοήθειαν

1011 1923 1102 1962 ἤλεγξε
1118 1924 1245 1957 πολλάκις
1258 1927 1274 1959 ἡ
1290 1924 1386 1959 ταύτης
1407 1923 1535 1963 τυραννίς.
1551 1924 1604 1953 Καὶ
1620 1925 1715 1959 ἡδονῆς
1730 1926 1778 1963 μὲν

1010 1965 1053 1997 οὖν
1076 1969 1160 1998 ἕνεκεν
1175 1969 1241 2005 αὕτη
1256 1970 1290 1998 τὰ
1311 1971 1404 2009 πρῶτα
1419 1969 1485 2008 ἔχει.
1502 1970 1535 1998 Εἴ
1551 1969 1601 2008 γὰρ
1621 1972 1637 2005 ἡ
1653 1969 1720 2008 τιμὴ
1732 1972 1778 1999 τοῦ

1011 2014 1184 2052 ἀτιμάζεσθαι
1197 2014 1289 2050 ἡδίων,
1304 2015 1349 2043 καὶ
1362 2015 1394 2051 τὸ
1405 2016 1431 2043 ἐν
1445 2014 1548 2054 ἐξουσίᾳ
1559 2009 1626 2044 εἶναι
1646 2017 1691 2044 τοῦ
1710 2016 1778 2044 ὑπο-

1010 2060 1169 2097 τάσσεσθαι,
1180 2060 1225 2089 καὶ
1235 2060 1264 2089 τὸ
1277 2062 1381 2099 θαῤῥεῐν
1394 2063 1438 2089 τοῦ
1450 2060 1556 2100 τρέμειν
1568 2060 1614 2089 καὶ
1626 2061 1779 2096 δεδοικέναι,

1011 2106 1056 2134 καὶ
1074 2106 1104 2134 τὸ
1119 2107 1170 2134 τῶν
1191 2105 1339 2145 ἀρκούντων
1354 2105 1494 2134 ἀπολαύειν
1509 2107 1555 2134 τοῦ
1575 2105 1644 2145 πέρα
1658 2108 1703 2135 τοῦ
1728 2106 1778 2144 με’-

1010 2163 1072 2190 τρου
1089 2153 1125 2184 εἰς
1146 2152 1176 2180 τὸ
1197 2153 1244 2186 τῆς
1263 2153 1362 2190 τρυφῆς
1378 2150 1614 2184 καταποντίζεσθαι
1629 2151 1779 2188 κλυδώνιον,

1012 2197 1121 2235 βελτίων
1136 2197 1188 2236 ἄρα
1200 2197 1300 2232 ἐκείνης
1313 2196 1379 2231 αὕτη
1394 2198 1411 2230 ἡ
1428 2195 1545 2235 τράπεζα
1557 2196 1603 2225 καὶ
1613 2197 1708 2232 ἡδονῆς
1722 2197 1780 2227 ἕνε-

1010 2255 1063 2272 κεν.
1076 2243 1128 2272 Καὶ
1143 2243 1176 2272 τὰ
1188 2244 1234 2277 τῆς
1248 2242 1365 2277 δαπάνης
1377 2241 1404 2270 δὲ
1417 2243 1528 2270 ἐνταῦθα
1543 2241 1663 2280 βελτίονα
1672 2254 1678 2260 ·
1692 2243 1778 2279 ἐκείνη

1010 2292 1057 2328 μὲν
1080 2292 1131 2331 γὰρ
1147 2289 1286 2330 δαπανηρὰ
1296 2313 1303 2326 ,
1327 2290 1393 2325 αὕτη
1414 2288 1440 2318 δὲ
1461 2289 1557 2319 οὐκέτι.
1572 2289 1652 2319 Ἀλλὰ
1667 2290 1712 2327 τί;
1725 2286 1778 2330 ἔρα

1008 2347 1061 2375 τοῖς
1075 2341 1254 2379 ἀνακειμένοις
1267 2341 1344 2379 μόνον
1356 2339 1436 2375 ἡδίων
1451 2339 1518 2376 αὕτη
1530 2343 1546 2375 ἡ
1559 2340 1691 2380 τράπεζα,
1702 2340 1720 2376 ἢ
1732 2341 1778 2370 καὶ

1008 2393 1045 2430 τῷ
1060 2393 1181 2420 καλοῦντι
1197 2390 1303 2419 πλείονα
1318 2389 1383 2425 αὕτη
1402 2389 1474 2429 φέρει
1490 2390 1537 2426 τὴν
1551 2390 1646 2427 ἡδονὴν
1661 2390 1776 2426 ἐκείνης,

1017 2491 1049 2515 Et
1063 2500 1119 2516 mox
1135 2493 1191 2517 οὕτω
1205 2495 1269 2523 γὰρ]
