1893 2860
105 513 185 533 Contra
198 512 232 531 ui-

107 550 176 563 ιιιιιιιιι
199 550 247 562 mu-

106 574 185 593 lierum
197 581 233 593 or-

106 608 190 625 uatum.

113 2074 251 2104 Gae1l.3.27·

259 154 329 199 466
606 167 636 189 s.

258 231 529 267 concupiscentiam.
544 229 589 257 Sic
599 230 733 268 quispiam
745 229 852 258 Christo
863 229 998 266 induitur,

259 277 280 303 si
297 276 383 303 carnis
395 285 485 302 curam
500 285 551 303 non
566 282 640 313 gerat
658 275 694 304 ad
706 275 956 314 concupiscentiam.
970 276 999 304 Si

260 320 366 348 Christo
391 319 525 355 induaris,
544 320 595 359 ipsi
610 327 635 349 te
649 321 833 349 formidabunt
852 321 998 356 daemone53

259 365 299 393 sin
325 372 412 393 autem
434 376 517 402 auro,
540 367 620 394 etiam
645 366 765 395 homines
788 366 960 395 irridebunt:
977 366 1000 394 si

259 411 367 439 Clnisto
382 411 520 450 induaris,
533 413 612 441 etiam
628 419 652 441 te
665 424 708 441 tex
713 413 857 441 erebuntui
870 413 1001 441 homines.

262 456 296 485 V
289 467 311 484 ι5
326 467 342 484 x
345 456 411 485 ideri
424 458 535 496 pulclna
548 465 573 487 et
584 458 694 487 decora.
688 458 701 477 ἶ)
716 459 765 487 tibi
778 459 893 487 sufficiat
905 434 1087 488 forma-4&3

262 503 298 532 tio
306 505 439 533 ercatoiis.
455 505 529 539 Quid
543 517 622 534 aurea
633 506 740 535 inducis
751 513 916 541 ornamenta,
927 513 1000 534 tam-

261 560 341 587 quam
352 550 381 578 id
387 551 458 588 quod
472 552 544 579 Deus
552 552 657 580 effinxit
668 553 839 580 correctura?
853 552 903 581 Vis
914 552 1000 581 videri

261 595 375 624 decora?
391 595 501 625 induere
518 597 693 636 eleemosyna,
704 596 813 625 induere
824 597 999 636 benignitate,

260 640 372 670 induere
392 642 521 670 modestia
537 649 562 671 et
581 643 766 681 temperantia,
782 650 807 671 et
825 643 895 672 absit
911 644 1004 672 fastus.

258 686 321 714 Haec
334 686 424 715 omnia
441 695 501 716 sunt
514 699 580 716 auro
589 688 743 726 pretiosiora
757 700 762 716 :
778 689 835 717 haec
848 689 928 717 etiam
942 699 1003 728 spe-

257 733 356 760 ciosam
380 732 497 762 reddunt
511 734 596 773 magis
615 733 738 762 decoram
757 746 762 761 :
778 735 836 763 haec
856 735 935 764 etiam
952 745 1003 763 non

255 781 399 808 formosam
419 780 539 808 efficiunt
553 781 704 809 formosam.
721 781 838 815 Quando
858 782 929 810 enim
945 782 1005 819 quis

257 835 318 853 cum
330 825 517 854 benevolentia
533 827 702 865 conjunctam
718 826 816 855 viderit
830 827 955 864 sormam,
971 837 1005 855 ex

258 870 367 899 caritate
381 871 431 899 fert
443 872 599 899 sententiam
614 884 620 899 :
644 872 804 911 pravitatem
816 880 905 901 autem
919 895 926 909 ‚
938 883 970 900 ne
983 872 1006 900 si

258 918 292 946 sit
311 917 419 955 quidem
435 918 548 956 pulchra
560 940 567 954 ‚
587 925 672 956 potest
687 918 821 957 quispiam
838 919 926 947 dicere
940 918 1005 958 pul-

257 965 371 992 chram.
388 965 456 993 male
477 965 590 993 affectus
613 965 684 993 enim
705 965 811 994 animus
830 976 883 994 non
905 973 1004 994 lectam

258 1011 308 1039 fert
329 1011 495 1038 sententiam.
511 1011 613 1039 Oinata
632 1010 768 1049 quondam
782 1011 834 1039 suit
850 1011 901 1039 AE⁰
886 1011 979 1050 gyptia
994 1034 1003 1048 ‚

259 1064 367 1086 umatus
382 1068 488 1096 quoquc
500 1058 550 1086 fuit
566 1058 666 1097 Joseph
683 1070 688 1089 :
707 1065 765 1087 uter
776 1065 831 1087 etat
841 1059 1000 1088 folmosior.
992 1060 1006 1079 ἶ)

259 1114 312 1132 non
326 1103 387 1132 dico
402 1103 509 1142 quando
524 1103 571 1141 illa
591 1111 647 1132 erat
661 1104 687 1132 in
703 1105 775 1143 regia
786 1127 795 1139 ‚
810 1104 857 1133 hic
874 1111 963 1133 autem
978 1104 1005 1133 in

259 1160 373 1180 carcere.
388 1149 439 1178 Hic
460 1156 515 1178 erat
530 1149 630 1187 nudus,
657 1150 703 1178 sed
725 1157 780 1179 erat
795 1150 905 1179 indutus
922 1150 1006 1180 vesti-

260 1195 357 1223 mentis
380 1195 562 1234 temperantiae
576 1202 602 1224 et
618 1195 785 1224 continentia?
800 1208 806 1223 :
822 1196 869 1224 illa
885 1203 941 1224 erat
961 1196 1006 1224 in—

260 1240 337 1277 duta,
360 1240 405 1268 sed
428 1247 483 1268 erat
498 1240 569 1269 nuda
586 1241 712 1280 turpior3
729 1251 781 1270 non
800 1241 916 1270 hahebat
936 1241 1006 1270 enim

261 1284 473 1324 temperantiam.
491 1285 607 1321 Quando
619 1292 644 1314 te
652 1285 770 1325 impense
784 1286 899 1323 ornaris,
914 1296 930 1314 0
947 1297 1007 1314 mu-

259 1331 310 1359 lier
324 1354 333 1366 ,
358 1338 422 1359 tunc
448 1331 521 1359 nuda
544 1332 612 1360 facta
630 1342 656 1360 es
680 1332 802 1371 turpior;
817 1332 917 1360 exuisti
936 1331 1007 1360 enim

260 1377 428 1407 modestiam.
452 1377 516 1405 Erat
539 1377 620 1406 etiam
642 1377 702 1407 Eva
727 1377 810 1415 nuda,
835 1378 881 1406 sed
902 1378 1009 1416 quando

260 1423 312 1451 suit
328 1422 433 1457 induta,
448 1430 511 1451 tunc
523 1430 579 1452 erat
603 1424 710 1462 turpior
731 1436 737 1451 :
756 1434 817 1452 nam
831 1424 939 1462 quando
952 1431 1009 1453 erat

260 1468 345 1506 nuda,
362 1469 447 1507 gloria
460 1469 510 1497 Dei
523 1469 608 1498 fuerat
623 1476 727 1507 ornata3
741 1470 848 1508 quando
860 1477 948 1499 autem
966 1470 1008 1499 in-

260 1515 321 1543 duit
333 1521 434 1543 vestem
448 1515 549 1554 peccati
560 1538 567 1550 ,
583 1522 647 1544 tunc
669 1522 724 1544 erat
739 1516 836 1555 turpis.
856 1515 892 1544 Et
904 1523 932 1544 tu
947 1527 1007 1545 cum

260 1559 397 1588 mundano
412 1560 532 1589 indueris
557 1567 671 1598 ornatu,
688 1568 752 1589 tunc
766 1572 878 1600 appares
895 1562 1006 1600 turpior.

260 1606 329 1634 Nam
344 1604 416 1643 quod
428 1605 527 1633 nimius
551 1612 654 1634 sumtus
669 1612 693 1634 et
725 1606 806 1635 luxus
828 1617 879 1636 non
895 1607 1010 1636 sufficiat

260 1651 295 1679 ad
311 1651 501 1680 ostendendam
516 1651 746 1690 pulchritudinem
760 1675 767 1689 ‚
783 1652 829 1680 sed
850 1653 909 1681 fieri
925 1653 1009 1692 possit

263 1704 293 1726 ut
308 1697 401 1725 induta
416 1697 504 1725 minus
517 1698 551 1726 sit
570 1697 681 1726 honesta
697 1709 778 1736 quam
795 1698 878 1733 nuda,
900 1710 950 1738 ego
966 1699 1008 1728 di-

262 1753 332 1773 cam,
358 1742 387 1771 Si
409 1742 517 1780 quando
532 1742 644 1771 induisti
659 1743 817 1772 vestimenta
830 1744 948 1773 tibicinis
963 1751 1009 1773 aut

262 1788 393 1824 chomuli,
406 1799 439 1817 an
450 1789 477 1816 id
484 1799 535 1817 non
546 1796 603 1817 erat
614 1789 785 1818 inhonestum
794 1797 818 1818 et
830 1790 1007 1819 indecorum?

263 1835 345 1872 Atqui
361 1833 518 1862 indumenta
540 1841 603 1863 sunt
624 1846 720 1872 aurea3
737 1835 783 1864 sed
807 1843 950 1875 propterea
972 1843 1009 1865 est

261 1880 376 1909 dedecus
389 1890 419 1908 ac
435 1879 575 1919 turpitudo
590 1880 663 1918 quod
677 1880 729 1909 sint
744 1882 929 1910 aurea.Scenae
939 1882 1010 1910 enim

264 1933 368 1955 sumtus
380 1937 410 1955 ac
425 1927 507 1955 luxus
522 1926 646 1955 convenit
661 1927 799 1965 tragoedis,
815 1928 1006 1964 histrionibus,

263 1970 370 2007 mimis,
387 1970 559 1999 saltatoribus
570 1993 579 2007 ,
594 1977 620 1998 et
634 1970 666 1998 iis
690 1971 736 2008 qui
752 1979 872 2010 pugnant
886 1982 947 2000 cum
959 1972 1008 2000 he-

265 2016 322 2044 stiis
339 2028 344 2043 :
363 2016 436 2044 fideli
455 2023 545 2044 autem
567 2016 675 2044 mulieri
703 2016 762 2045 aliae
788 2017 886 2045 dantur
911 2028 926 2046 a
954 2018 1011 2046 Deo

264 2069 350 2091 vestes
366 2084 373 2097 ‚
390 2072 485 2101 nempe
502 2061 559 2101 ipse
573 2061 727 2100 unigenitus
738 2062 788 2091 Dei
800 2062 896 2092 Filius.
918 2064 1011 2101 Quot-

265 2114 334 2146 quot
351 2109 439 2142 enim,
457 2107 554 2145 inquit,
570 2109 601 2135 in
614 2108 764 2136 Christum
779 2109 923 2146 baptizati
934 2110 1011 2144 estis,

265 2154 414 2182 Christum
432 2154 579 2182 induistis.
593 2154 644 2182 Dic
661 2164 759 2191 quaeso,
777 2154 799 2183 si
826 2155 887 2193 quis
911 2155 1012 2194 regiam

263 2198 380 2228 dedisset
395 2206 508 2235 vestem,
528 2206 558 2227 tu
580 2206 669 2228 autem
695 2200 851 2228 mercenarii
867 2201 948 2230 vilem
964 2211 1014 2230 ve-

265 2250 332 2271 stem
347 2242 503 2282 accepisses,
515 2253 602 2271 annon
614 2253 644 2271 eo
655 2243 726 2281 quod
742 2250 768 2272 te
781 2244 886 2284 turpior
904 2255 979 2284 geras
990 2251 1015 2273 et

266 2288 397 2324 indecore,
412 2289 493 2317 etiam
504 2288 639 2328 punireris
651 2289 664 2317 ?
681 2289 737 2317 caeli
751 2296 776 2318 et
787 2290 943 2329 angelorum
956 2292 1015 2319 Do-

269 2333 373 2362 minum
388 2333 482 2362 induta
499 2344 538 2372 es,
555 2341 580 2362 et
595 2333 666 2363 circa
688 2341 786 2363 terram
801 2336 940 2366 versaris?
956 2336 1020 2365 Haec

301 2419 312 2437 d
333 2418 374 2451 [Α.
389 2423 418 2448 εἰς
429 2419 568 2453 ἐπιθυμίας]

302 2464 311 2474 ³
330 2456 372 2489 [A.
386 2463 411 2481 et
424 2466 502 2490 marg.
515 2459 734 2493 sav11.2·mai›p2-1;.]

304 2495 316 2511 b
335 2493 382 2526 [οὖν
393 2496 530 2526 recepimus
540 2504 569 2520 ex
587 2498 616 2521 Α.
630 2497 658 2521 B.
673 2498 730 2521 Mox
748 2496 807 2522 fort,
822 2502 858 2524 καὶ
872 2502 928 2531 λέγω
938 2520 944 2530 ,
959 2499 996 2523 vel
1008 2502 1031 2524 o)

272 2532 321 2556 tle!v
336 2534 441 2558 Dunaeus
454 2534 568 2566 quaedam
588 2535 744 2560 intercidisse
757 2543 830 2568 putat
849 2538 880 2562 de
901 2539 1032 2563 recentiori

664 166 804 189 JOANNJS
830 166 1011 188 cum'sosr.
1041 166 1196 190 AucutEP.

1220 168 1343 191 CONSTA
1354 169 1488 192 ΝἸῚΝΟΙ).

1052 232 1098 264 τῆς
1111 232 1207 270 σαρκὸς
1223 231 1234 246 ²¹
1249 232 1284 264 εἷς
1296 233 1445 270 ἐπιθυμίαν.
1466 232 1510 261 Ἂν
1527 232 1569 260 τὸν
1586 230 1698 270 Χριστὸν
1711 228 1821 267 ἐνδύσῃ,

1052 276 1097 303 καὶ
1125 276 1246 314 δαίμονές
1269 289 1297 306 σε
1323 278 1517 317 φοὸηθήσονται
1528 289 1534 295 ·

1052 321 1098 350 καὶ
1119 322 1254 361 ἄνθρωποι
1269 324 1509 362 καταγελάσονται·
1525 324 1569 352 ἐὰν
1585 323 1677 361 ἐνδύσῃ
1687 322 1732 350 τὸν
1750 321 1820 359 Χρι-

1055 367 1133 403 στὸν,
1156 368 1201 397 καὶ
1217 369 1351 408 ἄνθρωποί
1370 381 1398 397 σε
1415 370 1622 405 αἰδεσΟήσονται.
1645 368 1737 397 Βούλει
1758 366 1820 405 φαί-

1054 416 1143 442 ενσῡαι
1154 414 1222 449 καλὴ
1233 414 1278 442 καὶ
1291 415 1435 453 εὐπρεπής,
1447 415 1588 455 ἀρκέσΘητι
1604 417 1649 443 τοῦ
1663 414 1821 452 δημιουργοῦ

1054 460 1087 497 τῇ
1103 459 1209 488 πλάσει.
1225 460 1260 488 Τί
1275 459 1308 488 τὰ
1323 460 1419 499 χρυσία
1429 463 1440 476 ³
1453 461 1612 499 ἔπεια-ἄγεις,
1628 462 1663 493 ὡς
1680 460 1819 498 διορθωσο-

1563 278 1593 305 ἂν
1609 277 1635 305 δὲ
1657 276 1700 304 τὸν
1715 275 1821 315 χρυσὸν,

1056 505 1121 543 μένη
1137 509 1182 534 τοῦ
1197 507 1266 535 Θεοῦ
1286 506 1316 534 τὸ
1330 505 1456 544 πλάσμα,
1471 507 1564 539 Θέλεις
1580 506 1712 544 εὐπρεπὴς
1730 504 1822 542 φαίνε-

1055 553 1114 579 σθαι
1125 563 1132 586 ;
1147 551 1291 591 περιῆοΐωῧ
1303 551 1496 589 ἐλεημοσύνην,
1515 552 1658 590 περιὸαλοῦ
1671 553 1820 590 φιλανθρω-

1054 596 1133 632 πίαν,
1149 597 1292 636 περιὸαλοῧ
1307 597 1473 636 σωφροσύνην
1482 620 1489 634 ,
1502 597 1610 636 ἀτυφίαν
1622 609 1627 614 ·
1641 599 1724 625 ταῦτα
1736 595 1822 624 πάντα

1055 646 1154 682 χρυσοῦ
1169 643 1327 683 τιμιώτερα·
1352 647 1435 673 ταῦτα
1454 644 1499 672 καὶ
1513 643 1561 677 τὴν
1575 642 1674 682 ὡραίαν
1695 643 1823 681 εὐπρεπε-

1056 689 1150 728 στέραν
1162 693 1249 718 ποιεῖ·
1262 692 1347 718 ταῦτα
1361 690 1405 718 καὶ
1421 690 1469 725 τὴν
1484 691 1531 718 οὐκ
1548 688 1676 728 εὔμορφον
1696 687 1823 726 εὔμορφον

1057 735 1204 774 ἐργάζεται.
1216 735 1303 764 υΟταν
1320 736 1369 775 γάρ
1384 748 1423 768 τις
1439 738 1496 774 μετ’
1513 735 1611 768 εὐνοίας
1625 734 1707 773 ὄψιν
1697 738 1756 773 ορᾷ,
1773 732 1825 762 ἀπὸ

1059 781 1164 819 ἀγάπης
1183 782 1255 837 φέρει
1271 782 1317 815 τὰς
1338 783 1454 821 ψνφους·
1472 781 1518 817 τὴν
1534 781 1561 810 δὲ
1576 780 1692 819 πονηρὰν
1705 781 1733 808 οὖ
1747 778 1824 808 δύνα-

1058 826 1103 855 ταί
1119 838 1159 859 τις
1173 826 1230 855 οὐδὲ
1241 827 1304 855 κα)
1292 839 1324 862 ην
1339 830 1432 863 οὖσαν,
1445 827 1528 862 κοῦὴν
1542 829 1636 856 εἰπεῖν·
1652 827 1723 855 πεπ)
1718 825 1825 864 ηγμένη

1058 871 1109 910 γὰρ
1121 874 1136 906 ἡ
1150 872 1250 900 διάνοια
1264 873 1292 900 οὐ
1311 883 1341 910 φε
1336 872 1371 910 ἐρ
1360 884 1383 900 ι
1397 872 1444 907 τὴν
1459 874 1543 911 ψηφον
1558 872 1646 910 ὀρθήν.
1669 869 1824 931 Ἐκρσμῆθη

1059 917 1123 945 ποτὲ
1133 920 1149 951 ἦ
1163 919 1195 945 Αἰ
1189 917 1305 955 γυπτία,
1316 919 1450 955 εκοσιιήθη
1465 918 1530 945 καιό
1539 917 1653 955 Ἰωσηφ·
1666 915 1717 949 τίς1
1718 918 1777 944 ὀὖν
1792 918 1824 950 ἦ]

1058 965 1072 991 ὁ
1088 963 1260 1001 ὣραιοτεροςς
1276 964 1303 991 οὐ
1318 962 1417 1001 λέγω’
1402 974 1443 992 οτε
1457 964 1482 991 ἐν
1494 967 1547 995 τοῖς
1565 962 1726 1000 βασιλείοις
1714 973 1765 1007 nv„
1759 961 1826 989 ἐκεί-

1058 1020 1106 1043 νη,
1133 1010 1206 1040 οὗτος
1227 1007 1254 1036 δὲ
1269 1016 1295 1036 εν
1311 1020 1348 1036 τω
1364 1007 1546 1048 δεσμωτηρίῳ.
1571 1007 1672 1046 Γυμνὸς
1692 1009 1724 1042 ἠν
1736 1009 1824 1041 οὗτος,

1059 1054 1118 1082 ἀλλ’
1138 1053 1270 1082 ἐνεδέδυτο
1291 1066 1337 1088 της
1359 1053 1527 1095 σωφροσύνης
1542 1053 1576 1082 τὰ
1596 1052 1704 1091 ἱμάτια·
1723 1053 1825 1080 ἐνδεδυ-

1059 1111 1125 1137 μενη
1141 1102 1173 1135 ἠν
1183 1099 1268 1135 ἐκείνη
1278 1122 1285 1135 ,
1299 1100 1366 1128 ἀλλὰ
1379 1111 1479 1138 γυμν7ς
1490 1102 1522 1134 ἠν
1534 1098 1704 1139 αἶσγροτέρα·
1721 1109 1825 1144 σωφρο-

1060 1145 1139 1181 σύνην
1161 1146 1212 1202 γὰρ
1234 1148 1280 1174 οὐκ
1297 1141 1351 1185 εἶχε
1354 1158 1376 1174 ν.
1399 1145 1485 1175 “O-tow
1502 1146 1619 1185 σφοδρῶς
1641 1144 1825 1183 κοσμήσῃ,ω

1058 1192 1153 1230 γύναι,
1176 1192 1235 1221 τότε
1259 1195 1305 1227 τῆς
1321 1194 1420 1231 γυμνῆς
1435 1191 1593 1231 αἶογροτέρα
1613 1191 1737 1229 γέγονας·
1762 1191 1827 1218 ἀπε·

1060 1237 1130 1267 δύσω
1134 1238 1203 1295 ϋγὰρ
1224 1237 1271 1272 τὴν
1288 1237 1439 1276 εὐκοσμίαν.
1463 1233 1518 1266 ’ἿΙν
1540 1237 1584 1266 καὶ
1602 1240 1619 1272 ἡ
1642 1236 1698 1265 Εὕα
1721 1235 1824 1275 γυμνή·

1060 1285 1118 1312 ἀλλ’
1130 1296 1173 1313 οτε
1186 1283 1340 1318 ἐνεδύσατο,
1352 1283 1410 1312 τότε
1422 1286 1453 1318 ἠν
1469 1282 1644 1322 αἷσήροτερα·
1660 1281 1702 1311 ὅτε
1717 1281 1763 1319 μὲν
1775 1281 1828 1319 γὰρ

1061 1325 1092 1364 ἦν
1107 1330 1210 1368 γυμνὴ,
1234 1329 1384 1367 κεκόσμητο
1403 1331 1435 1368 τῇ
1451 1329 1510 1368 δόξῃ
1525 1331 1570 1358 τοῦ
1585 1330 1668 1357 Θεοῦ·
1692 1327 1736 1356 ὅτε
1759 1327 1785 1355 δὲ
1797 1327 1828 1355 τὸ

1060 1378 1107 1411 τῆς
1116 1376 1248 1415 ἁμαρτίας
1263 1375 1368 1413 ἱμάτιον
1377 1375 1526 1410 ἐνεδύσατο,
1539 1374 1597 1403 τότε
1610 1369 1641 1408 ἦν
1653 1373 1762 1412 αἰσχρά.
1774 1372 1827 1402 Καὶ

1060 1422 1092 1451 σὺ
1114 1425 1162 1457 τῆς
1176 1421 1348 1460 φιλοκοσμίας
1363 1421 1503 1459 ἐνδυομένη
1520 1420 1550 1448 το
1564 1420 1685 1458 ἱμάτιον,
1707 1418 1765 1447 τότε
1785 1420 1827 1446 αἷ-

1060 1468 1190 1508 σχροτέρα
1206 1468 1295 1507 φαίνῃ.
1318 1467 1382 1496 ιὈτι
1402 1468 1452 1506 γὰρ
1470 1469 1486 1501 ἡ
1506 1466 1662 1495 πολυτέλεια
1684 1466 1731 1494 οὔκ
1753 1466 1828 1504 ἀρκεῖ

1060 1514 1141 1547 δεῖξαι
1162 1513 1308 1552 εὔμορφον,
1325 1514 1383 1541 ἀλλ’
1401 1512 1456 1541 ἔστι
1473 1525 1518 1541 και
1533 1511 1703 1549 ἐνδεδυμένην
1718 1513 1765 1546 τ’ῆς
1776 1522 1827 1549 γυ-

1062 1572 1128 1598 μνης
1150 1561 1249 1596 μᾶλλον
1270 1561 1446 1598 ἀσχημονεῖν,
1471 1557 1522 1597 ε’(ὼ
1538 1559 1598 1597 ἐρῶ.
1612 1560 1623 1573 ⁰
1645 1557 1680 1585 Εἴ
1698 1567 1762 1585 ποτε
1778 1557 1827 1584 αὗ-

1059 1607 1158 1641 λητου,
1172 1604 1189 1639 ἢ
1205 1604 1334 1644 γοραύλου
1347 1603 1427 1638 σκεύη
1440 1603 1564 1638 ἐνεεύσω,
1581 1607 1631 1641 ἀρα
1643 1604 1689 1631 οὐκ
1699 1605 1730 1637 ἠν
1745 1602 1830 1641 ἄσχη-

1061 1651 1173 1689 μοσύνη;
1188 1651 1283 1679 Καίτοι
1298 1662 1328 1688 γε
1348 1654 1434 1689 *χρυσᾶ
1447 1649 1480 1678 τὰ
1496 1648 1590 1687 ἱμάτιά
1607 1651 1689 1677 εισιν·
1704 1647 1771 1676 ἀλλὰ
1786 1647 1830 1676 διὰ

1058 1709 1134 1726 τουτο
1153 1696 1343 1735 ἀσχημοσύνη,
1359 1696 1399 1725 ὅτι
1413 1708 1507 1735 γρυσα.
1530 1695 1564 1723 ‘H
1585 1694 1637 1733 γαρ
1671 1693 1827 1723 πολυτέλεια

1061 1742 1125 1777 (ἴτης
1134 1754 1231 1777 σκηνης
1241 1741 1349 1781 ἁρμόζει
1363 1746 1416 1773 τοῖς
1427 1741 1585 1780 τραγῳδοῖς,
1597 1745 1651 1773 τοῖς
1663 1741 1830 1778 ὑποκριταῖς,

1062 1793 1114 1821 τοῖς
1131 1788 1237 1826 μίμοις,
1254 1791 1306 1820 τοῖς
1320 1788 1463 1826 ὀρχησταῖς
1473 1808 1480 1821 ,
1496 1791 1550 1818 τοῖς
1565 1785 1629 1826 πρὸς
1642 1785 1676 1814 τὰ
1687 1785 1765 1825 θηρία
1780 1797 1831 1822 μα-

1062 1835 1196 1874 χομένοις·
1211 1833 1316 1872 γυναικὶ
1335 1833 1360 1861 δὲ
1376 1834 1457 1870 πιστῇ
1470 1832 1548 1871 ἕτερα
1561 1832 1663 1860 δέδοται
1675 1831 1769 1868 ἱμάτια
1777 1841 1830 1858 πα-

1065 1881 1096 1920 ρὰ
1120 1884 1166 1909 τοῦ
1187 1881 1273 1914 Θεοῦ,
1302 1879 1378 1911 αὐτὸς
1398 1881 1410 1907 ὁ
1432 1877 1572 1916 μονογενὴς
1589 1879 1634 1905 τοῦ
1658 1878 1727 1905 Θεοῦ
1748 1877 1829 1908 Παῖς.

1062 1925 1144 1955 ςΌσοι
1156 1925 1207 1964 γὰρ
1215 1948 1222 1960 ,
1236 1925 1314 1963 φησὶν
1322 1947 1328 1959 ,
1342 1925 1376 1956 εἷς
1388 1923 1503 1962 Χριστὸν
1515 1921 1704 1957 ἐὸαπτίσθητε,
1716 1920 1831 1961 Χριστὸν

1064 1971 1229 2001 ἐνεδύσασθε.
1255 1969 1325 1999 Εἰπέ
1344 1981 1405 2007 μοι,
1431 1968 1455 1997 εἴ
1468 1968 1506 2000 τίς
1522 1979 1563 1996 σοι
1584 1967 1718 2006 βασιλικὸν
1737 1967 1832 1995 ἔδωκεν

1064 2018 1184 2057 ἱμάτιον,
1199 2016 1230 2045 σὺ
1247 2016 1273 2045 δὲ
1286 2015 1374 2045 ἐπάνω
1389 2015 1487 2044 ἐκείνου
1501 2015 1531 2043 τὸ
1541 2017 1587 2043 τοῦ
1599 2013 1704 2046 εἵλωτος
1714 2013 1833 2042 λαὸοῦσα

1066 2063 1184 2101 περιέθου
1195 2085 1202 2099 ,
1217 2058 1269 2101 ἆρα
1283 2063 1330 2090 οὐκ
1345 2060 1374 2089 ἂν
1392 2060 1459 2099 μετὰ
1472 2063 1518 2089 τοῦ
1533 2061 1692 2098 ἀσχημονεῖν
1713 2059 1758 2087 καὶ
1772 2060 1834 2087 ἐκο-

1066 2110 1181 2144 λάσθης,
1196 2108 1239 2136 τὸν
1252 2110 1297 2136 τοῦ
1313 2108 1421 2147 οὐρανοῦ
1439 2105 1575 2140 Δεσπότην
1592 2104 1637 2133 καὶ
1650 2106 1701 2133 τῶν
1715 2104 1834 2143 ἀγγέλων

1069 2155 1200 2190 ἐνεδύσω,
1221 2154 1266 2182 καὶ
1280 2153 1341 2192 περὶ
1355 2152 1402 2187 τὴν
1422 2164 1470 2190 γην
1487 2151 1525 2179 ἔτι
1545 2162 1659 2189 στρεφῃ;
1683 2150 1775 2179 Ταυτά
1791 2161 1836 2188 μοι

1070 2202 1188 2240 εἴρηται,
1202 2200 1242 2228 ὅτι
1259 2199 1348 2238 μέγα
1344 2198 1375 2227 υ.ὲ
1378 2210 1390 2226 ν
1405 2210 1451 2226 και
1465 2199 1524 2226 καθ’
1540 2196 1617 2225 ἑαυτὸ
1631 2196 1712 2225 κακὸν
1725 2199 1741 2232 ἡ
1759 2197 1836 2236 φιλο-

1033 2254 1052 2277 Ε
1072 2246 1189 2284 κοσμία,
1213 2246 1262 2274 κᾶν
1283 2244 1364 2282 μηδὲν
1386 2246 1418 2278 ἠν
1433 2243 1519 2282 ἕτερον
1541 2243 1657 2271 ἐντευθεν
1671 2241 1837 2280 τικτόμενον,

1074 2293 1131 2320 ἀλλ’
1143 2292 1202 2325 ἐξῆν
1213 2289 1354 2322 ἀκινδύνως
1366 2289 1435 2328 ἔγειν
1448 2290 1501 2324 (εἷς
1510 2287 1561 2327 γὰρ
1571 2287 1716 2321 κενοδοξίαν
1728 2286 1838 2326 ἀλείφει,

1075 2336 1121 2365 καὶ
1135 2338 1244 2374 τῧφον)·
1257 2337 1302 2363 νῦν
1315 2333 1341 2362 δὲ
1356 2334 1401 2362 καὶ
1417 2332 1495 2372 ἕτερα
1508 2331 1594 2361 πολλὰ
1607 2331 1724 2360 τίκτεται
1744 2332 1774 2360 ἐκ
1791 2333 1837 2359 τοῦ

1078 2421 1179 2454 Josephi
1193 2426 1260 2446 statu
1271 2439 1276 2449 ‚
1289 2420 1403 2451 opposita
1417 2418 1480 2449 illis,
1492 2421 1528 2443 ὅτε
1539 2422 1561 2443 ἐν
1570 2424 1615 2447 τοῖς
1631 2417 1693 2448 ete.]

1112 2470 1122 2480 c
1142 2459 1238 2494 [Iidem
1250 2459 1402 2484 interserunt
1416 2461 1463 2484 εἰπὲ
1476 2460 1502 2486 δή
1514 2456 1563 2490 (vel
1575 2456 1608 2490 δέ)
1617 2456 1678 2489 pon]

1115 2501 1124 2513 ‘¹
1143 2499 1185 2532 [Α.
1200 2500 1228 2523 B.
1243 2504 1287 2527 τοῖς
1301 2501 1335 2524 ἐπὶ
1347 2509 1380 2523 σι.
1395 2501 1432 2531 ἀρ.
1444 2495 1546 2529 wigen-J
