1893 2860
117 712 222 745 Pffiiltpp.
238 720 258 735 2.

107 1406 151 1427 Cur
163 1409 232 1433 genli-

106 1439 137 1458 los
146 1439 171 1458 ani
183 1439 246 1459 fidem

106 1477 149 1489 nnn
163 1477 223 1489 acce-

106 1500 167 1521 dant.

99 2511 199 2538 Philwp.
215 2508 237 2530 3.

281 140 352 175 666
603 154 631 176 s.

277 213 508 251 Quemadmodum
522 224 585 253 crgo
600 225 676 244 nemo
687 216 787 245 dixerit
802 218 884 247 sulem
899 230 954 248 esse
968 220 1017 248 ob-

276 271 398 295 scurum,
419 270 451 288 ne
469 259 577 297 quidem
597 271 680 290 caecus
696 273 704 298 3
719 262 832 301 puderet
850 264 922 293 enim
939 265 1016 295 illum

275 316 334 333 cum
347 305 467 333 omnium
483 307 611 335 sententia
625 317 744 346 pugnare
759 320 766 336 ι
779 309 818 337 sic
833 320 881 338 nec
894 321 955 340 eum
966 312 1013 350 qui

274 347 420 376 admodum
436 348 522 376 honus
534 356 582 385 cst,
592 350 733 388 quisquam
746 352 956 391 reprehenderit3
966 355 1014 384 sed

273 392 431 431 dogmatum
441 394 550 432 quidem
566 405 643 424 causa
657 397 768 435 gentiles
781 408 850 438 saepe
867 399 927 428 illos
941 401 1016 429 calu-

275 438 369 467 mniati
391 439 489 468 suerint
501 462 508 475 ,
525 440 608 469 vitam
627 449 718 471 autem
737 450 835 472 rectam
853 455 905 474 non
920 456 1013 486 repre·-

275 483 426 521 heuderint,
441 484 488 513 sed
508 495 583 523 aeque
600 496 631 514 ac
649 487 737 516 caeteri
757 489 889 518 mirantur
908 497 934 519 et
953 498 1014 520 stu—

274 537 345 569 pent.

312 578 340 605 5.
357 577 397 606 Ita
417 587 480 616 ergo
495 579 620 608 vivamus
635 586 665 608 ut
680 589 731 609 non
748 579 948 621 blasphemetur
963 594 1014 615 no—

271 633 330 651 men
341 623 400 652 Dei.
411 625 504 662 Neque
518 625 601 663 igitur
611 625 756 655 humanam
768 627 880 666 gloriam
895 640 1013 668 aucupe-

271 678 332 697 mur
347 681 354 705 ;
371 669 407 698 ita
423 676 510 699 tamen
529 678 559 699 ut
574 682 606 700 ne
623 672 700 700 malae
720 673 840 712 opinioni
861 674 948 703 locum
966 675 1012 704 de-

273 725 331 743 mus
344 726 352 751 ;
366 715 413 744 sed
429 716 564 755 utrimque
577 717 690 746 modum
703 729 849 747 servemus.
859 722 893 748 In
909 722 1013 759 quibus

273 760 369 799 inquit,
388 763 490 791 lucetis
506 765 572 791 siut
593 764 754 792 luminaria
768 767 799 792 in
815 768 932 795 mundo.
948 767 1011 795 Ideo

268 807 340 835 enim
351 807 396 835 illc
407 818 454 836 nos
466 808 511 836 hic
522 808 660 846 relinquit,
672 816 700 837 ut
711 809 779 838 sicut
788 811 932 840 luminaria
941 823 1011 841 csse-

267 863 337 888 mus,
352 860 381 881 ut
395 854 510 882 aliorum
525 854 646 883 doctores
661 856 866 893 constituamur,
883 865 913 886 ut
927 858 1010 888 instar

265 899 386 927 fermenti
408 900 510 935 simus,
528 908 557 929 ut
577 901 647 929 sicut
667 902 756 940 angeli
777 913 838 931 cum
855 903 1009 934 hominibus

264 954 413 982 versemur,
424 951 453 973 ut
468 945 537 973 sicut
549 946 601 974 viri
613 957 673 975 cum
690 948 820 986 puerulis,
834 955 863 977 ut
879 950 1008 988 spiritua-

265 989 303 1018 les
318 1000 378 1018 cum
403 990 576 1025 animalibus,
592 998 621 1019 ut
640 991 680 1019 illi
695 992 842 1029 lucrentur,
858 1001 887 1023 ut
909 996 1008 1025 semina

264 1036 358 1071 simus,
378 1043 407 1064 ut
430 1037 549 1065 fructum
573 1037 691 1066 multum
714 1039 843 1069 seramus.
858 1041 918 1069 Non
940 1053 1008 1082 opus

263 1088 330 1110 esset
341 1092 471 1119 sermone,
480 1082 502 1110 si
514 1082 568 1111 vita
582 1090 672 1111 nostra
684 1083 721 1112 ita
735 1085 848 1123 fulgeret
854 1097 862 1123 3
877 1096 928 1114 non
941 1098 1008 1127 opus

263 1136 329 1156 esset
348 1128 450 1165 verbis,
467 1129 488 1157 si
511 1140 591 1168 opera
610 1130 806 1160 exhiberemus.
823 1132 922 1162 Nullus
942 1142 1008 1163 esset

262 1175 381 1213 gentilis,
397 1175 419 1203 si
437 1185 484 1203 nos
503 1186 620 1204 essemus
634 1187 698 1206 vere
711 1177 855 1207 Christiani
871 1189 878 1205 :
892 1179 913 1208 si
929 1180 1007 1210 Chri-

261 1219 295 1247 sti
315 1227 445 1259 praecepta
465 1231 650 1256 servaremus,
666 1223 687 1251 si
712 1223 841 1262 injurias,
860 1225 883 1254 si
899 1227 1006 1266 rapinas

260 1266 405 1298 ferremus,
424 1267 446 1295 si
464 1267 614 1296 maledictis
638 1269 751 1298 lacessiti
775 1270 1004 1309 benediceremus,

259 1311 281 1339 si
296 1312 374 1340 malis
386 1312 474 1341 affecti
487 1336 495 1350 ,
511 1313 579 1342 hona
595 1314 786 1353 redderemus5
804 1327 882 1346 nemo
901 1319 936 1347 ita
951 1320 1005 1348 fera

259 1363 335 1392 esset,
347 1364 376 1386 ut
387 1368 438 1386 non
452 1360 542 1387 statim
555 1359 591 1387 ad
606 1370 697 1388 veram
710 1361 867 1399 religionem
881 1374 1005 1393 accurre-

260 1409 309 1439 ret,
326 1403 348 1431 si
364 1413 459 1442 nempe
472 1404 508 1432 ita
524 1415 615 1433 omnes
629 1416 657 1433 se
673 1413 802 1443 gererent.
818 1409 856 1436 Ut
872 1415 960 1437 autem
975 1410 1004 1438 id

259 1447 380 1484 discatis,
396 1459 464 1477 unus
479 1457 534 1478 erat
550 1451 717 1489 Paulus,qui
735 1458 789 1480 tam
804 1453 902 1482 multos
917 1461 1002 1483 attra-

258 1494 308 1522 xit.
322 1494 350 1523 Si
363 1505 453 1524 omnes
465 1496 530 1524 tales
541 1507 668 1534 essemus,
682 1504 747 1534 quot
761 1498 838 1527 orbes
853 1510 905 1528 non
920 1508 1003 1530 attra-

257 1541 408 1570 xisscmus?
433 1542 501 1570 Ecce
530 1542 621 1581 plures
645 1550 706 1571 sunt
731 1544 877 1573 Christiani
890 1568 898 1580 ,
921 1557 1001 1584 quam

257 1587 364 1616 ethnici.
377 1587 412 1616 Et
429 1588 455 1616 in
474 1589 535 1617 aliis
554 1589 664 1627 quidem
685 1590 788 1619 artibus
807 1602 876 1620 unus
895 1601 1001 1622 centum

256 1645 356 1673 pucros
369 1633 464 1663 docere
477 1642 580 1674 potest:
594 1635 639 1663 hic
650 1642 739 1664 aulem
752 1647 812 1665 cum
824 1638 935 1677 plurimi
948 1640 1001 1669 sint

256 1681 389 1717 doctores,
404 1688 429 1709 et
444 1681 521 1720 longe
540 1681 631 1721 plures
650 1681 806 1721 discipulis,
822 1695 899 1713 nemo
912 1692 1000 1715 tamen

660 155 717 178 JOA
724 156 798 179 Nxts
826 159 1006 182 cmu'sos'r.

255 1728 365 1756 accedit.
378 1729 446 1758 Nam
462 1729 507 1766 qui
520 1728 650 1757 docentur
665 1729 804 1759 doctorum
817 1731 946 1761 virtutem
958 1734 1001 1762 in-

255 1780 364 1802 tuentur
379 1786 384 1802 :
399 1781 424 1802 et
437 1785 497 1802 cum
512 1774 620 1803 videant
633 1786 680 1804 nos
694 1775 786 1804 eadem
802 1779 997 1817 concupiscere,

255 1818 346 1848 eadem
367 1830 494 1858 quaerere,
512 1820 694 1860 principatum
710 1832 804 1861 nempe
820 1829 845 1851 et
858 1823 996 1859 honorem,

256 1865 391 1903 quomodo
405 1865 634 1894 christianismum
649 1867 740 1895 mirari
753 1869 895 1906 poterunt?
906 1870 999 1899 Vitam

253 1911 401 1939 multorum
420 1911 514 1940 vident
528 1912 775 1950 reprehensibilem,
793 1914 896 1943 animas
913 1921 997 1944 terre-

254 1966 300 1985 nas
316 1968 323 1992 ;
340 1956 467 1996 pecunias
479 1957 589 1996 perinde
603 1965 685 1996 atque
698 1958 739 1987 illi
755 1959 930 1998 admiramur,
945 1962 998 1990 imo

252 2003 337 2032 multo
352 2003 439 2042 magis
454 2015 461 2040 ;
476 2011 589 2032 mortem
605 2004 718 2043 perinde
740 2012 820 2043 atque
841 2007 883 2035 illi
901 2007 997 2037 horre-

252 2061 328 2087 mus,
343 2057 527 2089 paupertatem
548 2061 622 2088 :eque
643 2051 786 2088 timemus,
801 2053 908 2082 morbos
930 2065 999 2094 aegre

249 2096 371 2132 serimus,
387 2097 500 2136 gloriam
515 2097 638 2126 similiter
657 2104 682 2126 et
698 2099 870 2137 magistratus
890 2102 998 2140 appeti—

251 2153 321 2178 mus,
335 2153 424 2171 amore
439 2143 557 2182 pecuniae
573 2153 620 2171 nos
638 2144 800 2179 cruciamus,
815 2152 935 2185 tempora
949 2158 997 2176 ea-

252 2195 366 2227 ptamus.
386 2189 527 2217 Undenam
547 2199 610 2228 ergo
625 2190 659 2218 ad
675 2190 839 2220 credendum
860 2193 998 2222 inducun-

252 2234 313 2262 tur?
321 2245 335 2262 a
344 2234 500 2273 siguis?sed
509 2246 560 2264 non
571 2235 641 2264 ultra
653 2235 722 2265 fiunt
733 2247 764 2265 :a
774 2239 995 2268 conversatione?
1014 2248 1030 2269 Ρ

251 2279 297 2308 sed
310 2280 355 2309 illa
368 2280 539 2320 pessumdata
551 2288 589 2309 est
605 2293 610 2308 :
627 2292 642 2310 a
654 2283 764 2311 caritate
776 2283 789 2311 ,⁹
801 2284 849 2312 sed
864 2295 896 2313 ne
909 2286 995 2315 vesti-

251 2325 325 2363 gium
336 2326 443 2364 quidem
456 2327 513 2366 ejus
525 2335 668 2366 comparet.
681 2328 745 2357 Ideo
757 2339 809 2358 non
823 2338 994 2369 peccatorum

252 2373 330 2400 modo
341 2379 503 2409 nostrorum,
513 2373 559 2402 sed
571 2374 651 2402 etiam
662 2374 777 2403 aliorum
788 2375 940 2406 detrimenti
953 2389 993 2407 ra-
1001 2400 1037 2417 603

1037 161 1178 186 ARctssEP
1185 179 1192 186 .
1220 165 1282 188 CON
1289 166 1346 189 STA
1353 168 1406 190 N'rt
1412 168 1474 191 Not‘
1481 184 1487 190 .

1071 223 1207 260 δογμάτων
1233 226 1318 255 ἕνεκεν
1344 229 1470 262 πολλάκις
1497 230 1526 258 ἂν
1554 230 1644 263 αὐτοὺς
1669 231 1834 260 διαὸάλλοιεν

1068 268 1210 305 ἽΞλληνες,
1231 272 1288 309 βίου
1305 273 1332 301 δὲ
1353 275 1428 312 ὀρθοῦ
1452 277 1498 304 οὐκ
1520 277 1550 304 ἂν
1568 277 1744 311 ἐπιλάὸοιντο,
1766 278 1834 306 ἀλλὰ

1070 314 1114 343 καὶ
1136 316 1204 353 μετὰ
1227 319 1278 346 τῶν
1299 318 1385 348 ἄλλων
1400 322 1561 358 θαυμάζουσι
1577 323 1622 352 καὶ
1635 323 1834 359 ἐκπλήττονται.

1107 579 1186 607 Οὕτω
1208 579 1292 608 τοίνυν
1317 581 1412 617 ζῶμεν,
1428 580 1495 609 ὥστε
1511 582 1547 620 μὴ
1573 584 1782 622 βλασφημεῖσθαι
1803 586 1833 614 τὸ

1067 624 1149 662 ὄνομα
1165 627 1209 653 τοῦ
1227 626 1308 654 Θεοῦ.
1329 626 1406 660 Μήτε
1429 623 1472 655 οὖν
1494 627 1559 665 πρὸς
1573 628 1647 661 δόξαν
1666 631 1831 668 ἀνθρωπίνην

1067 670 1216 708 βλέπωμεν,
1229 671 1296 708 μήτε
1306 671 1374 701 ὥστε
1388 672 1504 711 πονηρὰν
1514 673 1658 710 λαμίάνειν
1672 675 1758 711 δόξαν,
1774 678 1832 705 ἀλλ’

1066 718 1092 744 ἐν
1111 716 1227 756 ἑκατέρῳ
1249 717 1296 753 τὴν
1325 719 1489 758 συμμετρίαν
1504 721 1633 758 τιμῶμεν.
1646 721 1694 749 Ἐν
1715 717 1751 754 οἷς
1769 722 1831 761 φαί-

1064 765 1154 798 νεσθε,
1166 762 1245 801 φησὶ,
1258 765 1293 796 ὡς
1312 767 1446 804 φωστῆρες
1460 765 1486 792 ἐν
1500 766 1601 805 κόσμῳ.
1621 765 1672 795 Διὰ
1691 769 1767 795 τοῦτο
1780 766 1832 807 γὰρ

1064 809 1134 845 ἡμᾶς
1149 807 1244 845 εἴασεν,
1265 808 1298 838 ἵν’
1321 811 1356 841 ὡς
1371 813 1506 850 φωστῆρες
1525 805 1606 849 ὦμεν,
1621 811 1664 840 ἵνα
1679 812 1832 841 διδάσκαλοι

1063 855 1115 881 τῶν
1136 853 1222 882 ἄλλων
1244 857 1428 893 καταστῶμεν,
1444 856 1477 884 ἵν’
1498 858 1532 889 ὡς
1548 857 1614 894 ζύμη
1630 857 1784 896 γενώμεθα,
1797 858 1830 887 ἵν’

1063 899 1098 930 ὡς
1113 898 1219 937 ἄγγελοι
1237 900 1304 937 μετὰ
1318 903 1369 929 τῶν
1381 901 1524 941 ἀνθρώπων
1539 904 1734 942 περιπολῶμεν,
1747 903 1779 932 ἵν’
1795 906 1830 937 ὡς

1064 944 1154 984 ἄνδρες
1171 944 1238 982 μετὰ
1252 948 1304 974 τῶν
1327 946 1426 974 παίδων
1441 949 1493 975 τῶν
1515 950 1625 987 μικρῶν,
1638 950 1673 981 ὡς
1687 961 1831 988 πνευματι-

1062 990 1103 1018 κοὶ
1122 990 1190 1028 μετὰ
1201 993 1252 1019 τῶν
1269 993 1400 1031 ψυχικῶν,
1417 992 1460 1021 ἵνα
1475 993 1644 1032 κερδαίνωσιν
1660 995 1766 1030 ἐκεῖνοι,
1787 995 1830 1024 ἵνα

1063 1036 1205 1074 σπέρματα
1229 1031 1311 1074 ὦμεν,
1330 1037 1374 1066 ἵνα
1397 1038 1498 1077 καρπὸν
1521 1038 1603 1068 πολὺν
1624 1039 1753 1079 φέρωμεν.
1771 1043 1830 1071 Οὐκ

1062 1082 1114 1110 ἔδει
1127 1082 1222 1121 λόγων,
1238 1084 1259 1112 εἷ
1279 1087 1400 1113 τοσοῖτον
1419 1086 1496 1123 ἡμῶν
1515 1087 1529 1114 ὁ
1545 1085 1600 1124 βίος
1622 1085 1756 1124 ἔλαμπεν·
1782 1089 1829 1116 οὐκ

1062 1127 1114 1156 ἔδει
1133 1128 1308 1164 διδασκάλων,
1332 1130 1354 1158 εἷ
1373 1129 1437 1168 ἔργα
1460 1131 1673 1170 ἔπεδεικνύμεθα.
1688 1132 1782 1166 Οὐδεὶς
1797 1133 1827 1161 ἂν

1060 1169 1093 1209 ἦν
1104 1173 1206 1209 Ἕλλην
1222 1177 1245 1203 εἷ
1261 1179 1338 1213 ἡμεῖς
1352 1171 1419 1214 ἦμεν
1440 1177 1612 1215 Χριστιανοὶ,
1634 1179 1670 1211 ὡς
1685 1179 1739 1207 δεῖ·
1755 1180 1778 1207 εἷ
1793 1179 1827 1208 τὰ

1060 1223 1106 1248 τοῦ
1124 1221 1240 1260 Χριστοῦ
1255 1222 1444 1260 ἐφυλάττομεν,
1462 1225 1484 1251 εἰ
1501 1223 1678 1261 ἠδικούμεθα,
1698 1225 1720 1252 εἷ
1734 1225 1828 1254 ἐπλεο-

1059 1266 1235 1305 νεκτούμεθα,
1251 1269 1275 1296 εἷ
1292 1268 1487 1307 λοιδορούμενοι
1515 1269 1681 1307 εὐλογοῦμεν,
1697 1270 1720 1297 εἷ
1739 1272 1828 1303 κακῶς

1058 1312 1206 1351 πάσχοντες
1224 1314 1424 1352 εὖηργετοῧμεν,
1440 1314 1522 1347 οὐδεὶς
1541 1314 1610 1343 οὕτω
1628 1315 1716 1354 θηρίον
1735 1310 1778 1351 ἦν,
1792 1317 1828 1348 ὡς

1059 1358 1095 1395 μὴ
1110 1359 1263 1397 ἐπιδραμεῖν
1280 1361 1312 1397 τῇ
1332 1360 1452 1399 εὖσεὸεία
1463 1382 1470 1395 ,
1489 1361 1511 1389 εἷ
1527 1361 1600 1399 παρὰ
1613 1361 1720 1389 πάντων
1741 1364 1825 1390 ταῦτα

1058 1403 1166 1441 ἐγίνετο.
1188 1404 1241 1433 Καὶ
1261 1405 1302 1433 ἵνα
1319 1405 1437 1442 μάθητε,
1458 1401 1493 1438 εἶς
1507 1401 1539 1441 ἦν
1551 1408 1564 1434 ὁ
1578 1407 1701 1440 Παῦλος,
1715 1406 1761 1435 καὶ
1779 1418 1824 1436 το-

1057 1450 1164 1482 σούτους
1177 1450 1355 1479 ἐπεσπάσατο.
1370 1452 1403 1480 Εἴ
1415 1451 1510 1484 πάντες
1521 1448 1588 1490 ἦμεν
1599 1456 1726 1489 τοιοῦτοι,
1741 1453 1826 1486 πόσας

1054 1495 1208 1533 οἰκουμένας
1223 1497 1270 1525 οὐκ
1283 1496 1313 1524 ἂν
1329 1497 1548 1535 ε’πεσπασάμεθα;
1561 1497 1630 1527 Ἰδοὺ
1640 1498 1746 1531 πλείους
1758 1499 1824 1528 εἷσὶν

1053 1544 1077 1569 οἱ
1092 1542 1246 1580 Χριστιανοὶ
1265 1544 1316 1570 τῶν
1334 1545 1449 1573 ἐθνικῶν.
1468 1544 1520 1573 Καὶ
1543 1545 1570 1572 ἐν
1592 1544 1638 1582 μὲν
1653 1548 1711 1577 ταῖς
1729 1545 1824 1578 ἄλλαις

1050 1587 1154 1626 τέχναις
1169 1584 1204 1621 εἷς
1220 1589 1312 1617 ἑκατὸν
1324 1591 1388 1627 ὁμοῦ
1403 1591 1499 1622 παῖδας
1518 1590 1618 1624 διδάξαι
1634 1590 1757 1620 δύναται·
1776 1593 1822 1621 ἐν-

1054 1637 1136 1663 ταῦθα
1160 1634 1186 1664 δὲ
1200 1637 1251 1663 τῶν
1273 1637 1438 1665 διδασκάλων
1457 1637 1585 1666 πλειόνιιιν
1599 1637 1691 1673 ὄντων,
1707 1636 1752 1666 καὶ
1769 1639 1822 1666 τῶν

1054 1683 1178 1718 μαθητῶν
1197 1683 1286 1721 πολλῷ
1301 1682 1438 1717 πλειόνων,
1455 1683 1538 1716 οὐδεὶς
1558 1683 1704 1721 πρόσεισιν.
1721 1685 1756 1712 Οἱ
1770 1684 1822 1724 γὰρ

1053 1727 1237 1765 διδασκόμενοι
1251 1728 1315 1766 πρὸς
1329 1728 1377 1763 τὴν
1391 1729 1443 1757 τῶν
1460 1729 1626 1757 διδασκάλων
1639 1729 1736 1767 ἀρετὴν
1751 1731 1822 1768 ὁρῶ-

1053 1784 1096 1801 σι·
1111 1773 1155 1801 καὶ
1170 1773 1232 1801 ὅταν
1254 1773 1328 1803 ἴδωσι
1343 1774 1387 1802 καὶ
1407 1777 1479 1813 ἡμᾶς
1490 1777 1542 1803 τῶν
1560 1776 1644 1803 αὐτῶν
1660 1777 1820 1814 ἐπιθυμοῦν-

1053 1831 1113 1855 τας,
1124 1821 1176 1847 τῶν
1188 1821 1272 1848 αὐτῶν
1284 1820 1447 1859 ἐφιεμένους,
1457 1824 1502 1849 τοῦ
1510 1821 1611 1860 ἄρχειν,
1623 1824 1668 1850 τοῦ
1679 1824 1820 1859 τιμᾶσθαι,

1052 1866 1108 1896 πῶς
1122 1865 1277 1900 δυνήσονται
1289 1865 1422 1903 θαυμάσαι
1434 1865 1478 1894 τὸν
1490 1866 1707 1905 χριιπιανισμόνς
1718 1865 1821 1905 “Ορῶσι

1054 1909 1124 1948 βίους
1135 1911 1320 1950 ε’πιληψίμους,
1333 1911 1419 1950 ψυχὰς
1428 1911 1520 1950 γηίνας
1529 1924 1535 1929 ·
1543 1911 1577 1940 τὰ
1587 1912 1714 1951 χρήματα
1724 1912 1821 1950 ὁμοίως

1052 1958 1138 1990 αὐτοῖς
1158 1957 1336 1994 θαυμάζομεν,
1360 1958 1451 1996 πολλῷ
1471 1957 1498 1986 δὲ
1513 1957 1558 1986 καὶ
1571 1957 1649 1986 πλέον
1661 1969 1667 1974 “
1681 1957 1724 1985 τὸν
1741 1957 1820 1986 θάνα-

1051 2015 1094 2031 τον
1107 2003 1203 2041 ὁμοίως
1216 2005 1302 2036 αὐτοῖς
1317 2003 1494 2043 πεφρίκαμεν,
1509 2003 1601 2032 πενίαν
1615 2003 1712 2042 ὁμοίως
1725 2003 1821 2042 φοὸού-

1053 2050 1135 2085 μεθα,
1159 2048 1223 2087 πρὸς
1251 2048 1342 2081 νόσους
1366 2048 1462 2087 ὁμοίιος
1486 2048 1704 2089 δυσχεραίνομεν,
1722 2049 1820 2087 ὁμοίως

1052 2094 1126 2130 δόξης
1143 2096 1244 2134 ἐρῶμεν
1258 2095 1303 2124 καὶ
1326 2095 1492 2131 δυναστείας,
1507 2095 1573 2134 ὑπὲρ
1586 2094 1757 2135 φιλαρῃιρίας
1770 2107 1818 2124 κα-

1052 2140 1226 2174 τακόπτοντες
1251 2140 1373 2175 ἑαυτοὺς,
1402 2141 1463 2173 τοὺς
1495 2140 1600 2180 καιροὺς
1632 2140 1820 2178 θεραπεύομεν.

1051 2187 1136 2215 Πόθεν
1153 2183 1197 2216 οὖν
1213 2187 1304 2226 ἔχουσι
1318 2189 1476 2222 πιστεῦσαι,
1500 2187 1552 2216 ἀπὸ
1568 2187 1702 2225 σημείων;
1717 2187 1777 2216 ἀλλ’
1788 2189 1818 2215 οὔ

1050 2233 1149 2271 γίνεται
1164 2236 1262 2261 ταῦτα·
1280 2234 1338 2262 ἀλλ’
1357 2233 1409 2262 ἀπὸ
1421 2235 1468 2268 τ’ἧς
1481 2234 1661 2272 ἀναστροφῆς
1676 2233 1735 2261 ἀλλ’
1751 2232 1818 2263 ἀπό-

1049 2280 1150 2306 λωλεν·
1167 2280 1225 2307 ἀλλ’
1248 2279 1299 2307 ἀπὸ
1323 2281 1370 2314 τῆς
1397 2278 1519 2317 ἀγάπης,
1537 2279 1595 2307 ἀλλ’
1622 2279 1735 2316 οὐδαμοῦ
1760 2277 1818 2307 οὐδὲ

1048 2323 1119 2362 ἴχνος
1136 2326 1216 2359 αὐτῆς
1230 2327 1332 2363 ὁρᾶται.
1347 2324 1399 2353 Διὰ
1415 2328 1492 2353 τοῦτο
1507 2326 1535 2353 οὗ
1548 2326 1599 2353 τῶν
1614 2324 1750 2363 ἡμετέρων
1769 2323 1817 2362 μό-

1048 2381 1090 2398 νον
1105 2369 1314 2409 ἁμαρτημάτων,
1326 2370 1394 2399 ἇλλὰ
1406 2370 1451 2398 καὶ
1461 2373 1507 2406 τῆς
1518 2370 1613 2408 ἑτέρων
1629 2369 1730 2408 {notem
1740 2372 1818 2408 ἡμεῖς

1708 2415 1716 2425 Ι

252 2415 334 2444 tiones
348 2417 482 2446 dabimus.
492 2419 690 2457 Resipiscamus
705 2420 992 2460 tandem,vigitemus,
1013 2429 1030 2449 A
1049 2415 1124 2453 Λόγον
1145 2416 1282 2454 ὓφέξομῑν·
1303 2415 1488 2455 Ἀνανήψῡψὲν
1504 2428 1582 2452 παῖε,
1599 2426 1816 2455 ΥΡηΥοΡησωμ-Εν,

253 2461 279 2489 in
295 2468 364 2490 terra
385 2463 524 2494 coelestem,
539 2465 624 2492 vitam
636 2465 812 2495 exhibeamus
831 2479 838 2503 3
855 2467 993 2505 dicamus,

253 2508 361 2535 Nostra
370 2512 551 2537 conversatio
561 2512 592 2538 in
603 2511 681 2539 ecelis
692 2518 744 2545 est,
754 2519 778 2540 et
790 2512 817 2541 in
829 2519 897 2542 terra
907 2522 990 2543 certa-

252 2554 322 2582 mina
334 2554 515 2583 exhibeamus.
532 2556 583 2584 Sed
597 2557 701 2586 fuerunt
715 2559 786 2597 apud
800 2570 861 2597 nos,
875 2561 990 2599 inquieS,

1049 2463 1172 2501 δείξωμεν
1198 2463 1331 2492 πολιτείαν
1353 2464 1396 2492 ἐπὶ
1416 2466 1464 2503 γῆς
1489 2463 1616 2504 οὗρανίον,
1635 2463 1755 2502 λέγωμεν
1775 2465 1816 2494 ὅτι

1046 2515 1123 2551 ἡμῶν
1137 2514 1167 2542 τὸ
1178 2513 1326 2551 πολίτευμα
1344 2515 1370 2542 ἐν
1382 2515 1483 2553 οὐρανῷ
1502 2513 1632 2553 ὑπάρχει,
1651 2514 1696 2543 καὶ
1710 2514 1754 2544 ἐπὶ
1767 2517 1815 2554 γ’ῆς

1048 2563 1094 2598 τὴν
1110 2564 1218 2599 ἄθλησιν
1231 2564 1427 2601 ἐπιδειξώμεθα.
1441 2564 1509 2592 Ἀλλ’
1523 2564 1650 2602 ἐγένοντο.
1662 2565 1739 2603 νφησι,
1750 2566 1814 2603 παρ’
