1893 2860
273 188 296 223 (i
304 199 343 222 20
612 195 640 217 s.
669 194 807 217 somnis
834 191 1014 215 cunvsosr.

276 263 297 291 si
312 261 492 299 [uuusquisque
509 266 625 288 vestrum
638 259 738 287 habens
752 258 873 293 domum,
889 266 1011 285 uxorem-

275 318 326 346 que
350 313 374 334 et
395 306 464 334 filios
479 311 503 334 et
517 315 608 333 servos
621 315 688 342 quos
702 311 796 342 regat,
815 303 884 331 nlius
904 301 1013 340 quidem

275 353 379 392 plures,
400 351 469 380 alius
490 361 552 379 vcro
567 350 704 390 pauciores
714 373 722 387 ‚
744 350 771 378 in
786 356 841 378 tam
862 347 954 388 paucis
969 353 1012 375 ta-

275 408 335 426 men
358 404 383 426 et
405 403 546 425 numeratu
567 403 622 424 tam
645 396 769 424 facilibus
782 418 790 433 ‚
807 395 891 423 multa
907 403 1014 432 peccare

276 453 327 471 non
341 449 370 471 ut
383 443 441 471 vult
455 442 577 481 cogitur,
592 448 637 470 aut
653 441 783 477 nesciens,
797 447 843 469 aut
856 440 948 469 volens
962 438 1014 467 ali-

275 488 340 526 quid
358 488 488 527 corrigere
504 499 509 514 :
529 487 613 515 multo
628 486 713 525 magis
727 496 774 515 nos
789 486 837 524 qui
853 491 924 513 tanto
941 494 1012 523 prm·

274 545 366 562 sumus
387 534 495 573 populo.
511 533 545 561 Et
564 543 612 562 vos
632 532 723 561 adhuc
737 531 899 571 multiplicet
913 529 1013 558 Domi-

275 590 334 613 nus,
354 586 379 608 ct
400 589 448 608 vos
469 578 608 607 benedicat
622 588 720 617 parvos
735 588 796 606 cum
815 576 927 615 magnis.
941 575 1012 604 Nam

273 627 321 656 etsi
343 638 377 655 cx
392 626 565 655 multitudine
586 636 682 664 magna
705 625 824 654 nascitur
839 622 1011 657 sollicitudo,

274 683 325 702 non
340 683 472 701 cessamus
487 679 574 700 tamen
585 671 687 711 precari
699 678 729 699 ut
742 681 771 699 ea
785 681 847 699 cura
864 669 940 698 nobis
957 678 1011 696 erc-

274 726 340 756 scat,
352 725 378 747 ct
386 718 578 757 augeaturliaec
590 716 746 755 multitudo,
758 717 858 755 fiatque
868 714 1012 753 multiplex

275 772 299 793 ct
313 764 427 793 infinita.
438 765 508 792 Nam
522 770 609 803 patres
621 773 736 802 quoquc,
751 762 800 791 etsi
815 770 954 790 numerosa
969 770 1012 788 so-

274 810 347 839 boles
359 821 402 839 eos
410 821 479 849 saepc
491 810 600 846 cruciat,
612 809 717 837 nullum
729 815 815 836 tamen
828 807 922 836 volunt
932 805 1010 834 amit-

275 864 338 886 tere.
361 857 460 885 Omnia
479 855 557 884 vobis
577 862 602 884 ct
624 855 702 883 nobis
722 854 851 893 ecqualia,
875 860 902 882 et
921 853 1012 881 eadem

274 911 336 933 sunt
356 905 488 932 bonorum
506 903 594 942 capita
617 914 623 929 :
641 912 693 930 non
711 912 760 940 ego
783 900 891 939 quidem
917 899 1012 939 majori

274 951 367 990 copia,
391 961 437 979 vos
458 950 547 978 aute'm
569 948 685 984 minori,
709 958 789 976 sacrae
804 957 897 975 sumus
916 957 1013 975 mensae

273 996 416 1035 participes
430 1018 436 1031 ‚
451 994 499 1024 scd
516 994 623 1033 utrique
643 1004 702 1022 cam
723 993 848 1022 similiter
866 992 1010 1031 tangimus.

274 1043 303 1071 Si
324 1049 413 1071 autem
433 1052 481 1080 ego
503 1041 578 1080 prior
592 1063 599 1075 ‚
613 1051 666 1069 non
684 1040 773 1078 magni
789 1039 870 1068 refert
886 1050 892 1066 :
909 1049 971 1066 nam
988 1044 1014 1066 et

272 1089 341 1117 inter
352 1088 450 1117 liberos
461 1088 547 1127 major
561 1094 624 1115 natu
638 1086 712 1126 prior
727 1096 837 1114 manum
848 1084 969 1114 extendit
979 1083 1014 1113 ad

272 1135 383 1175 epulas5
399 1134 444 1163 scd
465 1145 498 1162 ex
512 1144 542 1162 eo
556 1140 644 1162 tamen
659 1132 727 1161 nihil
738 1131 879 1169 accrescit,
893 1130 939 1159 sed
953 1137 1015 1159 sunt

273 1180 352 1209 nobis
371 1180 460 1209 omnia
477 1178 589 1218 aequalia
605 1190 611 1206 ε
628 1177 754 1206 salutaris
781 1184 807 1206 et
829 1187 888 1215 quae
912 1176 1015 1204 animas

274 1233 376 1254 nostras
395 1225 512 1254 continet
530 1224 587 1253 vita
598 1246 606 1258 ‚
632 1233 692 1252 eum
713 1222 806 1252 eodem
821 1222 922 1251 honore
935 1222 1015 1250 datur

274 1271 402 1309 utrisque.
417 1271 477 1299 Non
490 1280 538 1308 ego
551 1268 661 1308 quidem
678 1268 787 1297 alterius
811 1267 878 1304 ovis,
899 1277 949 1296 vos
965 1278 1014 1295 au—

272 1323 326 1345 tem
336 1316 454 1353 alterius,
465 1315 510 1344 sed
519 1313 637 1354 ejusdem
648 1324 738 1343 omnes
750 1324 843 1343 sumus
854 1312 1013 1352 participes:

272 1364 344 1392 idem
354 1363 487 1403 baptisma
501 1362 631 1391 habemus
646 1362 753 1400 utrique
762 1384 770 1400 ‚
784 1371 838 1390 uno
849 1360 953 1399 dignati
965 1370 1014 1388 su·-

272 1421 333 1439 mus
354 1410 462 1449 spiritu,
477 1409 512 1438 ad
530 1408 602 1437 idem
616 1418 728 1447 regnum
747 1408 854 1446 utrique
871 1406 1014 1436 contendi-

272 1467 348 1493 mus3
362 1456 456 1484 fratres
469 1455 570 1484 Christi
590 1454 715 1482 similiter
729 1464 821 1482 sumus
833 1452 940 1482 :omnia
952 1459 1014 1481 sunt

273 1502 350 1530 nobis
373 1501 533 1530 communia.
549 1501 580 1529 Iu
598 1510 715 1539 quonam
743 1509 792 1538 ego
811 1509 943 1539 exsupero
955 1499 968 1526 ?
982 1499 1012 1527 In

273 1547 362 1583 curis,
378 1547 404 1576 in
417 1546 555 1575 laboribus
565 1569 571 1580 ‚
590 1546 617 1575 in
637 1545 879 1579 sollicitudinibus,
896 1555 926 1573 eo
939 1544 1014 1583 quod

273 1604 323 1633 pro
344 1593 422 1623 vobis
439 1593 524 1622 doleo.
545 1591 600 1621 Sed
620 1592 689 1620 nihil
707 1598 746 1620 est
767 1591 818 1620 hoc
839 1590 931 1619 dolore
949 1601 1011 1619 sua-

272 1640 342 1668 vius.
374 1640 443 1668 Nam
469 1645 494 1667 et
518 1644 602 1666 mater
624 1637 717 1666 dolens
740 1646 789 1676 pro
818 1636 874 1664 filio
890 1657 898 1673 ,
923 1635 1013 1665 dolore

272 1684 436 1719 delectatur,
465 1683 498 1712 de
523 1684 578 1712 suis
605 1683 673 1712 natis
697 1689 736 1711 est
757 1681 886 1717 sollicita,
908 1681 1013 1710 laelatur

273 1729 510 1759 sollicitudinibus.
527 1729 609 1766 Atqui
628 1727 781 1757 sollicitudo
800 1727 909 1765 quidem
923 1737 970 1766 per
985 1738 1012 1756 se

274 1787 316 1805 res
338 1783 377 1804 est
396 1785 503 1810 amara,
524 1774 571 1802 sed
592 1773 700 1812 quando
719 1784 748 1802 ea
768 1773 848 1801 fuerit
862 1782 911 1812 pro
926 1773 1009 1807 filiis,

273 1822 387 1851 multam
396 1820 478 1849 habet
489 1820 662 1859 voluptatem.
674 1819 777 1848 Multos
788 1829 822 1848 ex
832 1818 912 1847 vobis
923 1820 1012 1857 genui,

274 1869 320 1898 sed
334 1875 422 1908 postea
437 1868 545 1896 suerunt
556 1867 661 1896 dolores
675 1873 775 1906 partus.
788 1867 858 1895 Nam
872 1866 946 1905 apud
957 1876 1012 1894 ma-

274 1922 326 1944 tres
340 1914 447 1953 quidem
459 1913 610 1953 corporales
621 1913 697 1952 prius
707 1919 768 1941 sunt
778 1912 897 1950 dolores,
912 1919 937 1941 et
949 1919 1013 1941 tunc

274 1967 312 1990 est
324 1967 416 2000 partus
430 1971 435 1986 :
447 1959 492 1987 hic
502 1965 592 1987 autem
605 1958 640 1987 ad
654 1958 779 1987 ultimam
795 1968 879 1996 usque
898 1958 1013 1997 respira-

275 2008 375 2035 tionem
390 2011 452 2034 sunt
470 2005 591 2041 dolores,
607 2015 640 2032 ne
660 2011 721 2044 post
738 2011 845 2043 partum
860 2004 894 2033 sit
909 2003 1012 2042 aliquid

275 2053 429 2082 abortivum
447 2064 455 2089 ;
481 2052 563 2090 idque
584 2062 632 2090 ego
648 2051 780 2080 desidero.
796 2053 865 2080 Nam
878 2052 925 2080 etsi
944 2052 1013 2081 alius

276 2110 346 2139 saepc
368 2099 477 2139 genuit,
500 2109 549 2138 ego
575 2105 663 2127 autem
689 2098 760 2126 curis
773 2098 890 2127 dilanior
906 2110 912 2126 x
928 2109 1013 2137 neque

276 2146 346 2174 enim
359 2157 393 2175 ex
408 2145 484 2174 nobis
495 2155 668 2184 generamus,
683 2142 728 2173 sed
743 2151 829 2173 totum
839 2151 878 2173 est
892 2145 941 2174 Dei
953 2156 1013 2184 gra-

276 2192 330 2220 tiae.
354 2191 383 2220 Si
400 2198 488 2219 autem
509 2190 588 2219 ambo
609 2190 729 2230 parimus
747 2201 796 2229 per
808 2190 945 2230 spiritum,
961 2202 1012 2220 non

276 2237 441 2266 aberraveris
451 2260 459 2275 ,
472 2237 529 2265 siet
543 2247 587 2265 eos
603 2237 649 2275 qui
663 2247 697 2265 ex
714 2247 755 2265 me
769 2238 824 2265 nati
840 2244 902 2266 sunt
907 2260 916 2275 ,
930 2238 1012 2274 illius,

277 2288 302 2309 et
313 2292 356 2310 eos
366 2280 458 2319 quiex
468 2280 515 2310 illo
525 2281 579 2309 nati
590 2287 662 2316 sunt,
674 2291 746 2309 meos
755 2281 940 2320 appellaveris.
951 2282 1013 2311 Haec

277 2325 365 2353 onmia
379 2325 508 2364 cogitate,
523 2331 547 2352 et
568 2335 677 2353 manum
691 2325 836 2364 porrigite,
852 2332 882 2353 ut
897 2325 954 2354 sitis
966 2336 1011 2354 no-

277 2375 330 2396 stra
345 2369 477 2406 gloriatio,
492 2375 517 2397 ct
531 2379 578 2397 nos
591 2375 688 2405 vestra,
705 2369 732 2397 in
747 2369 792 2397 die
806 2369 915 2398 Domini
930 2371 1013 2398 nostri

278 2412 340 2439 Jesu
362 2412 463 2440 Christi
487 2424 493 2439 :
517 2423 597 2450 quem
620 2412 699 2441 detur
720 2413 844 2441 omnibus
859 2413 935 2442 nobis
952 2424 1011 2442 cum

280 2455 376 2484 liducia
391 2457 493 2495 videre,
508 2458 534 2486 in
550 2457 657 2486 Christo
669 2459 731 2488 Jesu
742 2458 857 2487 Domino
870 2465 970 2488 nostro.

1045 192 1186 215 AncntEP
1194 208 1200 215 .
1229 193 1291 216 CON
1297 191 1482 216 STANT1NOP
1489 205 1495 213 .

1068 255 1154 284 πολλὰ
1175 256 1345 295 ἁμαρτάνειν,
1362 258 1410 295 οὐχ
1422 258 1456 288 ὡς
1480 254 1618 293 βούλεται,
1641 252 1831 291 ἀναγκάζεται,

1067 300 1084 335 ἢ
1097 301 1133 339 μὴ
1147 301 1222 333 εἰδὼς
1231 323 1238 337 ,
1249 301 1266 335 ἢ
1279 301 1418 339 empnam(
1430 313 1455 329 τι
1472 300 1641 339 βουλόμενος·
1657 300 1747 337 πολλῷ
1765 300 1831 336 μᾶλ-

1066 347 1110 374 λον
1125 349 1201 384 ἡμεῖς
1216 346 1299 383 δήμου
1317 346 1438 375 τοσούτου
1454 348 1625 385 προεστῶτες.
1641 344 1692 373 Καὶ
1708 344 1745 372 ἔτι
1758 345 1831 379 πλη-

1068 391 1141 419 θύναι
1160 393 1228 430 ὑμᾶς
1242 394 1255 420 ὁ
1270 391 1379 430 Κύριος,
1396 391 1441 419 καὶ
1455 391 1592 429 εὐλογῆσαι
1610 392 1693 427 ὑμᾶς,
1707 389 1765 422 τοὺς
1784 401 1831 426 μι-

1067 436 1143 476 κροὺς
1154 437 1221 475 μετὰ
1232 439 1283 466 τῶν
1297 436 1426 475 μεγάλων.
1438 437 1472 465 Εἰ
1485 436 1536 476 γὰρ
1548 437 1592 465 καὶ
1606 436 1707 474 μεγάλη
1723 437 1738 469 ἡ
1754 445 1832 473 φρον-

1066 484 1105 516 τὶς
1115 484 1167 512 ἀπὸ
1181 487 1225 512 τοῦ
1238 483 1353 518 πλήθους
1365 482 1480 521 γίνεται,
1499 481 1568 519 ὅμως
1582 483 1610 510 οὐ
1629 481 1766 519 παυόμεθα
1785 481 1830 508 εὖ-

1066 529 1174 568 χόμενοι
1199 529 1342 565 αὐξηθῆναι
1359 529 1405 563 τὴν
1427 527 1550 567 φροντίδα
1572 527 1668 562 ταύτην
1689 531 1763 565 ἡμῖν,
1787 526 1831 554 καὶ

1065 576 1217 610 ἐπιδοθῆναι
1231 575 1302 604 τουτὶ
1317 575 1346 603 τὸ
1360 575 1473 609 πλῆθος,
1490 573 1534 602 καὶ
1548 573 1743 601 πολλαπλάσιον
1757 571 1831 610 γενέ-

1041 631 1045 637 ·
1066 624 1125 650 σθαι
1147 621 1191 650 καὶ
1207 621 1323 659 ἄπειρον.
1337 620 1389 648 Καὶ
1400 620 1451 659 γὰρ
1466 619 1594 658 πατέρες,
1613 618 1699 646 καίτοι
1715 619 1764 647 ὑπὸ
1784 620 1831 651 τῆς

1064 666 1239 699 πολυπαιδίας
1250 665 1377 697 πολλάκις
1391 665 1564 702 κοπτόμενοι,
1582 663 1652 702 ὅμως
1667 663 1758 693 οὐδένα
1771 663 1832 702 βού-

1063 714 1153 740 λονται
1173 712 1325 740 ἀποδαλεὶν.
1353 712 1448 740 Πάντα
1468 713 1531 748 ἡμῖν
1556 709 1601 738 καὶ
1619 711 1680 747 ὑμῖν
1704 709 1759 743 ἴσα,
1787 708 1832 736 καὶ

1064 757 1130 786 αὐτὰ
1142 757 1175 786 τὰ
1191 758 1321 796 κεφάλαια
1337 759 1388 786 τῶν
1400 758 1514 795 ἀγαθῶν.
1533 756 1573 784 Οὐ
1585 755 1653 793 μετὰ
1663 754 1770 787 πλεόνος
1785 754 1832 792 μὲν

1022 815 1058 834 536
1066 803 1116 842 ἐγὼ
1139 803 1288 842 δαψιλείας,
1313 805 1386 841 ὑμεῖς
1401 803 1428 831 δὲ
1444 802 1512 840 μετὰ
1533 802 1669 833 ἐλάττονος
1686 800 1831 839 μετέχομεν

1031 844 1049 865 Α
1065 851 1111 883 τῆς
1134 850 1205 887 ἱερᾶς
1227 848 1374 887 τραπέζης,
1398 849 1456 877 ἀλλ’
1481 847 1577 886 ὁμοίιος
1600 847 1720 886 ἑκάτεροι
1734 845 1832 880 ταύτης

1066 893 1245 932 ἐφαπτόμεΟα.
1262 895 1294 922 Εἴ
1309 893 1336 922 δὲ
1349 894 1400 931 ἐγὼ
1414 894 1555 933 πρότερος,
1569 892 1640 922 οὐδὲν
1655 896 1731 921 τοῦτο
1748 891 1815 929 μέγα
1825 911 1832 924 ,

1066 939 1122 968 ἐπεὶ
1141 939 1185 967 καί
1200 940 1226 967 ἐν
1241 944 1293 972 τοῖς
1311 940 1401 968 παισὶν
1416 942 1430 968 ὁ
1450 939 1625 978 πρεσὸύτερος
1638 938 1762 978 πρότερος
1784 936 1832 971 τὴν

1066 990 1144 1024 χεῖρα
1168 984 1275 1013 ἐκτείνει
1300 986 1335 1017 εἷς
1358 985 1405 1020 τὴν
1432 985 1560 1020 ἑστίασιν,
1583 984 1639 1012 ἀλλ’
1663 983 1735 1021 ὅμως
1761 982 1832 1011 οὐδὲν

1067 1031 1144 1059 πλέον
1159 1029 1231 1069 παρὰ
1245 1032 1321 1058 τοῦτο
1335 1030 1449 1068 γίνεται,
1464 1029 1533 1058 ἀλλὰ
1553 1029 1639 1058 πάντα
1660 1028 1706 1058 ἴσα
1719 1030 1782 1066 ἡμῖν
1795 1040 1801 1046 ·
1815 1031 1832 1063 ἡ

1067 1076 1194 1116 σωτήριος
1208 1076 1253 1104 καὶ
1264 1078 1280 1111 ἡ
1293 1075 1438 1114 συνέχουσα
1450 1075 1497 1108 τὰς
1512 1074 1598 1114 ψυχὰς
1607 1076 1683 1112 ἡμῶν
1696 1073 1749 1108 ζωὴ
1766 1073 1832 1112 μετὰ

1067 1124 1113 1156 τῆς
1131 1122 1210 1156 αὐτῆς
1224 1123 1304 1160 τιμῆς
1321 1121 1454 1160 ἑκατέροις
1475 1121 1584 1150 δίδοται.
1604 1121 1665 1159 Οὐχ
1679 1119 1768 1158 ἑτέρου
1783 1119 1831 1158 μὲν

1067 1167 1119 1205 ἐγὼ
1137 1167 1286 1207 προὲάτου,
1306 1166 1394 1205 ἑτέρου
1410 1166 1436 1195 δὲ
1449 1168 1537 1204 ὑμεῖς,
1555 1165 1623 1194 ἀλλὰ
1634 1167 1679 1194 τοῦ
1692 1165 1770 1193 αὐτοῦ
1787 1177 1833 1203 με-

1067 1212 1179 1252 τέχομεν
1194 1213 1290 1246 πάντες
1301 1225 1306 1230 ·
1323 1212 1352 1241 τὸ
1376 1213 1516 1251 βάπτισμα
1530 1211 1560 1241 τὸ
1575 1211 1638 1240 αὐτὸ
1658 1211 1754 1250 ἔχομεν
1768 1211 1834 1240 ἐκά-

1067 1270 1153 1298 τεροι,
1181 1259 1328 1298 πνεύματος
1352 1258 1501 1297 ἠξιώθημεν
1527 1258 1600 1295 ἑνὸς,
1616 1257 1659 1286 ἐπὶ
1681 1257 1729 1292 τὴν
1753 1256 1833 1292 αὐτὴν

1033 1307 1051 1330 B
1070 1304 1206 1343 βασιλείαν
1222 1304 1365 1342 σπεύδομεν
1381 1304 1512 1343 ἑκάτεροι,
1528 1305 1633 1343 ἀδελφοὶ
1645 1302 1741 1341 ὁμοίως
1755 1302 1833 1340 ἐσμὲν

1068 1354 1113 1379 τοῦ
1127 1351 1258 1390 Χριστοῦ·
1270 1350 1357 1378 πάντα
1377 1353 1441 1388 ἡμῖν
1464 1350 1547 1378 κοινά.
1560 1350 1616 1378 Ποῦ
1639 1351 1682 1377 οὖν
1708 1348 1738 1377 τὸ
1755 1347 1833 1377 πλέον

1068 1397 1145 1434 ἓμοῧ;
1160 1396 1206 1424 Ἔν
1219 1400 1276 1428 ταῖς
1289 1395 1431 1433 φροντίσιν,
1443 1397 1469 1424 ἐν
1481 1399 1534 1428 τοῖς
1551 1394 1656 1429 πόνοις,
1671 1395 1697 1422 ἐν
1716 1398 1773 1426 ταῖς
1788 1405 1833 1431 με-

1069 1441 1172 1481 ρίμναις
1181 1464 1188 1473 ,
1204 1443 1230 1470 ἐν
1244 1443 1282 1480 τῷ
1293 1441 1380 1479 ἀλγεῖν
1395 1441 1460 1479 ὑπὲρ
1470 1442 1552 1478 ὑμῶν.
1567 1439 1638 1469 Ἀλλ’
1651 1439 1722 1468 οὐδὲν
1737 1439 1834 1473 ταύτης

1066 1490 1114 1522 τῆς
1128 1486 1268 1525 ἀλγηδόνος
1281 1486 1354 1521 ἥδιον
1367 1498 1372 1504 ·
1387 1486 1444 1515 ἐπεὶ
1464 1486 1508 1514 καὶ
1524 1485 1613 1525 μήτ-ηρ
1633 1486 1749 1524 ἀλγοῦσα
1767 1485 1833 1524 ὑπὲρ

1066 1536 1112 1561 τοῦ
1126 1533 1234 1568 παιδὸς,
1249 1532 1340 1567 ἥδεται
1361 1534 1393 1571 τῇ
1409 1531 1547 1571 ἀλγηδόνι,
1562 1530 1691 1571 φροντίζει
1702 1530 1768 1570 ὑπὲρ
1780 1533 1832 1559 τῶν

1066 1578 1220 1617 τεχθέντων,
1235 1578 1279 1606 καὶ
1294 1577 1458 1617 εὐφραίνεται
1469 1577 1513 1606 ἐπὶ
1527 1581 1584 1609 ταῖς
1603 1576 1735 1616 φροντίσι·
1747 1575 1834 1605 καίτοι

1066 1637 1096 1663 γε
1109 1626 1126 1659 ἡ
1139 1624 1243 1663 φροντὶς
1257 1626 1315 1652 καθ’
1338 1623 1431 1659 ἑαυτὴν
1452 1622 1545 1663 πικρόν
1556 1634 1563 1640 ·
1578 1622 1637 1651 ἀλλ’
1649 1621 1711 1651 ὅταν
1725 1634 1755 1661 γε
1768 1621 1833 1660 ὑπὲρ

1066 1670 1167 1699 παίδων
1181 1669 1305 1708 γένηται,
1320 1669 1420 1705 πολλὴν
1445 1669 1500 1708 ἔχει
1523 1668 1571 1702 τὴν
1593 1667 1699 1704 ἡδονήν.
1716 1666 1833 1700 Πολλοὺς

1066 1717 1138 1754 ὑμῶν
1151 1715 1276 1754 ἐγέννησα
1284 1738 1291 1751 ,
1305 1715 1373 1744 ἀλλὰ
1385 1714 1451 1753 μετὰ
1462 1717 1546 1743 ταῦτα
1558 1714 1584 1741 αἱ
1598 1714 1696 1746 ὠδῖνες.
1708 1712 1773 1742 Ἐπὶ
1785 1712 1832 1751 μὲν

1065 1761 1116 1801 γὰρ
1137 1763 1189 1789 τῶν
1210 1762 1368 1800 σωματικῶν
1384 1761 1506 1799 μητέρων
1531 1759 1655 1800 πρότερον
1678 1760 1705 1787 αἱ
1725 1760 1832 1794 ὠδῖνες,

1030 1811 1048 1834 C
1065 1807 1109 1835 καὶ
1133 1807 1192 1836 τότε
1206 1809 1219 1835 ὁ
1234 1806 1323 1840 τόκος·
1339 1808 1450 1836 ἐνταῦθα
1471 1805 1498 1835 δὲ
1522 1805 1615 1844 μέχρις
1629 1804 1742 1843 ἐσχάτης
1765 1805 1831 1832 ἀνα-

1065 1855 1146 1888 πνοῆς
1160 1854 1186 1881 αἱ
1199 1853 1304 1888 ὠδῖνες,
1318 1853 1354 1890 μή
1370 1864 1419 1881 που
1433 1864 1459 1880 τι
1478 1851 1523 1880 καὶ
1538 1850 1606 1889 μετὰ
1624 1850 1668 1879 τὸν
1685 1849 1759 1878 τόκον
1780 1851 1832 1888 ἀμ-

1065 1899 1218 1937 Ελωῦρίδιον
1229 1899 1347 1937 γένηται.
1362 1898 1414 1927 Καὶ
1426 1899 1544 1926 ἐπιποθῶ
1560 1896 1587 1925 δὲ
1601 1895 1663 1934 ἐγώ.
1679 1897 1712 1925 Εἰ
1725 1896 1776 1935 γὰρ
1786 1895 1831 1924 καὶ

1065 1944 1151 1983 ἕτερος
1167 1944 1288 1982 ἐγέννησε
1297 1943 1441 1979 πολλάκις,
1452 1943 1510 1971 ἀλλ’
1525 1943 1596 1980 ὅμως
1610 1941 1662 1980 ἐγὼ
1681 1946 1738 1974 ταῖς
1753 1953 1829 1981 φρον-

1066 1989 1120 2018 τίσι
1139 1989 1331 2027 διακόπτομαι·
1352 1989 1409 2018 οὐδὲ
1437 1988 1488 2027 γὰρ
1513 1987 1540 2021 ἐξ
1565 1989 1664 2016 ἑαυτῶν
1687 1989 1830 2025 γεννῶμεν,

1067 2035 1135 2064 ἀλλὰ
1148 2038 1195 2071 τῆς
1209 2035 1316 2074 χάριτός
1327 2036 1384 2064 ἐστι
1397 2037 1441 2064 τοῦ
1456 2035 1526 2064 Θεοῦ
1538 2034 1567 2062 τὸ
1583 2038 1646 2062 πᾶν.
1656 2034 1691 2062 Εἰ
1703 2032 1730 2061 δὲ
1747 2032 1832 2071 ἀμφό-

1066 2092 1136 2120 τεροι
1148 2081 1191 2110 διὰ
1205 2081 1352 2119 πνεύματος
1373 2080 1506 2118 τίκτομεν,
1527 2081 1576 2118 οὔχ
1595 2078 1776 2118 ἇμαρτήσεταί
1793 2089 1832 2110 τις

1066 2127 1111 2155 καὶ
1121 2127 1179 2159 τοὺς
1197 2128 1260 2166 παρ’
1273 2128 1337 2164 ἐμοῦ
1349 2126 1488 2165 τεχθέντας
1500 2125 1598 2154 ἐκείνου
1614 2123 1774 2164 προσειπὼν,
1786 2123 1831 2152 καὶ

1066 2173 1124 2205 τοὺς
1139 2174 1202 2212 παρ’
1216 2172 1314 2202 ἐκείνου
1325 2171 1412 2210 ἐμούς.
1422 2173 1515 2201 Ταῦτα
1529 2170 1560 2206 δὴ
1576 2170 1663 2200 πάντα
1674 2169 1812 2204 ἐννοήσατε
1821 2191 1829 2204 ,

1066 2219 1110 2247 καὶ
1123 2223 1199 2257 χεῖρα
1209 2217 1329 2257 ὀρέξατε,
1342 2217 1385 2246 ἵνα
1404 2217 1449 2245 καὶ
1469 2218 1545 2254 ὑμεῖς
1558 2215 1686 2255 καύχημα
1700 2216 1776 2252 ἡμῶν
1788 2214 1832 2252 γέ-

1065 2267 1158 2300 νησθε,
1169 2263 1214 2292 καὶ
1230 2266 1306 2301 ἡμεῖς
1320 2263 1391 2301 ὑμῶν
1403 2263 1429 2291 ἐν
1444 2264 1476 2301 τῇ
1491 2264 1516 2300 ἠΔ
1532 2262 1579 2302 ἐρα
1589 2264 1634 2290 τοῦ
1646 2259 1742 2300 Κυρίου
1754 2261 1830 2297 ἡμῶν

1066 2309 1154 2345 Ἰησοῦ
1177 2310 1309 2348 Χριστοῦ·
1324 2308 1355 2343 ἢν
1377 2307 1478 2345 γένοιτο
1500 2307 1567 2345 μετὰ
1587 2304 1736 2345 παῤῥησίας
1760 2307 1832 2343 ἡμᾶς

1067 2355 1183 2388 ἅπαντας
1198 2355 1270 2390 ἰδεῖν,
1285 2355 1310 2383 ἐν
1328 2354 1436 2392 Χριστῷ
1447 2352 1536 2389 Ἰησοῦ
1548 2353 1586 2391 τῷ
1601 2351 1690 2391 Κυρίῳ
1706 2352 1789 2389 ἡμῶν.
