1893 2860
80 753 102 767 2.
115 745 169 767 Cor.
181 743 203 773 sq.

81 808 147 842 Horti.
163 807 210 835 614

87 1930 171 1951 nauh.
190 1935 224 1951 ιο.

233 171 300 214 730
569 177 598 198 s.
629 175 768 198 Josnms

795 174 976 197 CHRYSOST.
1007 174 1147 196 Ancnfflr
1155 188 1161 195 .
1189 174 1251 196 CON
1257 174 1442 197 STAtvrm'ot‘
1449 188 1456 195 .

231 242 318 279 ipsum
330 239 467 267 declarans
480 236 545 265 dicit
563 248 569 263 :
587 237 698 264 Fidelis
711 245 813 271 sermo,
829 234 902 272 quod
918 234 963 272 qui
975 251 1010 269 sss
1020 238 1033 264 ὁ
1047 234 1136 273 λόγος,
1152 235 1191 263 ὅτι
1203 237 1216 263 ὁ
1232 237 1299 269 ζωῆς
1313 236 1430 273 οὐρανίου
1442 234 1538 274 τυχὼν,
1553 235 1597 262 καὶ
1612 233 1716 262 αἰωνίου
1727 232 1784 261 τεύ-

230 287 313 313 vitam
328 285 456 312 caelcstom
472 288 651 319 consequutus
667 287 715 315 est,
727 287 850 309 aeternam
859 290 966 318 quoque
985 279 1004 300 Α
1023 280 1101 313 ξεται.
1124 280 1209 308 Πόθεν
1224 281 1332 315 πιστός;
1352 282 1385 309 Εἰ
1401 281 1451 319 γὰρ
1468 280 1690 317 συναπεθάνομεν,
1706 278 1784 317 φησὶ,

233 330 375 358 obtinebit.
389 328 529 357 Undenam
541 327 629 355 fidelis
648 327 661 354 Ρ
679 327 748 361 Quia
759 327 790 355 Si
799 327 969 354 commortui

231 386 338 409 ςιιηιιις,
355 375 452 412 iuquit.
474 381 501 403 et
524 375 718 402 convivemus.
732 372 782 401 Dic
802 373 873 401 cuim
888 372 966 409 mihi,

229 423 251 449 si
267 423 293 449 in
309 421 409 460 asperis
423 427 447 448 ct
463 420 603 448 laboriosis
619 419 847 447 communicamus
869 419 920 453 illi,
941 419 968 446 in

229 468 306 496 bonis
320 478 371 495 uon
387 467 450 495 item
465 466 477 494 Ρ
501 469 535 494 At
556 466 584 494 id
599 477 631 494 ne
650 466 729 494 homo
743 465 851 503 quidem
863 465 967 501 faceret,

230 521 259 541 ut
273 523 334 541 eum
354 512 400 550 qui
416 522 505 540 secum
527 511 595 540 mori
621 519 647 540 et
671 511 754 549 affligi
778 510 927 549 delegisset,
945 510 967 538 si

229 557 336 596 quando
359 557 393 585 ad
417 557 533 595 quietem
548 557 661 592 veniret,
679 563 785 595 negaret
804 556 894 595 ipsum
917 555 968 583 sibi

231 611 378 633 consortem
399 614 464 632 esse.
491 603 546 632 L'bi
567 610 656 632 autem
679 603 836 631 commortui
853 603 969 631 sumus?

231 650 306 678 llauc
320 650 386 678 dicit
406 656 529 685 mortem,
553 657 578 678 ct
601 660 682 687 quain
707 660 754 688 per
780 649 928 683 lavacrum,
946 655 972 676 ct

232 706 290 724 eam
312 706 393 734 quarn
418 706 465 734 per
489 695 622 734 passiones
646 695 768 723 subimus
792 706 797 722 ι
816 694 854 722 ait
877 694 969 731 enim,

234 742 493 779 lllortificationem
507 742 630 769 Domini
641 743 672 768 in
687 751 804 778 corpore
816 746 914 767 nostro
921 741 972 767 cir-

234 788 425 825 cumferentes
435 798 448 822 ,·
463 793 498 823 ct,
514 787 683 824 Consepulti
696 795 795 813 sinnas
810 787 836 812 ei
847 796 898 823 per
918 787 972 813 ha—

232 835 367 872 ptismum
381 845 392 865 i
407 839 441 866 et,
456 834 541 860 setus
553 833 638 860 homo
648 838 745 859 noster
754 831 844 859 simul
854 831 971 869 crucifi-

233 890 288 908 λιἰις
297 885 356 911 est;
370 885 405 914 et,
423 879 623 916 Complantati
636 878 711 914 sacti
722 887 820 905 sumus
837 877 973 904 similim-

233 927 295 953 dim·
315 926 414 952 mortis
439 926 510 962 ejus.
539 923 590 950 Hic
607 932 670 951 vero
693 922 773 950 etiam
799 921 972 950 tentationum

232 977 344 998 mortem
360 969 491 1003 iusinuat3
508 968 562 995 imo
572 968 641 995 hanc
656 979 661 994 ε
674 978 734 995 nam
744 967 771 995 in
784 967 973 995 tentationibus

231 1022 296 1051 crat,
308 1026 370 1043 cum
388 1015 443 1042 brec
453 1013 593 1042 scribebat.
602 1013 659 1041 Hoc
672 1020 762 1041 autem
772 1013 831 1041 vult
842 1013 974 1051 significa-

232 1074 274 1091 re:
284 1063 312 1091 Si
326 1069 432 1101 propter
446 1061 533 1100 ipsum
545 1061 644 1088 mortui
655 1071 756 1095 sumus,
767 1070 853 1088 annon
864 1067 973 1099 propter

232 1109 321 1148 ipsun]
332 1107 477 1136 vivemus?
492 1107 541 1134 bac
553 1106 586 1135 de
600 1117 628 1134 re
642 1116 694 1134 non
711 1106 813 1143 ambigi
830 1112 924 1144 potest.
942 1106 973 1134 Si

231 1156 415 1188 sustinemus,
428 1152 525 1189 inquit,
537 1158 564 1180 et
573 1153 822 1190 conregnabimus.
835 1151 894 1179 Non
906 1151 973 1179 sim-

232 1199 338 1238 pliciter
350 1198 436 1233 dixit,
452 1196 774 1236 Conregnabimus‚sed‚
791 1197 822 1225 Si
843 1199 971 1225 sustine-

232 1255 312 1277 rnus;
323 1237 460 1272 ostendens
472 1254 524 1272 non
537 1243 600 1272 satis
610 1253 665 1271 esse
675 1243 755 1271 semel
765 1243 833 1271 mori
843 1243 972 1281 (quotidie

233 1288 397 1317 moriebatur
421 1288 514 1316 beatus
534 1288 606 1323 hic);
621 1287 667 1315 sed
694 1287 777 1315 multa
791 1287 918 1326 patientia
934 1294 972 1316 est

233 1343 311 1371 opus,
329 1342 382 1370 qua
396 1331 513 1359 maxime
527 1332 620 1370 egebat
637 1330 804 1359 Timotheus.
824 1331 864 1359 Ne
887 1331 972 1368 mihi,

234 1375 330 1414 inquit,
346 1376 436 1414 priora
448 1375 533 1409 dicas,
546 1374 591 1403 sed
605 1385 637 1403 an
649 1385 753 1414 semper
761 1374 799 1403 sic
808 1375 919 1403 affectus
927 1374 972 1404 sis.

235 1420 337 1449 Deinde
352 1432 386 1449 ex
406 1421 488 1449 altera
508 1431 614 1458 quoque
632 1427 706 1459 parte
731 1420 866 1455 hortatur,
883 1431 935 1448 non
958 1431 973 1449 a

233 1467 321 1503 bonis,
337 1466 385 1494 sed
397 1466 476 1494 etiam
491 1477 504 1494 a
516 1466 604 1494 malis.
621 1465 651 1494 Si
664 1465 734 1494 enim
744 1465 898 1493 eorumdem
911 1476 972 1494 cou-

234 1519 317 1540 sortes
333 1512 419 1540 forent
432 1511 559 1550 improbi,
584 1521 635 1538 non
651 1518 717 1539 esset
733 1510 789 1538 haec
805 1510 949 1538 consolatio
965 1522 972 1537 :

234 1558 292 1586 etsi
308 1557 353 1595 qui
372 1557 531 1585 sustinerent
545 1563 629 1584 essent
643 1556 752 1594 quidem
775 1555 971 1594 conregnaturi,

237 1603 281 1641 qui
301 1613 362 1631 vero
383 1613 435 1631 non
458 1602 617 1630 sustinerent
633 1602 683 1630 hoc
699 1602 785 1630 solum
800 1609 953 1640 paterentur
964 1624 971 1636 ,

235 1647 307 1686 quod
333 1658 384 1676 non
400 1654 589 1686 conregnarent
601 1659 608 1682 ;
621 1658 703 1686 grave
719 1654 787 1676 certe
802 1647 871 1675 illud
893 1654 973 1681 esset,

235 1691 366 1730 plurimos
386 1698 474 1719 tamen
490 1702 541 1719 non
556 1691 635 1719 valde
655 1691 796 1719 morderet.
817 1690 879 1718 Ideo
902 1690 973 1728 quod

235 1735 384 1763 terribilius
405 1741 443 1762 est
460 1734 527 1762 dicit
543 1746 549 1761 :
566 1734 597 1762 Si
612 1736 812 1773 negaverimus
831 1734 925 1768 illum,
945 1741 973 1762 et

236 1781 295 1817 ipse
311 1780 427 1817 negabit
440 1788 500 1806 nos.
520 1779 593 1815 Ergo
608 1788 660 1806 non
673 1777 699 1805 in
710 1777 786 1806 bonis
797 1784 910 1811 tantum,
927 1777 974 1806 sed

236 1824 315 1853 etiam
326 1824 352 1852 iu
368 1824 445 1852 malis
460 1824 646 1852 retributiones
661 1830 747 1854 erunt.
770 1824 796 1851 Is
811 1834 874 1852 vero
896 1835 974 1862 quem

237 1870 282 1898 ille
299 1870 436 1908 negaverit
448 1869 474 1897 in
487 1880 568 1908 regno
592 1880 640 1898 suo
658 1869 723 1907 quid
737 1879 864 1908 passurus
878 1869 912 1897 sit
929 1880 975 1898 co-

236 1916 325 1954 gitate.
345 1916 402 1953 Qui
416 1926 460 1943 me
475 1917 632 1954 negaverit,
656 1915 753 1952 inquit,
767 1916 875 1953 negabo
890 1915 975 1943 illum

238 1968 265 1990 et
279 1972 339 1999 ego.
362 1961 422 1989 Non
440 1971 490 1999 par
510 1967 549 1989 est
574 1960 725 1994 retributio,
751 1960 855 1988 etiamsi
866 1960 911 1988 ille
926 1961 976 1988 boc

236 2006 323 2035 dicere
336 2005 476 2034 videatur:
491 2016 538 2034 uos
549 2005 619 2033 enim
631 2005 753 2033 homines
768 2016 860 2033 sumus
875 2005 976 2043 quine-

236 2063 340 2091 gamus,
351 2051 397 2079 ille
409 2062 473 2081 vero
485 2052 558 2080 Deus
573 2058 611 2079 est
626 2064 630 2079 :
648 2058 777 2089 quantum
792 2061 854 2080 vero
870 2052 903 2080 sit
916 2051 976 2080 dis-

236 2099 336 2127 crimen
353 2100 439 2127 Deum
464 2098 533 2127 inter
557 2105 580 2126 et
601 2098 754 2135 hominem,
769 2098 834 2136 quid
851 2110 917 2138 opus
940 2106 978 2128 est

236 2145 324 2173 dicere
333 2145 346 2173 ,⁰

274 2192 304 2219 2.
317 2190 446 2228 Alioquin
458 2201 505 2219 nos
520 2190 591 2230 ipsos
604 2189 667 2219 inde
681 2191 902 2227 laedimus,iltu1n
915 2202 977 2221 vero

237 2235 361 2272 minime,v
370 2246 454 2273 neque
468 2247 620 2275 possumus.
636 2235 699 2264 Ideo
713 2237 853 2276 subjungit
865 2238 914 2265 boc
928 2237 978 2266 de-

237 2283 338 2312 clarans
352 2284 396 2312 :Si
408 2294 466 2312 non
476 2284 629 2319 credimus,
640 2284 691 2312 ille
704 2285 802 2321 fidelis
815 2292 978 2323 permanet;

239 2339 344 2367 negare
358 2331 482 2367 seipsum
491 2339 549 2356 non
562 2335 664 2367 potest.
686 2328 717 2357 ld
742 2337 790 2367 est,
807 2330 836 2359 Si
850 2341 901 2359 non
918 2341 976 2359 cre·
996 2339 1014 2362 E

241 2376 331 2403 dimus
346 2386 407 2403 cum
423 2376 611 2412 resurrexisse,
627 2376 695 2404 nihil
711 2376 772 2405 inde
786 2377 895 2406 laeditur
910 2378 976 2417 ipse:

241 2430 324 2447 verax
337 2428 385 2454 est,
405 2420 500 2449 firmus
515 2428 562 2456 est,
574 2421 631 2449 sive
649 2421 780 2457 dicamus,
798 2422 855 2452 sive
869 2434 932 2452 non.
949 2423 978 2452 Si

239 2476 302 2504 ergo
318 2467 386 2494 nihil
400 2477 414 2494 a
430 2468 505 2496 nobis
530 2469 690 2508 negantibus
711 2469 828 2509 laeditur,
852 2471 887 2499 ob
909 2471 976 2500 nihil

1023 326 1066 354 καὶ
1082 326 1237 363 συζήσομεν.
1265 325 1330 354 Εἰπὲ
1348 326 1398 365 γάρ
1418 338 1475 364 μοι,
1497 327 1523 354 ἐν
1547 331 1599 357 τοῖς
1623 327 1786 362 σκυθρωποῖς

1024 375 1196 409 κοινωνοῦμεν
1213 373 1282 410 αὐτῷ
1305 371 1349 399 καὶ
1364 373 1389 400 ἐν
1410 376 1462 403 τοῖς
1474 371 1554 400 κόπον
1568 372 1673 410 ἔχουσι,
1697 369 1742 398 καὶ
1759 370 1784 397 ἐν

1024 422 1078 450 τοῖς
1089 423 1213 457 χρηστοῖς
1223 417 1322 451 οὖκέτι;
1337 416 1415 445 Ἀλλὰ
1425 420 1499 445 τοῦτο
1513 419 1559 446 οὐκ
1573 417 1602 445 ἂν
1617 417 1673 446 οὐδὲ
1688 416 1787 453 ἅνθρω-

1025 476 1073 496 πος
1086 464 1226 498 ποιήσειεν,
1245 463 1312 491 ὥστε
1327 463 1370 491 τὸν
1386 461 1506 499 ἑλόμενον
1521 464 1590 500 αὐτῷ
1603 463 1787 491 συναποθανεῖν

1025 510 1069 538 καὶ
1084 509 1267 543 συνθλιδῆναι,
1281 509 1305 537 εἴ
1318 520 1382 536 ποτε
1391 508 1418 535 ἐν
1435 507 1519 536 ἀνέσει
1530 507 1654 545 γένηται,
1671 507 1788 545 ἀρνήσα-

1025 558 1084 583 σθαι
1099 556 1168 593 αὐτῷ
1180 554 1298 592 γενέσθαι
1311 552 1441 582 κοινωνόν.
1456 553 1511 581 Ποῦ
1526 552 1552 580 δὲ
1563 553 1788 590 συναπεθάνομεν;

1025 602 1124 630 Τοῦτον
1148 600 1219 638 λέγει
1234 600 1277 628 τὸν
1293 600 1411 635 θάνατον,
1432 600 1475 628 τόν
1491 611 1520 627 τε
1539 599 1581 627 διὰ
1595 601 1639 626 τοῦ
1662 599 1770 638 λουτροῦ
1781 620 1788 633 ,

1026 646 1070 675 καὶ
1084 646 1126 674 τὸν
1138 646 1180 674 διὰ
1196 647 1245 674 τῶν
1261 646 1425 682 παθημάτων
1434 657 1440 662 ·
1450 645 1513 684 φησὶ
1524 644 1588 682 γὰρ,
1599 643 1656 678 Τὴν
1665 644 1789 682 νέκρωσιν

1026 696 1071 720 τοῦ
1086 691 1181 731 Κυρίου
1193 693 1218 720 ἐν
1229 693 1266 730 τῷ
1279 691 1382 729 σώματι
1395 690 1590 730 περιφέροντες·
1603 690 1648 718 καὶ
1658 712 1665 725 ,
1677 690 1790 718 Συνετά-

1027 750 1111 777 φημεν
1127 739 1196 776 αὐτῷ
1214 738 1256 766 διὰ
1279 740 1324 766 τοῦ
1346 737 1542 775 βαπτίσματος·
1557 735 1615 770 καὶ,
1632 735 1666 764 ‘O
1679 735 1792 768 παλαιὸς

1026 787 1102 821 ἡμῶν
1117 784 1250 822 ἅνθρωπος
1268 782 1466 821 συνεσταυρώθη
1476 794 1482 799 ·
1496 782 1555 816 καὶ,
1568 781 1705 820 Σὺμφυτοι
1717 781 1792 819 γεγό-

1027 842 1106 868 ναμεν
1122 831 1158 868 τῷ
1173 829 1321 867 ὁμοιώματι
1335 832 1379 857 τοῦ
1396 829 1506 857 θανάτου
1520 830 1606 856 αὐτοῦ.
1621 827 1751 856 Ἐνταῦθα
1763 825 1790 855 δὲ

1027 876 1071 904 καὶ
1085 876 1127 904 τὸν
1142 878 1193 904 τῶν
1209 877 1364 915 πειρασμῶν
1387 875 1458 913 λέγει
1469 886 1474 892 ·
1490 878 1500 890 ³
1513 875 1612 911 μᾶλλον
1633 873 1661 902 δὲ
1681 877 1770 902 τοῦτον
1785 885 1790 890 ·

1028 921 1071 949 καὶ
1089 920 1138 959 γὰρ
1154 921 1179 948 ἐν
1194 924 1349 959 πειρασμοῖς
1366 916 1408 954 ἦν,
1425 920 1467 948 ὅτε
1481 922 1563 948 ταῦτα
1582 920 1701 958 ἔγραφεν.
1713 918 1750 947 ζῸ
1765 917 1792 947 δὲ

1027 967 1113 1005 λέγει,
1127 967 1203 995 τοῦτό
1218 968 1287 994 ἐστιν
1300 977 1306 983 ·
1327 968 1349 994 εἰ
1364 967 1395 994 δι’
1413 966 1489 994 αὐτὸν
1503 965 1678 1002 ἀπεθάνομεν,
1697 965 1729 992 δι’
1746 965 1793 992 αὗ-

1027 1013 1070 1041 τὸν
1096 1013 1124 1041 οὐ
1145 1013 1290 1050 ζησόμεθα;
1306 1011 1538 1050 ἀναμφισὸήτητον
1559 1010 1636 1039 τοῦτό
1658 1012 1737 1039 ἔστιν.
1758 1011 1793 1039 Εἰ

1027 1058 1201 1096 ὑπομένομεν,
1213 1058 1290 1097 φησὶ,
1306 1058 1350 1086 καὶ
1365 1057 1616 1095 συμὸασιλεύσομεν.
1629 1058 1691 1096 Οὐχ
1704 1057 1794 1089 ἅπλῶς

1027 1101 1083 1133 εἷπε
1092 1128 1098 1140 ,
1112 1104 1368 1142 συμὸασιλεύσομεν,
1379 1105 1446 1139 ἀλλ’,
1462 1105 1495 1132 Ei
1506 1104 1680 1141 ὑπομένομεν,
1694 1102 1793 1135 δεικνὺς

1027 1151 1065 1179 ὅτι
1080 1152 1126 1179 οὐκ
1138 1153 1212 1190 ἀρκεῖ
1228 1151 1258 1179 τὸ
1274 1150 1343 1183 ἅπαξ
1359 1152 1495 1178 ἀποθανεῖν
1508 1149 1584 1185 (καθ’
1598 1148 1711 1183 ἑκάστην
1727 1148 1794 1186 ἡμέ-

1029 1209 1074 1236 ραν
1090 1196 1253 1231 ἀπέθνησκεν
1268 1198 1280 1224 ὁ
1296 1196 1424 1234 μακάριος
1439 1191 1511 1227 οἶτος
1522 1194 1531 1232 )
1541 1206 1547 1212 ·
1561 1193 1628 1223 ἀλλὰ
1643 1195 1681 1222 δεῖ
1693 1195 1794 1229 πολλῆς

1027 1244 1172 1279 ὑπομονῆς,
1192 1238 1223 1276 ἧς
1238 1242 1353 1280 μάλιστα
1379 1241 1429 1269 ἔδει
1449 1239 1581 1279 Τιμοθέῳ.
1596 1240 1641 1275 Μὴ
1661 1240 1711 1277 γάρ
1729 1251 1792 1277 μοι,

1027 1289 1103 1328 φησὶ,
1124 1288 1157 1317 τὰ
1174 1290 1266 1328 πρῶτα
1283 1287 1372 1326 εἴπῃς,
1387 1288 1444 1316 ἀλλ’
1459 1289 1481 1315 εἷ
1497 1286 1648 1319 διαπαντός.
1667 1281 1734 1315 Εἶτα
1748 1285 1793 1314 καὶ

1028 1335 1079 1362 ἀπὸ
1095 1336 1139 1362 τοῦ
1155 1334 1234 1362 ἄλλου
1253 1333 1346 1372 μέρους
1363 1332 1504 1371 προτρέπει
1517 1353 1524 1366 ,
1541 1333 1586 1360 οὐκ
1599 1331 1651 1360 ἀπὸ
1666 1333 1717 1360 τῶν
1729 1332 1794 1370 ἀγα-

1028 1382 1088 1414 θῶν,
1104 1379 1171 1408 ἀλλὰ
1186 1379 1230 1407 καὶ
1245 1379 1296 1407 ἀπὸ
1309 1380 1360 1406 τῶν
1375 1380 1472 1406 κακῶν.
1490 1379 1524 1406 Εἰ
1543 1377 1594 1415 γὰρ
1608 1377 1725 1415 με’λλοιεν
1742 1379 1794 1405 τῶν

1028 1426 1112 1453 αὐτῶν
1129 1424 1248 1462 μετέχειν
1260 1423 1304 1451 καὶ
1317 1424 1340 1451 οἱ
1351 1423 1475 1461 πονηροὶ,
1491 1424 1536 1451 οὔκ
1549 1422 1604 1451 ἔστι
1619 1425 1696 1451 τοῦτο
1709 1422 1794 1460 παρά-

1027 1471 1118 1504 κλησις
1131 1481 1137 1486 ·
1158 1469 1202 1497 καὶ
1219 1471 1241 1497 εἷ
1257 1469 1375 1506 μέλλοιεν
1390 1468 1577 1506 ὑπομείναντες
1592 1468 1640 1506 μὲν
1659 1467 1793 1506 συμὸασι-

1026 1515 1119 1548 λεύειν,
1130 1515 1166 1552 μὴ
1176 1514 1362 1552 ὑπομείναντες
1374 1514 1400 1542 δὲ
1412 1518 1486 1543 τοῦτο
1499 1514 1575 1551 μόνον
1584 1514 1708 1552 πάσχειν,
1716 1513 1745 1542 τὸ
1755 1513 1792 1551 μὴ

1028 1560 1239 1598 συμέασιλεύειν,
1257 1560 1338 1588 δεινὸν
1353 1559 1399 1597 μὲν
1413 1559 1457 1588 καὶ
1472 1563 1560 1594 τοῦτο,
1574 1559 1644 1593 πλὴν
1657 1558 1724 1588 ἀλλὰ
1735 1559 1793 1592 τοὺς

1028 1606 1137 1638 πολλοὺς
1152 1607 1201 1644 οὐχ
1216 1606 1304 1634 ἱκανὸν
1325 1606 1422 1634 δακεῖν.
1446 1605 1493 1634 Διὸ
1508 1605 1538 1634 τὸ
1552 1604 1730 1645 φοὸερώτερον
1751 1605 1794 1634 λε’·

1027 1663 1066 1689 γει
1076 1663 1082 1668 ·
1098 1652 1131 1680 Εἰ
1147 1651 1312 1689 ἀρνησόμεθα
1328 1651 1414 1685 αὐτὸν,
1430 1652 1548 1683 κάκεῖνος
1560 1651 1702 1689 ἀρνήσεται
1713 1653 1792 1688 ἡμᾶς.

1027 1697 1092 1736 Ἄρα
1113 1698 1158 1726 οὐκ
1183 1698 1209 1725 ἐν
1223 1701 1276 1729 τοῖς
1299 1701 1423 1735 χρηστοῖς
1439 1696 1525 1734 μόνον,
1542 1697 1609 1725 ἀλλὰ
1625 1696 1670 1725 καὶ
1692 1698 1718 1725 ἐν
1739 1701 1793 1730 τοῖς

1029 1743 1152 1774 ἐναντίοις
1164 1745 1190 1771 αἱ
1205 1743 1325 1780 demeat.
1339 1743 1392 1771 Τὸν
1406 1743 1432 1770 δὲ
1445 1743 1572 1781 ἀρνηθέτα
1587 1744 1612 1772 ἐν
1627 1745 1658 1781 τῇ
1672 1742 1793 1783 βασιλείᾳ

1030 1791 1108 1817 αὐτοῦ
1121 1788 1259 1823 ἐννοήσατε
1274 1788 1299 1816 τί
1310 1791 1400 1816 παθεῖν
1415 1787 1483 1820 εἰκός
1494 1799 1500 1805 ·
1519 1788 1570 1820 “Oq
1589 1787 1633 1816 ἐὰν
1648 1788 1794 1826 ἀρνήσηταί

1031 1846 1076 1872 με,
1092 1834 1178 1872 φησὶν,
1194 1834 1342 1873 ἀρνήσομαι
1357 1833 1430 1871 κάγὼ
1445 1833 1530 1862 αὐτόν,
1545 1835 1603 1862 Οὐκ
1613 1833 1638 1866 ἐξ
1653 1834 1711 1869 ἴσης
1721 1837 1738 1868 ἡ
1751 1835 1794 1861 οἷν-

1029 1879 1138 1913 τίδοσις,
1154 1881 1175 1907 εἷ
1190 1879 1234 1907 καὶ
1254 1879 1320 1907 οὕτω
1334 1879 1416 1916 λέγων
1430 1879 1516 1907 δοκεῖ·
1532 1881 1609 1916 ἡμεῖς
1624 1878 1670 1916 μὲν
1684 1878 1735 1917 γὰρ
1750 1880 1794 1907 ἅν-

1031 1928 1129 1962 θρωποι
1152 1927 1175 1953 οἱ
1195 1925 1362 1963 ἀρνούμενοι,
1384 1925 1479 1956 ἐκεῖνος
1501 1923 1528 1952 δὲ
1548 1924 1632 1957 Θεός·
1652 1924 1711 1954 ὅσον
1725 1924 1752 1953 δὲ
1764 1925 1794 1953 τὸ

1031 1970 1109 2008 μέσον
1122 1972 1191 1999 Θεοῦ
1203 1971 1247 1998 καὶ
1263 1970 1406 2008 ἀνθρώπων
1421 1970 1446 1998 τί
1460 1970 1497 1998 δεῖ
1510 1969 1593 2008 λέγειν
1603 1980 1611 2006 3

1072 2195 1172 2229 Ἄλλως
1186 2196 1213 2225 δὲ
1226 2199 1302 2234 ἡμεῖς
1313 2197 1428 2225 ἐντεῦθεν
1439 2196 1546 2229 ἑαυτοὺς
1560 2197 1720 2235 βλάπτομεν,
1730 2198 1797 2226 ἐκεῖ·

1033 2253 1075 2269 νον
1090 2241 1116 2269 δὲ
1131 2243 1263 2279 οὐδαμῶς,
1278 2242 1336 2270 οὐδὲ
1358 2242 1497 2279 δυνάμεθα,
1513 2242 1564 2271 Διὰ
1575 2245 1652 2271 τοῦτο
1669 2242 1712 2271 καὶ
1733 2243 1799 2278 ἐπή-

1033 2298 1098 2325 γαγε
1114 2287 1143 2315 τὸ
1159 2288 1220 2315 αὐτὸ
1238 2288 1322 2322 δηλῶν
1335 2299 1340 2304 ·
1358 2288 1390 2316 Εἰ
1405 2289 1577 2326 ἀπιστοῦμεν,
1592 2289 1687 2320 ἐκεῖνος
1708 2287 1799 2320 πιστὸς

1034 2333 1106 2370 με’νει
1122 2345 1128 2350 ·
1153 2333 1315 2370 ἀρνήσασθαι
1339 2332 1389 2371 γὰρ
1415 2333 1506 2361 ἑαυτὸν
1529 2335 1558 2362 οὖ
1585 2333 1700 2361 δύναται.
1727 2333 1798 2361 Του-

1032 2379 1127 2412 τέστιν,
1144 2380 1165 2406 εἷ
1180 2380 1340 2416 ἀπιστοῦμεν
1362 2378 1400 2406 ὅτι
1422 2378 1517 2413 ἀνέστη
1528 2401 1536 2413 ,
1557 2378 1628 2407 οὐδὲν
1646 2378 1698 2407 ἀπὸ
1708 2377 1798 2407 τούτου

1034 2424 1179 2463 βλάπτεται
1194 2425 1290 2456 ἐκεῖνος
1302 2435 1308 2441 ·
1325 2423 1423 2459 ἀληθής
1436 2426 1506 2459 ἐστι,
1520 2424 1624 2462 βέὸαιός
1638 2425 1718 2459 ἐστιν,
1731 2423 1761 2451 ἄν
1771 2435 1800 2451 τε

1032 2469 1157 2508 εἴπωμεν,
1175 2469 1205 2497 ἄν
1225 2481 1253 2498 τε
1270 2468 1306 2508 μὴ
1336 2469 1458 2507 εἴπωμεν.
1485 2471 1518 2499 Εἰ
1533 2470 1617 2499 τοίνυν
1643 2469 1716 2498 οὐδὲν
1731 2472 1795 2508 παρ’

274 2574 282 2585 ι
302 2565 438 2598 [Suspecta
451 2574 509 2593 sunt
522 2569 595 2594 nobis
607 2570 681 2595 verba
701 2575 790 2603 μᾶλλον
802 2575 825 2599 δὲ
836 2578 922 2606 τοῦτον,
935 2583 988 2607 quae
999 2574 1019 2602 si
1029 2574 1158 2606 abessent,
1172 2572 1256 2600 omniu
1269 2578 1335 2598 recte
1348 2572 1531 2607 procedet-enh]
