1893 2860
80 1223 98 1236 ι.
112 1215 164 1237 Cor.
181 1223 216 1239 ιο.

80 1253 103 1267 μ

77 1303 135 1324 [bid.
145 1309 167 1331 9>
179 1309 216 1331 27.

237 171 302 203 330
583 176 610 197 S-

235 252 324 271 omncs
338 240 479 280 participes
495 238 609 271 crimus,
623 234 669 263 sed
690 234 769 262 ctiam
784 231 970 261 immortalita-

234 289 282 323 tis,
298 288 324 315 1ιί
339 285 447 324 quidem
466 283 501 311 ad
516 283 644 310 honorem
656 303 663 315 ,
679 280 707 307 lii
727 288 789 308 vcro
804 277 839 306 ad
855 276 972 305 occasio-

233 344 293 362 ncni
305 330 440 370 supplicii.
457 329 528 366 Ergo
551 328 571 355 si
593 336 684 355 omncs
704 325 738 353 ad
754 324 972 352 resurrectionem

233 376 390 417 perveniunt
403 398 409 407 ,
434 384 518 411 neque
552 373 586 401 ad
615 370 838 400 resurrectionem
868 368 953 397 solum
964 389 971 402 ,

233 424 279 452 scd
302 423 381 451 etiam
409 420 444 449 ad
474 418 718 453 immortalitatem,
741 414 875 454 quomodo
905 419 972 441 tam-

232 479 312 507 quam
327 468 372 506 qni
389 466 555 506 praecipuum
569 463 710 502 quidpiam
724 461 869 500 adepturus
886 469 970 493 esses,

230 514 354 551 dicebas,
375 513 405 542 Si
428 522 485 551 (μιο
507 511 592 538 modo
617 510 787 538 occurram?
808 508 970 545 Propterea,

231 560 317 598 inquit
330 582 336 593 ,
367 559 421 587 haec
442 557 542 592 subeo,
569 556 600 585 Si
624 565 682 594 quo
707 554 793 582 modo
820 561 973 580 occurram

232 608 271 634 ad
285 606 520 634 resurrectionem
531 625 540 637 ‚
562 612 626 640 (μαι)
641 607 685 630 est
708 611 744 628 ex
765 600 886 627 mortuis
898 609 906 624 .·
921 596 973 625 nisi

232 652 303 680 enim
324 658 446 679 mortuus
466 649 561 682 fucris,
575 658 626 675 non
640 656 770 684 resurges.
790 643 865 680 Quid
888 643 972 681 igitur

232 700 282 728 hoc
296 699 354 727 cst?
368 697 485 728 Videtur
499 705 625 734 magnum
637 693 767 732 quiddam
778 692 896 721 hocloco
908 691 972 719 sub-

232 744 363 773 indicare:
377 743 442 772 adeo
456 742 526 771 enim
537 750 664 779 magnum
678 746 747 775 erat,
760 745 790 766 ut
810 747 894 775 neque
905 747 971 765 asse-

231 801 324 819 verare
337 800 417 818 ausus
441 789 538 823 suerit,
558 786 604 816 sed
623 792 725 814 tantum
746 784 831 822 inquit
849 797 854 812 :
870 784 901 812 Si
915 793 971 822 quo

233 839 325 866 modo.
342 836 451 866 Credidi
472 836 498 863 in
521 835 629 874 ipsum,
645 840 670 861 et
695 833 780 871 ipsius
802 831 971 860 resurrectio-

232 895 291 912 nen!
303 896 310 917 ;
326 883 372 912 sed
386 883 465 911 etiam
477 888 586 920 propter
600 880 689 918 ipsum
704 878 792 918 patior
805 889 810 904 ι
824 888 871 905 nec
885 884 971 905 tamen

229 930 318 958 adhuc
328 939 437 968 possum
447 927 555 956 omnino
566 924 700 954 confidere
715 925 771 952 sore
781 947 788 959 ‚
800 930 828 951 ut
845 933 970 960 resurga-

229 985 297 1002 mus.
311 975 400 1009 Quam
413 973 464 1000 hoc
479 972 537 999 loco
552 969 772 999 resurrectionem
786 967 872 996 dicit?
886 967 970 1003 Eam,

229 1030 286 1057 quae
300 1019 332 1047 ad
348 1022 437 1058 ipsum
451 1017 525 1045 ducit
545 1015 692 1044 Christum.
708 1014 801 1048 Dixit,
819 1013 928 1041 Credidi
944 1013 970 1040 in

228 1076 288 1093 eum
303 1071 328 1093 et
350 1063 445 1093 virtuti
460 1060 660 1090 resurrectionis
673 1060 731 1098 ejus
742 1081 750 1096 ,
766 1065 791 1087 et
805 1058 907 1086 socium
930 1068 971 1085 me

229 1121 284 1139 csse
317 1109 471 1149 passionum
494 1117 603 1136 suarum
614 1129 621 1141 ,
646 1105 894 1143 configuratumque
929 1113 971 1131 me

229 1166 283 1184 esse
295 1156 374 1184 morti
387 1155 409 1193 ej
415 1165 460 1189 us;
474 1158 658 1182 verumtamen
670 1157 728 1189 post
738 1150 794 1178 haec
805 1149 894 1178 omnia
904 1159 971 1177 non-

228 1201 294 1229 dum
318 1201 427 1240 penitus
441 1198 546 1227 confido
561 1209 567 1224 :
585 1196 657 1235 quod
672 1195 738 1224 alibi
757 1194 846 1232 dixit,
868 1196 926 1232 Qui
942 1205 972 1223 se

229 1249 377 1275 existimat
402 1252 498 1283 stare,
515 1244 616 1272 videat
644 1254 680 1271 ne
693 1243 800 1275 cadat;
814 1248 840 1270 et
862 1252 970 1278 rursus,

233 1296 330 1323 Timeo
343 1305 379 1322 ne
389 1294 482 1332 sorte,
495 1302 561 1321 cum
576 1291 644 1319 aliis
658 1290 893 1328 proedicaverim‚
911 1291 971 1328 ipse

228 1342 365 1379 reprobus
378 1339 503 1379 efficiar.
520 1339 566 1366 12.
588 1337 655 1364 Non
676 1336 755 1374 quod
762 1337 827 1375 jam
849 1346 969 1374 accepe-

228 1388 294 1420 rim,
313 1387 436 1423 auljam
446 1384 593 1423 perfectus
608 1383 662 1409 sim
677 1392 685 1407 .-
700 1390 804 1419 sequor
816 1387 928 1416 autem,
945 1383 971 1409 si

229 1442 285 1470 quo
305 1432 389 1459 modo
403 1428 660 1468 comprehendam,
675 1427 705 1454 in
722 1436 778 1465 quo
795 1433 823 1455 et
838 1437 969 1466 compre-

231 1478 338 1505 hensus
361 1487 423 1505 sum
447 1486 465 1503 a
492 1475 607 1504 Christo
623 1474 702 1501 Jesu.
722 1473 789 1500 Non
809 1474 888 1511 quod
904 1475 969 1512 jam

229 1526 398 1562 acceperim.
409 1521 482 1557 Quid
493 1528 541 1557 est,
554 1522 623 1549 Jam
637 1521 795 1558 acceperim
804 1522 816 1546 Ρ
827 1520 967 1555 Bravium,

230 1570 325 1607 inquit.
340 1568 438 1604 Quod,
461 1567 482 1596 si
502 1567 549 1605 qui
564 1572 635 1594 tanta
651 1575 789 1604 perpessus
804 1565 889 1594 fuerat
899 1588 908 1600 ,
924 1566 970 1603 qui

231 1616 397 1651 vexabatur,
423 1614 469 1652 qui
490 1612 723 1642 mortificationem
747 1611 881 1648 habebat,
904 1623 970 1641 non-

230 1663 296 1691 dum
308 1662 342 1691 de
353 1661 544 1691 resurrectione
556 1659 601 1687 illa
616 1658 722 1695 fidenti,
739 1665 764 1686 et
778 1669 870 1687 securo
883 1659 972 1688 animo

234 1716 288 1738 crat
309 1721 315 1736 z
331 1707 397 1746 quid
414 1706 519 1735 tandem
533 1705 652 1733 dicemus
671 1704 740 1732 nos?
761 1703 834 1738 Quid
858 1712 916 1743 est,
943 1707 973 1735 Si

231 1753 494 1793 comprehendam?
515 1749 595 1786 Quod
622 1756 697 1778 antea
719 1749 845 1788 dixerat,
868 1751 899 1779 Si
920 1762 971 1780 oc-

231 1811 346 1830 curram
363 1802 393 1827 in
408 1800 666 1831 resurrectionem,
684 1806 747 1834 quoe
769 1803 811 1824 est
834 1807 870 1824 ex
892 1807 970 1826 mor-

232 1850 297 1876 tuis.
310 1847 340 1875 Si
354 1843 593 1884 comprehendam,
609 1842 695 1880 inquit
704 1864 714 1880 ,
728 1853 758 1871 ac
770 1849 872 1871 teneam
888 1843 972 1881 ipsius

232 1892 468 1928 resurrectioncm3
490 1890 519 1918 id
539 1896 596 1925 est,
613 1889 635 1917 si
661 1895 730 1917 tanta
746 1889 816 1927 pati,
838 1889 860 1917 si
883 1889 972 1929 ipsum

232 1939 331 1968 imitari
346 1945 457 1977 potuero
468 1959 475 1973 ‚
492 1937 513 1964 si
526 1935 668 1964 conformis
680 1935 732 1974 ipsi
747 1935 805 1963 fieri
821 1948 827 1963 ι
841 1936 972 1974 quemad-

232 1985 340 2014 modum
356 1983 440 2012 multa
454 1992 547 2022 passus
559 1987 597 2010 est
609 1981 746 2016 Christus,
761 1982 846 2020 sputis
859 1982 972 2011 foedatus

232 2039 287 2067 est,
301 2030 384 2069 alapis
398 2036 424 2058 et
447 2028 532 2066 virgis
553 2037 653 2063 caesus,
674 2037 706 2054 ac
728 2027 838 2056 demum
860 2035 972 2057 mortem

232 2078 325 2107 subiit.
342 2077 398 2105 Hoc
412 2075 529 2105 stadium
542 2081 580 2103 cst
597 2086 603 2101 :
620 2084 667 2113 per
682 2074 736 2103 haec
756 2074 844 2103 omnia
856 2086 922 2115 opus
935 2083 973 2104 est

233 2123 267 2152 ad
282 2123 354 2152 illius
368 2121 586 2151 resurrectionem
601 2130 649 2148 vos
664 2120 802 2158 pervenire
813 2122 900 2150 omnia
917 2133 972 2151 cer-

233 2171 333 2199 tamina
352 2170 520 2210 perferentes.
534 2167 587 2198 Vel
606 2167 689 2206 igitur
704 2167 755 2196 hoc
771 2168 823 2196 sibi
841 2169 914 2205 vult,
930 2171 972 2199 vel
983 2177 1018 2195 288

991 2205 1011 2226 Α
1027 2200 1128 2229 διώκων
1142 2199 1198 2227 ἴστε
1217 2200 1273 2236 μεθ’
1296 2198 1356 2227 ὅσου
1381 2198 1453 2226 τόνου
1476 2198 1583 2228 διώκει·
1608 2201 1699 2231 οὐδένα
1725 2205 1790 2244 ὁρᾷ,

235 2216 324 2245 istud:
338 2217 367 2245 Si
382 2216 480 2254 dignus
495 2215 578 2251 fuero,
590 2213 636 2251 qui
647 2224 771 2251 assequar
784 2214 924 2253 probatam
939 2217 972 2244 it-

235 2263 290 2291 lam
303 2263 521 2291 resurrectionem
535 2272 566 2290 ae
581 2261 698 2289 fidentiae
708 2261 826 2300 plenam,
838 2262 873 2291 ad
889 2263 972 2302 ipsius

236 2309 452 2337 resurrectionem
473 2307 637 2347 perveniam.
654 2308 724 2335 Nam
735 2308 757 2335 si
774 2309 932 2345 certamina,
950 2311 971 2339 si

235 2354 339 2382 labores
363 2364 451 2382 omnes
476 2354 593 2392 perferre
617 2359 744 2392 potuero,
772 2353 845 2382 iltius
868 2365 973 2394 quoque

236 2397 454 2425 resurrectionem
468 2397 571 2435 assequi
588 2404 679 2436 potero
689 2419 697 2435 ,
714 2404 739 2425 et
754 2407 816 2426 eum
830 2398 914 2437 gloria
927 2410 972 2428 re-

236 2453 352 2482 surgere.
368 2443 492 2472 Nondum
506 2443 590 2480 enim,
607 2443 706 2481 inquit,
723 2443 821 2482 dignus
834 2455 909 2481 sum,
923 2445 972 2474 Se-

267 2546 276 2555 c
294 2536 379 2568 [Forr.
390 2539 470 2567 522732..
481 2536 607 2567 Dunaeus]

640 172 778 197 Joxxxrs
804 169 984 194 CHRYSOST.

990 1665 1008 1686 E

992 2029 1009 2051 F

1015 168 1156 192 ,mentun
1163 184 1169 191 .
1198 169 1260 192 CON
1266 168 1452 192 STANTINOP
1459 183 1465 189 .

1027 231 1063 262 εἰς
1074 229 1163 267 τιμὴν,
1179 230 1241 259 οἶδὲ
1259 231 1293 262 εἷς
1308 230 1406 268 ἐφόδιον
1418 228 1560 259 κολάσεως.
1576 227 1609 255 Εἰ
1623 226 1706 254 τοίνυν
1722 225 1789 253 πάν-

1027 286 1068 307 τες
1080 276 1127 308 τ’ἦς
1138 274 1304 307 ἀναστάσεως
1322 274 1495 313 τυγχάνουσι,
1510 274 1554 301 καὶ
1572 273 1601 300 οὗ
1613 274 1660 307 τῆς
1673 271 1791 299 ἀναστά-

1028 331 1092 352 σεως
1107 320 1202 358 μόνης,
1227 319 1295 347 ἀλλὰ
1312 320 1358 348 καὶ
1382 319 1542 358 ἀφθαρσίας,
1568 320 1623 350 πῶς
1638 320 1673 350 ὣς
1689 317 1790 355 μέλλων

1026 365 1158 403 ἐξαιρέτου
1171 366 1238 397 τινὸς
1250 365 1388 403 τυγχάνειν
1400 365 1494 402 ἔλεγες,
1504 363 1538 393 Εἴ
1552 375 1607 395 πως
1621 364 1793 399 καταντήσω,

1026 411 1078 439 Διὰ
1091 414 1166 439 τοῦτο
1183 414 1266 439 ταῦτα
1280 411 1391 449 πάσχω,
1404 410 1481 449 φησιν
1491 432 1498 444 ,
1515 409 1548 438 Εἴ
1568 421 1622 442 πως
1636 409 1792 445 καταντήσω

1028 458 1063 488 εἷς
1078 456 1126 492 τὴν
1138 456 1307 489 ἐξανάστασιν
1321 455 1368 490 τὴν
1384 457 1413 484 ἐκ
1430 457 1526 493 νεκρῶν
1539 467 1545 473 ·
1561 457 1583 484 εἶ
1603 456 1653 494 γὰρ
1669 456 1706 494 μὴ
1722 456 1791 485 ἀπέ-

1028 505 1101 534 θανες
1111 524 1119 538 ,
1135 504 1180 530 οὐκ
1194 501 1327 530 ἀνίστασο.
1341 501 1377 529 Τί
1392 496 1435 530 οὖν
1448 500 1516 536 ἐστί,
1534 503 1611 530 Δοκεῖ
1626 501 1694 538 μέγα
1708 514 1734 530 τι
1752 504 1792 531 ἐν-

1027 551 1108 576 ταῦθα
1122 548 1280 576 αἰνίττεσθαι
1291 558 1296 563 ·
1310 547 1378 576 οὕτω
1387 547 1438 585 γὰρ
1456 546 1522 584 μέγα
1539 542 1580 581 ἦν,
1594 546 1634 575 ὅτι
1645 547 1702 575 οὐδὲ
1716 549 1791 587 ἐΟάῤ-

1028 596 1104 632 ῥησεν
1127 593 1326 632 ἀποφήνασθαι,
1356 593 1423 622 ἀλλά
1448 604 1526 632 φησιν
1548 593 1652 629 ἁπλῶς,
1668 593 1703 621 Εἴ
1726 606 1793 626 πως.

1028 639 1188 668 Ἐπίστευσα
1201 641 1235 671 εἷς
1252 638 1327 667 αὐτὸν
1342 639 1387 667 καὶ
1400 638 1447 674 τὴν
1464 640 1541 668 αὐτοῦ
1555 639 1711 674 ἀνάστασιν,
1723 639 1791 668 ἀλλὰ

1026 685 1070 713 καὶ
1085 684 1182 723 πάσχω
1210 685 1242 712 δι’
1265 685 1352 720 αὐτὸν,
1368 684 1426 713 ἀλλ’
1438 685 1510 712 οὔπω
1527 684 1642 722 δύναμαι
1663 687 1792 724 Οαῤῥῆσαι

1024 731 1083 769 περὶ
1099 733 1145 764 τῆς
1159 731 1335 763 ἀναστάσεως.
1348 730 1431 759 Ποίαν
1442 732 1552 759 ἐνταῦθα
1564 730 1705 759 ἀνάστασίν
1718 741 1792 769 (pnes

1025 777 1082 811 Τὴν
1097 777 1160 816 πρὸς
1174 776 1249 805 αὐτὸν
1262 776 1374 814 ἄγουσαν
1389 777 1432 804 τὸν
1447 776 1570 814 Χριστόν.
1587 771 1668 805 Εἶπον
1679 775 1720 804 ὅτι
1736 775 1792 804 ἐπί-

1028 833 1123 851 στευσα
1135 824 1205 862 αὐτῷ
1219 822 1264 850 καὶ
1277 824 1309 860 τῇ
1324 823 1370 856 τῆς
1385 822 1552 854 ἀναστάσεως
1573 823 1651 852 αὐτοῦ
1665 823 1792 861 δυνάμει,

1025 869 1069 896 καὶ
1088 869 1128 897 ὅτι
1142 868 1263 901 κοινωνός
1280 869 1333 905 εἶμι
1346 870 1397 896 τῶν
1411 869 1575 906 παθημάτων
1588 869 1678 905 αὐτοῦ,
1695 869 1739 897 καὶ
1753 869 1792 897 ὅτι

1025 917 1228 953 συμμορφοῧμαι
1253 916 1290 953 τῷ
1308 914 1411 952 θανάτῳ
1437 914 1529 942 αὐτοῦ·
1551 913 1611 942 ἀλλ’
1632 913 1702 951 ὅμως
1724 914 1793 952 μετὰ

1024 963 1107 988 ταῦτα
1121 960 1207 988 πάντα
1228 959 1300 987 οὔπω
1315 961 1415 998 00:558>-
1430 958 1495 998 ὅπερ
1507 960 1623 998 ἀλλαχοῦ
1643 959 1732 998 λέγει,
1759 959 1793 989 ‘O

1025 1006 1107 1033 δοκῶν
1133 1005 1253 1039 ἑστάναι,
1278 1005 1397 1043 βλεπέτω
1412 1004 1450 1041 μὴ
1459 1005 1551 1044 ,πέσῃζ
1564 1005 1609 1033 καὶ
1632 1005 1792 1045 πάλιν,ξΦο-

1026 1050 1122 1088 Θοῧμαι
1135 1053 1172 1088 μή
1187 1063 1243 1083 πως
1258 1050 1346 1083 ἄλλοις
1359 1050 1487 1089 κηρύξας,
1511 1050 1586 1084 αὐτὸς
1607 1052 1731 1090 ἀδόκιμος
1747 1052 1793 1090 γε’-

1024 1108 1119 1134 νωμαι.
1130 1098 1191 1135 Οὐχ
1199 1096 1239 1125 ὅτι
1250 1096 1302 1131 ἤδη
1312 1096 1440 1133 ἔλαὸον,ἢ
1451 1097 1501 1133 ἤδη
1512 1097 1694 1136 τετελείωμαι,
1705 1099 1792 1128 διώκω

1025 1142 1051 1171 δὲ
1067 1144 1088 1171 εἰ
1099 1142 1143 1171 καὶ
1153 1142 1314 1178 καταλάὲω,
1330 1144 1369 1182 ἐφ’
1387 1139 1408 1182 ᾧ
1419 1144 1464 1172 καὶ
1477 1145 1643 1184 κατελήφθην
1658 1147 1708 1176 ὑπὸ
1724 1148 1792 1188 Χρι-

1025 1192 1086 1218 στοῦ
1108 1190 1203 1224 Ἰησοῦ.
1229 1190 1290 1229 Οὐχ
1310 1190 1350 1218 ὅτι
1377 1190 1427 1225 ἤδη
1450 1190 1554 1220 ἔλαθον.
1569 1193 1604 1221 Τι’
1627 1194 1706 1231 ἐστιν,
1721 1195 1792 1230 Ἤδη

1025 1235 1132 1270 {heom
1149 1235 1188 1265 Τὸ
1203 1235 1324 1274 βραδεῖόν
1342 1247 1430 1274 φησιν.
1443 1237 1476 1265 Εἰ
1491 1237 1516 1265 δὲ
1532 1240 1545 1266 6
1556 1242 1671 1268 τοσαῦτα
1690 1241 1792 1277 παθὼν,

1023 1283 1046 1310 εἰ
1061 1282 1088 1310 δὲ
1102 1284 1115 1310 6
1131 1282 1302 1320 διωκόμενος,
1317 1284 1339 1311 εἷ
1354 1282 1380 1310 δὲ
1395 1285 1409 1311 6
1422 1283 1469 1318 τὴν
1482 1283 1608 1324 νέκρωσιν
1621 1285 1700 1325 ἔχων,
1718 1287 1791 1317 οὔπω

1023 1328 1126 1367 ἐθάρρει
1141 1328 1201 1367 περὶ
1214 1331 1261 1363 τῆς
1280 1328 1446 1362 ἀναστάσεως
1461 1330 1576 1368 ἐκείνης,
1591 1332 1618 1360 τί
1632 1332 1662 1361 ἂν
1674 1333 1792 1363 εἴποιμεν

1022 1376 1098 1412 ἡμεῖς
1108 1386 1115 1410 ;
1128 1374 1163 1403 Τί
1175 1376 1254 1410 ἐστιν,
1266 1376 1299 1403 Εἰ
1311 1376 1469 1412 καταλάέω,
1480 1376 1569 1416 ”Οπερ
1580 1379 1705 1418 πρότερον
1717 1383 1728 1396 ³
1736 1361 1790 1410 ἑλε-

1022 1432 1076 1459 γον,
1089 1422 1110 1449 εἰ
1124 1421 1279 1455 καταντήσω
1293 1422 1329 1453 εἷς
1342 1420 1389 1455 τὴν
1402 1421 1570 1454 ἐξανάστασιν
1582 1424 1630 1458 τὴν
1644 1427 1673 1453 ἐκ
1683 1428 1791 1465 νεκρῶν.

1022 1465 1078 1500 Τὴν
1095 1466 1187 1500 αὐτοῦ,
1205 1465 1292 1504 φησὶν,
1307 1466 1449 1496 ἀνάστασιν
1473 1469 1495 1496 εἰ
1521 1470 1671 1500 καταλάέω.
1693 1471 1791 1500 'roure'-

1023 1523 1087 1546 στιν,
1102 1510 1146 1539 ἐὰν
1159 1512 1260 1546 δυνηθῶ
1274 1514 1388 1540 τοσαῦτα
1402 1515 1503 1549 παθεῖν,
1516 1514 1545 1542 ἂν
1559 1515 1660 1550 δυνηθῶ
1673 1517 1791 1554 μιμήσα-

1024 1559 1083 1585 σθαι
1100 1556 1174 1585 αὐτὸν
1185 1579 1192 1592 ,
1216 1557 1245 1585 ἂν
1269 1558 1369 1592 δυνηθῶ
1392 1558 1543 1598 σύμμορφος
1568 1561 1640 1589 αὖτῶ
1664 1545 1791 1600 γενέσθαι.

1024 1598 1099 1639 Οῗον,
1115 1602 1201 1631 πολλὰ
1216 1603 1308 1631 ἔπαθεν
1326 1605 1339 1631 6
1354 1604 1480 1643 Χριστὸς,
1495 1590 1637 1642 {ven-rucei]
1649 1629 1657 1642 ,
1680 1608 1792 1647 ε’ῥραπί-

1025 1651 1090 1684 σθη,
1111 1648 1292 1686 ἓμαστιγώθη,
1314 1648 1419 1688 ὕστερον
1445 1650 1567 1680 ἀπέθανε.
1582 1653 1669 1682 Τοῦτο
1688 1654 1792 1683 στάδιόν

1025 1696 1094 1723 ἐστι’
1109 1695 1151 1722 διὰ
1165 1694 1270 1722 πάντων
1283 1694 1381 1722 τούτων
1398 1695 1436 1723 δεῖ
1451 1696 1514 1735 πρὸς
1528 1696 1576 1732 τὴν
1588 1698 1730 1728 ἀνάστασιν
1743 1702 1792 1729 αὖ·

1025 1744 1070 1769 τοῦ
1086 1741 1183 1779 φθάσαι
1197 1741 1296 1773 πάντας
1307 1740 1365 1773 τοὺς
1377 1741 1470 1774 ἄθλους
1480 1743 1639 1781 ἐνεγκόντας.
1659 1743 1697 1774 Ἢ
1708 1747 1792 1775 τοίνυν

1025 1787 1101 1815 τοῦτο’
1115 1798 1202 1825 φησιν,
1216 1785 1233 1820 ἢ
1249 1786 1288 1814 ὅτι
1305 1785 1350 1814 ἐὰν
1378 1786 1531 1821 καταξιωθῶ
1555 1792 1602 1824 τῆς
1624 1791 1792 1825 ἀναστάσεως

1025 1837 1112 1873 τυχεῖν
1128 1832 1277 1870 εὐδοκίμου,
1289 1832 1438 1871 παῤῥησίαν
1454 1834 1572 1872 ἐχούσης,
1583 1836 1618 1868 εἷς
1631 1835 1678 1870 ἰ-ἡν
1697 1837 1791 1870 ἐξανά-

1024 1889 1115 1906 στασιν
1134 1878 1223 1916 φθάνω
1242 1877 1289 1912 τὴν
1309 1879 1395 1906 αὐτοῦ.
1407 1876 1452 1906 Ἂν
1468 1879 1519 1918 γὰρ
1533 1880 1634 1915 δυνηθῶ
1651 1881 1710 1915 τοὺς
1723 1884 1791 1921 ἀγῶ-

1025 1936 1070 1956 νας
1084 1924 1183 1956 πάντας
1198 1924 1320 1961 ἐνεγκεῖν,
1337 1923 1381 1951 καὶ
1403 1923 1450 1959 τὴν
1465 1925 1606 1955 ἀνάστασιν
1621 1928 1698 1956 αὐτοῦ
1710 1929 1790 1964 δυνή-

1025 1983 1104 2009 σομαι
1120 1975 1201 2009 σχεῖν,
1212 1970 1256 1998 καὶ
1272 1969 1338 2008 μετὰ
1350 1969 1425 2005 δόξης
1439 1972 1593 2006 ἀναστῆναι.
1605 1974 1717 2003 Οὐδέπω
1727 1975 1789 2014 γὰρ,

1026 2017 1103 2056 φησὶν
1112 2039 1119 2052 ,
1140 2016 1207 2049 ἄξιός
1222 2017 1289 2053 εἰμι·
1307 2015 1402 2044 Διώκω
1415 2016 1442 2044 δὲ
1453 2039 1460 2052 ,
1471 2019 1494 2045 εἷ
1508 2018 1552 2046 καὶ
1565 2019 1716 2050 καταλάὸω.
1728 2021 1791 2051 Ἔτι

1026 2062 1163 2101 ἐναγώνιός
1179 2073 1224 2099 μοι
1237 2063 1250 2089 ὁ
1263 2060 1332 2099 βίος,
1347 2061 1385 2090 ἔτι
1399 2065 1444 2090 τοῦ
1457 2062 1546 2096 τέλους
1559 2065 1612 2102 εἰμὶ
1625 2066 1730 2105 πόῤῥω,
1752 2068 1791 2097 ἔτι

1025 2111 1076 2138 τῶν
1091 2107 1218 2147 βραδείων
1235 2106 1385 2146 ἀφέστηκα,
1400 2107 1437 2135 ἔτι
1452 2108 1556 2147 τρέχω,
1571 2110 1610 2138 ἔτι
1624 2111 1721 2141 διώκω.
1735 2114 1791 2142 Καὶ

1026 2156 1073 2184 οὐκ
1087 2150 1160 2191 εἶπε,
1178 2153 1277 2192 τρέχω,
1307 2152 1390 2189 ἀλλὰ,
1414 2153 1526 2182 Διώκω·
1550 2155 1664 2189 εἰκότως.
1684 2157 1718 2186 Ὁ
1740 2159 1791 2198 γὰρ

1025 2245 1125 2278 πάντας
1148 2243 1215 2282 μετὰ
1237 2245 1336 2279 πολλῆς
1358 2245 1405 2277 ’τῆς
1430 2243 1512 2284 ῥύμης
1525 2244 1583 2279 τοὺς
1603 2246 1792 2283 διακόπτοντας

1027 2296 1170 2324 ἀπωθεῖται
1180 2315 1187 2328 ,
1203 2292 1248 2321 καὶ
1263 2292 1377 2320 διάνοιαν
1393 2292 1437 2321 καὶ
1451 2293 1525 2331 ὄμμα
1536 2294 1581 2322 καὶ
1593 2295 1669 2335 ἰσχὺν
1683 2296 1728 2325 καὶ
1738 2299 1791 2337 ψυ-

1027 2345 1077 2384 χὴν
1100 2344 1145 2372 καὶ
1172 2345 1249 2380 σῶμα
1273 2342 1428 2382 συστρέφει,
1445 2343 1509 2382 πρὸς
1533 2343 1619 2383 ἕτερον
1646 2345 1693 2384 μὲν
1719 2347 1790 2377 οὐδὲν

1027 2397 1108 2434 ὁρῶν,
1124 2393 1189 2433 πρὸς
1210 2392 1236 2422 δὲ
1260 2392 1290 2421 τὸ
1315 2393 1435 2432 βραδεῖαν
1456 2393 1544 2431 μόνον.
1572 2395 1607 2424 Ei
1621 2395 1648 2424 δὲ
1662 2398 1675 2425 6
1690 2396 1790 2427 διώκων

1029 2446 1147 2481 Παῦλος,
1161 2446 1174 2472 6
1188 2447 1300 2474 τοσαῦτα
1315 2443 1417 2482 παθὼν,
1434 2444 1471 2473 ἔτι
1494 2445 1583 2484 φησὶν,
1600 2447 1634 2475 Εἰ
1653 2447 1698 2476 καὶ
1711 2459 1791 2476 κατα·
