1893 2860
219 150 240 181 (i
249 151 263 182 ἰ
273 164 288 183 2
921 166 1101 190 t’lt.1-*.F.x'1‘10.

778 382 1240 442 PRAEFATJO

329 527 376 563 IN
403 526 655 563 EPISTOLAS
680 528 867 564 PRIMAM
891 529 955 564 ET
983 529 1239 565 SECUNDAM
1268 530 1331 565 AD
1358 531 1660 571 TlMOTHEUM.

255 655 395 692 Nusquam
410 654 537 692 majorem
554 664 635 692 quam
650 654 694 682 hic
712 654 900 683 difficultatem
927 654 1063 693 offendas,
1090 655 1236 684 deliniendi
1252 667 1348 696 nempe
1373 657 1555 686 Antioehiaene
1567 668 1601 686 an
1616 659 1771 688 Constanti-

216 702 308 741 nopoli
329 702 376 730 lias
391 701 516 730 homilias
540 701 665 730 habuerit
682 702 899 741 Chrysostomus.
925 702 1116 730 Tillemontius
1131 703 1361 743 Constantinopoli
1386 704 1491 733 habitas
1508 705 1675 744 suspicatur,
1693 706 1773 734 nixus

218 747 420 787 Photii'judicio
435 747 481 786 qui
498 747 623 787 opinatur
642 748 781 777 conciones
797 749 873 785 illas,
890 760 956 787 quas
980 749 1212 788 Constantinopoli
1229 750 1323 778 habuit
1344 757 1450 779 sanctus
1466 750 1577 786 doctor,
1596 751 1684 780 minus
1695 762 1773 780 aecu-

216 802 271 823 rate
286 802 311 823 ct
326 795 460 832 eleganter
482 795 650 823 concinnatas
676 806 748 833 esse,
777 806 858 833 quam
876 807 919 824 eas
940 806 998 834 quae
1024 795 1172 823 Antiochiae
1197 796 1388 834 pronuntiavit.
1411 798 1529 834 Verum,
1547 805 1576 826 ut
1603 799 1660 837 ipse
1675 799 1773 827 fatetur

216 842 424 875 Tillcmontius‚
438 842 494 870 hmc
508 842 597 869 Photii
613 853 718 879 norma,
732 843 783 871 hoc
798 843 932 883 κριτήριον
942 865 949 877 ,
966 853 1018 871 non
1033 843 1069 871 ita
1085 842 1193 871 firmum
1208 850 1259 879 est,
1276 850 1304 871 ut
1318 843 1396 872 liceat
1410 844 1462 883 ipsi
1477 844 1533 873 sine
1554 845 1676 873 examine
1690 845 1773 873 adsti-

216 888 315 927 pulari.
335 889 394 926 lpse
419 898 532 925 namque
548 888 660 916 Photius
684 888 808 917 homilias
828 888 919 917 laudat
944 889 1056 924 multas,
1081 899 1138 926 quac
1155 889 1384 928 Constantinopoli
1411 889 1509 918 habitae
1536 897 1612 927 sunt;
1634 891 1771 928 aliasque,

216 935 290 963 haud
305 934 388 963 dubie
404 934 598 971 AntiochenaS,
614 935 755 973 deprimit,
772 942 797 963 et
814 936 990 974 negligentius
1004 936 1146 964 adornatas
1160 943 1255 965 censet.
1274 936 1331 974 Ego
1346 947 1410 964 vero
1432 937 1557 965 omnibus
1573 937 1715 976 diligenter
1727 948 1773 966 ex-

216 981 312 1015 cussis,
332 988 487 1019 argumenta
511 980 566 1008 dno
588 981 706 1020 proferre
719 992 843 1020 possum,
860 981 933 1019 queis
950 981 1109 1011 inducamur
1122 981 1155 1009 ad
1169 981 1334 1021 opinandum
1350 992 1393 1010 eas
1412 983 1560 1011 Antiochiae
1578 983 1659 1012 fuisse
1676 983 1771 1012 dictas.

216 1028 338 1056 Primum
353 1028 454 1067 petitur
474 1038 508 1056 ex
521 1028 648 1056 laudibus
663 1028 718 1057 illis
733 1029 956 1057 monasteriorum
970 1036 995 1057 et
1015 1029 1224 1065 monachorum,
1241 1029 1267 1057 in
1282 1029 1357 1067 queis
1373 1030 1519 1057 maximam
1536 1036 1637 1068 partem
1654 1029 1773 1059 homilia:

215 1082 316 1113 quartae
330 1075 440 1103 decima:
456 1075 573 1104 insumit.
594 1075 653 1110 Qua
666 1075 700 1104 de
714 1086 741 1103 re
757 1076 803 1104 ille
818 1086 888 1115 szepc
903 1083 998 1105 tractat
1012 1077 1038 1104 in
1061 1076 1121 1104 aliis
1137 1076 1262 1115 operibus
1272 1098 1279 1110 ‚
1294 1076 1340 1104 sed
1355 1087 1458 1115 semper
1475 1077 1501 1105 in
1519 1077 1705 1114 Antiochenis,
1721 1077 1775 1105 fere

214 1131 360 1159 numquam
374 1121 400 1149 in
416 1121 724 1160 Constantinopolitanis.
740 1122 771 1150 In
787 1122 923 1150 montibus
937 1122 1007 1150 enim
1024 1121 1173 1150 Antiochia:
1186 1121 1284 1150 vicinis
1301 1121 1424 1150 monachi
1439 1121 1518 1150 multi
1532 1128 1606 1150 erant
1617 1144 1624 1158 ,
1640 1122 1687 1160 qui
1699 1132 1774 1151 seve-

214 1166 292 1194 rioris
311 1166 459 1205 disciplinae
482 1166 561 1195 laude
576 1167 721 1204 florebant,
743 1174 768 1196 et
783 1178 812 1196 ea
826 1168 859 1196 de
873 1178 951 1196 causa
966 1178 981 1196 a
996 1167 1088 1195 multis
1109 1167 1304 1196 invisebantur.
1322 1168 1405 1196 Aliud
1425 1175 1613 1207 argumentum
1627 1168 1690 1198 inde
1708 1180 1770 1197 mu-

215 1220 337 1251 tuamur,
353 1213 426 1251 quod
440 1213 502 1241 licet
516 1213 542 1241 in
562 1213 605 1242 his
621 1214 793 1243 concionibus
807 1214 840 1243 de
854 1215 1040 1254 episcoporum
1055 1215 1144 1243 officio
1159 1214 1258 1253 passim
1273 1221 1382 1253 agatur,
1398 1215 1461 1252 quia
1483 1215 1583 1244 Paulus
1597 1215 1773 1244 Timotheum

212 1259 331 1298 episcopi
346 1270 455 1288 munere
469 1260 622 1299 fungentem
637 1260 790 1298 alloquens,
812 1261 878 1299 quid
893 1271 1015 1289 exercere
1039 1261 1179 1300 episcopus
1189 1282 1196 1296 ,
1219 1259 1285 1298 quid
1305 1260 1390 1289 vitare
1405 1259 1514 1297 debeat,
1529 1267 1656 1300 perpetuo
1679 1261 1776 1290 decan-

214 1313 270 1343 tat;
289 1305 356 1334 nihil
372 1313 458 1334 tamen
471 1306 557 1334 innuit
572 1307 798 1346 Chrysostomus,
814 1307 883 1336 nihil
898 1308 924 1336 in
938 1313 1010 1335 tanto
1030 1307 1188 1335 concionum
1202 1306 1315 1335 decursu
1337 1307 1380 1336 vel
1400 1307 1514 1346 carptim
1529 1307 1628 1346 tangit,
1643 1318 1695 1346 quo
1709 1318 1774 1347 pos-

213 1352 296 1380 simus
314 1353 357 1381 vcl
371 1352 501 1392 suspicari
515 1352 592 1382 illum
609 1360 672 1382 tunc
686 1353 844 1393 episcopum
863 1354 955 1382 fuisse.
973 1353 1054 1388 Quod
1076 1360 1163 1382 tamen
1185 1353 1212 1382 in
1233 1353 1293 1381 aliis
1308 1354 1522 1390 commentariis,
1547 1354 1594 1382 ubi
1608 1365 1657 1393 par
1673 1354 1775 1383 occasio

214 1410 266 1428 non
289 1399 456 1437 habebatur,
482 1411 549 1439 saepe
574 1401 643 1429 fecit.
665 1401 695 1429 In
720 1401 789 1429 hanc
813 1408 882 1430 certe
910 1408 1026 1440 partem,
1049 1408 1079 1429 ut
1097 1411 1191 1439 nempe
1207 1400 1296 1429 dicam
1311 1411 1353 1429 eas
1377 1400 1525 1429 Antiochia}
1546 1401 1651 1430 habitas
1673 1401 1773 1439 fuisse,

217 1445 302 1483 magis
317 1456 358 1473 me
374 1445 536 1484 propendere
551 1446 643 1476 fateor.
663 1448 765 1475 Verum
782 1457 810 1474 ea
825 1447 858 1475 de
872 1457 900 1475 le
915 1447 1014 1475 eruditi
1028 1446 1133 1475 lectoris
1152 1446 1286 1485 judicium
1301 1453 1436 1485 exspecto.

256 1491 329 1519 Licet
344 1498 431 1519 autem
447 1492 547 1530 aliquot
562 1492 588 1520 in
607 1492 670 1520 locis
684 1492 862 1531 negligentius
886 1503 981 1531 agere,
1000 1499 1025 1521 et
1048 1502 1249 1530 nonnumquam
1273 1492 1337 1521 vilia
1354 1502 1402 1520 nec
1420 1498 1566 1520 memoratu
1598 1491 1709 1530 quidem
1722 1492 1775 1521 ho—

216 1543 288 1565 nesta
303 1543 414 1565 tractare
430 1537 662 1576 deprehendatur,
679 1538 777 1576 passim
792 1544 879 1566 tamen
892 1538 950 1571 τοὺς
963 1538 1136 1574 πλεονέκτας’,
1151 1548 1261 1575 avarOS,
1278 1544 1303 1565 et
1317 1548 1360 1566 eos
1373 1537 1419 1575 qui
1434 1537 1570 1565 facultatis
1583 1538 1710 1577 augendae
1722 1545 1776 1567 stu-

215 1583 261 1612 dio
276 1590 429 1612 caeterorum
448 1583 516 1612 bona
531 1584 648 1623 diripere
663 1584 830 1623 satagebant,
853 1585 959 1623 egregie
971 1585 1057 1623 carpit
1073 1591 1098 1612 et
1116 1584 1279 1621 insectatur,
1301 1594 1433 1621 nusquam
1448 1583 1528 1612 finem
1542 1583 1606 1612 facit
1619 1584 1775 1624 impetendi.

216 1631 308 1668 Neque
323 1630 405 1659 alium
427 1631 484 1669 ejus
499 1632 718 1660 commentarium
737 1631 866 1670 reperias,
886 1631 931 1659 ubi
948 1631 1012 1659 huic
1033 1630 1183 1659 amovendo
1205 1630 1276 1658 malo
1290 1639 1382 1669 parem
1397 1629 1551 1658 insumserit
1564 1640 1684 1668 operam.
1699 1630 1779 1659 Unde

217 1678 314 1706 inseras
336 1684 435 1716 pestem
459 1678 534 1705 illam
551 1679 699 1707 manavisse
723 1678 749 1706 in
766 1678 823 1706 dies
846 1678 942 1714 latius,
968 1678 1120 1716 multosque
1143 1684 1206 1706 tunc
1227 1677 1324 1712 tuisse,
1351 1676 1397 1714 qui
1420 1676 1538 1704 aliorum
1559 1675 1700 1715 dispendio
1722 1687 1779 1706 rem

218 1735 294 1753 suam
317 1736 413 1763 augere
437 1725 591 1762 studerent,
613 1736 751 1763 novosque
777 1725 952 1754 insurrexisse
974 1725 1110 1764 quotidie,
1134 1725 1181 1763 qui
1202 1725 1252 1753 hac
1266 1723 1411 1763 cupiditate
1426 1723 1514 1762 capti,
1540 1722 1567 1751 in
1581 1723 1695 1752 aliorum
1717 1734 1779 1763 opes

219 1771 381 1801 involarent.

258 1818 323 1846 Erat
336 1825 360 1847 et
379 1817 454 1846 aliud
469 1819 554 1847 morbi
569 1829 651 1857 genus
663 1841 669 1853 ,
686 1818 760 1856 quod
776 1825 838 1846 tunc
852 1818 932 1847 latius
946 1818 1135 1857 grassabatur,
1159 1817 1295 1856 magisque
1311 1815 1492 1855 periculosum
1507 1822 1579 1853 erat;
1597 1816 1778 1855 preestigiato-

215 1874 275 1891 rum
291 1863 413 1892 videlicet
429 1874 574 1901 eorumque
590 1864 635 1901 qui
652 1864 797 1903 εἱμαρμένῃ
815 1870 840 1892 et
853 1863 952 1902 γενέσει
967 1863 1056 1891 omnia
1071 1863 1238 1899 tribuebant,
1259 1862 1509 1901 proestigiarumque
1523 1871 1620 1899 genera
1635 1861 1723 1890 omnia
1738 1862 1778 1890 in-

213 1909 360 1946 ducebant,
376 1921 489 1948 quarum
504 1911 611 1939 nomina
626 1911 663 1939 sic
678 1911 723 1939 ille
736 1918 852 1939 recenset
875 1910 901 1938 in
926 1910 978 1938 line
999 1909 1117 1938 homiliae
1133 1909 1242 1938 dccimae
1258 1922 1263 1937 :
1278 1909 1311 1937 τὰ
1329 1908 1379 1948 γὰρ
1403 1909 1470 1937 ἄλλα
1494 1908 1591 1947 ἀφίημι
1620 1908 1653 1936 τὰ
1677 1910 1775 1938 πολλοῦ

213 1958 320 1990 πένθους
335 1958 409 1992 ἄξια,
425 1954 476 1987 οἷον
491 1958 661 1995 οἰωνισμοὺς,
676 1958 720 1986 καὶ
735 1957 939 1996 κλῃδονισμοὺς,
960 1957 1157 1996 παρατηρήσεις
1167 1979 1173 1991 ,
1191 1956 1303 1995 γενέσεις
1313 1979 1319 1991 ,
1336 1955 1474 1993 σύμὸολα,
1494 1954 1668 1993 περιάμματα
1679 1978 1687 1992 ‚
1714 1968 1780 1993 μαν-

215 2004 302 2039 τείας,
318 2004 436 2044 ἐπῳδὰς,
456 2004 566 2043 μαγείας
579 2016 585 2031 :
598 2005 674 2032 Alia
689 2006 772 2032 mitto
785 2005 892 2043 grandi
918 2004 997 2032 luctu
1019 2004 1125 2042 digna,
1145 2005 1287 2041 nug-uria,
1304 2003 1466 2038 vaticinia,
1486 2002 1714 2038 observationes,
1727 2012 1779 2041 ge-

217 2054 320 2086 nesim,
335 2052 489 2088 symbola,
507 2052 664 2090 ligamina,
680 2052 892 2088 divinationes,
909 2053 1142 2086 incantationes,
1168 2052 1316 2088 magicam
1342 2055 1445 2077 artem.
1463 2047 1525 2075 Haec
1541 2047 1630 2076 omnia
1645 2048 1696 2077 isto
1710 2055 1779 2077 tem-

215 2109 279 2137 pore
294 2098 359 2126 adeo
372 2098 626 2137 frequentabantur,
643 2105 673 2126 ut
694 2109 825 2136 nusquam
850 2097 967 2137 reperias
990 2097 1067 2126 illum
1082 2104 1136 2126 tam
1160 2097 1311 2135 frequenter
1333 2102 1357 2124 et
1372 2094 1463 2125 valide
1480 2094 1609 2122 morbum
1625 2094 1779 2134 hujusmodi

216 2145 396 2174 insectantem.

256 2192 343 2220 Aliam
363 2202 467 2230 quoque
487 2202 543 2220 rem
557 2191 726 2230 aggreditur,
744 2202 802 2229 quae
817 2198 879 2220 tunc
901 2191 1021 2229 serpebat
1037 2191 1064 2219 in
1078 2190 1204 2220 Ecclesiae
1220 2190 1366 2224 damnum,
1382 2188 1456 2226 quod
1476 2198 1570 2227 nempe
1592 2188 1710 2226 virgines
1725 2190 1781 2218 Deo

216 2237 310 2266 dicatae
327 2238 441 2266 vestium
453 2238 538 2267 cultui
550 2238 666 2266 nimium
680 2237 833 2272 studerent,
850 2244 876 2265 et
890 2247 924 2265 ex
941 2237 1044 2265 incessu
1054 2243 1078 2265 ct
1093 2243 1187 2265 ornatu
1204 2236 1270 2264 viris
1283 2234 1389 2274 placere
1404 2240 1539 2272 cuperent.
1549 2232 1622 2268 Quid
1635 2233 1697 2262 inde
1711 2235 1780 2263 tabis

215 2292 241 2314 ct
251 2285 341 2314 damni
355 2296 518 2314 emersurum
531 2293 607 2321 esset,
622 2292 678 2313 tum
694 2285 749 2324 ipse
764 2285 888 2324 pluribus
901 2284 1080 2323 persequitur,
1097 2291 1155 2312 tum
1167 2284 1246 2312 ctiam
1263 2281 1353 2321 quivis
1365 2281 1456 2309 statim
1470 2279 1670 2320 deprehendere
1682 2282 1777 2320 possit.

258 2332 342 2360 Hosee
366 2332 569 2361 commentarios
589 2332 684 2361 Latine
700 2338 866 2360 converterat
880 2331 923 2360 vir
938 2331 1073 2367 eruditus,
1096 2332 1172 2370 eujus
1196 2340 1292 2360 nomen
1311 2329 1448 2367 ignotum,
1463 2335 1488 2356 et
1511 2327 1557 2365 qui
1573 2327 1717 2365 elegantem
1737 2340 1780 2358 ac-

218 2385 387 2416 curatamque
411 2378 654 2417 interpretationem
679 2377 807 2406 adornare
829 2377 974 2417 potuisset,
1001 2377 1051 2405 nisi
1068 2377 1093 2404 iu
1110 2376 1229 2405 animum
1256 2374 1405 2403 induxisset
1427 2372 1516 2401 omnia
1539 2371 1571 2400 ad
1587 2379 1681 2401 nutum
1703 2384 1781 2403 suuni

220 2431 335 2457 mutare,
355 2424 454 2462 figuras
481 2432 506 2453 et
527 2432 615 2464 tropos
639 2425 857 2464 pratum-mittere,
874 2431 899 2453 et
923 2424 1038 2452 auctoris
1065 2424 1200 2452 sententiae
1214 2423 1260 2452 illa
1277 2421 1391 2462 adjicere
1406 2431 1454 2459 pro
1468 2418 1573 2456 lubito,
1587 2430 1646 2457 quae
1660 2419 1711 2449 sibi
1727 2432 1781 2450 ma·

220 2471 261 2507 gis
276 2472 416 2510 placerent.
432 2472 487 2500 lluc
500 2472 586 2509 igitur
597 2473 676 2501 missa
692 2472 907 2511 interpretatione
919 2481 1016 2500 novam
1030 2471 1194 2510 paravimus.

848 2566 851 2569 .
863 2558 1175 2574 -—e9‹›‹›‹·.·ee--—⁷⁴
