1893 2860
393 149 424 171 [N
453 148 559 172 EPIST.
591 149 626 172 11.

61 210 110 239 κᾶν
125 212 176 239 τῶν
195 211 276 249 φίλων
293 210 556 248 ἇπολιμπανώμεθα,
578 211 625 240 κᾶν
649 213 684 244 εἰς
708 211 789 240 δεινόν
805 224 830 240 τι

61 256 260 295 περιπέσωμεν,
274 256 376 289 οὐδενὸς
397 256 519 291 αἴσθησιν
539 257 678 296 ληψόμεθα
690 281 697 294 ,
714 260 760 293 τῆς
775 258 828 297 χά-

63 314 130 341 ριτος
139 301 219 336 οὔσης
232 301 333 337 ἐκείνης
347 302 392 331 καὶ
406 303 572 341 τειχιζούσης
583 305 663 341 ἡμᾶς.

98 446 162 479 Πῶς
174 445 201 474 δὲ
223 445 261 475 ἔνι
274 446 321 482 τὴν
337 447 417 486 χάριν
438 447 637 476 ἐπισπάσασθαι
659 447 768 481 λοιπόν;
785 446 828 475 Τὰ

55 493 94 531 τῷ
109 493 170 531 Θεῷ
186 492 249 532 φίλα
263 492 430 531 πράττοντα,
445 493 491 521 καὶ
510 494 537 521 ἐν
562 497 642 521 πᾶσιν
666 494 736 531 αὐτῷ
757 495 828 521 ὑπα-

58 537 179 567 κούοντα.
196 537 233 567 'll
250 539 296 567 καὶ
311 541 336 568 ἐν
354 543 410 572 ταῖς
426 540 556 578 μεγάλαις
580 539 675 571 οἰκίαις
692 539 739 567 οὐκ
757 538 829 566 ἐκεί·

57 595 116 617 νους
131 586 233 623 ὁρῶμεν
250 585 330 624 χάριν
344 586 453 625 ἔχοντας
473 587 525 614 τῶν
541 587 658 619 οἰκετῶν,
673 585 729 614 ὅσοι
744 585 780 623 μ’),
795 583 828 613 τὰ

58 632 143 658 αὐτῶν
167 634 340 671 μεριμνῶσιν,
366 632 434 660 ἀλλὰ
460 632 493 660 τὰ
519 633 571 660 τῶν
592 632 726 660 δεσποτῶν
752 630 826 668 πάσῃ

56 678 128 715 ψυγῇ
140 677 184 705 καὶ
195 678 339 717 προθυμίᾳ,
347 679 375 707 οὗ
390 678 422 706 δι’
433 677 551 715 ἀνάγκην
565 678 647 715 μόνην
659 676 826 712 δεσποτικὴν,

55 722 125 751 ἀλλὰ
140 724 185 752 καὶ
199 723 243 752 διὰ
255 724 403 763 προθυμίαν
421 725 465 753 καὶ
479 724 521 753 διὰ
532 724 717 764 φιλοστοργίαν
733 720 761 753 εῧ
774 725 826 752 δια·

55 771 162 798 τιθῶσιν
176 769 296 805 ἅπαντα;
313 769 421 799 *υΟταν
434 770 474 799 ἀεὶ
495 772 521 799 ἐν
542 775 596 803 τοῖς
617 771 761 809 ὀφθαλμοῖς
776 766 825 799 ὦσι

55 815 108 847 τὀῖς
117 816 214 849 αὐτῶν,
225 815 288 845 ὅταν
300 815 344 844 ἐπὶ
353 818 401 851 τῆς
410 816 493 849 οἰκίας
505 816 670 856 στρέφοψται
680 839 687 852 ,
700 817 762 844 ὅταν
774 829 825 854 μη-

55 859 97 889 δὲν
112 859 175 889 ἴδιον
187 861 429 901 πραγματεύωνται
438 885 444 897 ,
457 862 523 901 μηδὲ
535 864 586 891 τῶν
602 862 705 891 οἰκείων
720 863 825 902 φροντί-

55 907 133 941 ζωσι,
148 908 249 945 μᾶλλον
263 908 290 937 δὲ
305 909 362 937 ἀντὶ
373 910 424 938 τῶν
440 909 510 938 ἰδίων
525 908 607 948 ἔχωσι
617 909 651 937 τὰ
664 909 825 943 &sorrow-2243

54 951 89 981 ‘O
117 953 169 993 γὰρ
191 954 224 983 τὰ
251 957 330 984 αὑτοῦ
354 959 399 984 τοῦ
423 956 551 984 δεσπότου
574 955 754 993 ποιησάμενος
766 978 773 991 ,
796 957 824 984 οὐ

55 998 88 1026 τὰ
101 1001 180 1029 αὑτοῦ
201 1003 246 1029 τοῦ
268 1001 395 1031 δεσπότου
410 1001 566 1036 πεποίηκεν,
586 1001 654 1029 ἀλλὰ
669 1001 702 1030 τὰ
716 1004 760 1030 τοῦ
781 1001 825 1030 δε-

54 1045 152 1074 σπότου
173 1048 250 1076 αὑτοῦ
261 1059 267 1065 ·
284 1049 380 1086 ὁμοίως
403 1051 473 1088 αὐτῷ
495 1048 630 1077 ἐπιτάττει
646 1049 672 1076 ἐν
689 1052 743 1081 τοῖς
755 1047 825 1076 ἐκεί-

52 1102 112 1127 νου»
126 1093 223 1130 ὁμοίως
240 1095 330 1134 ἐκείνῳ
352 1099 452 1134 κρατεῖ.
467 1095 568 1124 Πολλοὶ
593 1094 619 1123 δὲ
644 1096 695 1123 τῶν
715 1095 823 1123 οἰκετῶν

54 1139 155 1175 μᾶλλον
179 1141 255 1169 αὐτὸν
280 1142 427 1178 δεδοίκασι,
443 1142 489 1170 καὶ
512 1141 577 1181 ὅπερ
597 1141 627 1170 ἂν
651 1141 711 1180 εἴπῃ
734 1136 823 1174 οὗτος,

52 1186 130 1212 τοῦτο
146 1187 277 1220 κάκεῖνος·
289 1187 386 1221 πάντες
400 1190 423 1217 οἱ
436 1188 525 1228 ἐχθροὶ
539 1187 631 1216 λοιπὸν
653 1189 679 1216 ἒν
692 1186 774 1226 φοΈῳ.
790 1188 822 1215 Εἰ

53 1229 80 1259 δὲ
96 1233 110 1259 ὁ
124 1233 150 1260 ἐν
164 1238 218 1265 τοῖς
234 1235 366 1271 βιωτικοῖς
381 1236 433 1263 τῶν
448 1237 528 1263 αὑτοῦ
543 1233 761 1274 καταφρονήσας,
778 1233 823 1262 καὶ

51 1277 85 1305 τὰ
102 1281 147 1306 τοῦ
160 1279 286 1308 δεσπότου
302 1279 425 1318 ἑλόμενος
434 1301 441 1314 ,
452 1280 510 1320 οὐχὶ
523 1280 702 1320 κατεφρόνησε
714 1281 766 1308 τῶν
776 1282 823 1308 αὓ-

50 1326 96 1351 τοῧ
105 1347 112 1359 ‚
128 1324 197 1353 ἀλλὰ
212 1327 312 1363 μᾶλλον
327 1327 452 1364 μειζόνων
464 1327 577 1365 ἐπέτυχε
589 1339 594 1344 ·
613 1327 704 1366 πολλῷ
722 1327 821 1365 μᾶλλον

50 1369 78 1396 ἕν
96 1374 150 1402 τοῖς
171 1376 367 1409 πνευματικοῖς.
383 1373 589 1411 Καταφρόνησον
611 1375 663 1401 τῶν
689 1375 754 1408 σῶν,
777 1372 821 1401 καὶ

50 1414 142 1448 ἔλαθες
155 1415 188 1444 τὰ
201 1419 246 1445 τοῦ
260 1418 331 1446 Θεοῦ
343 1429 349 1435 ·
361 1418 482 1456 βούλεται
494 1419 571 1452 αὐτὸς
584 1423 668 1448 τοῦτο.
682 1419 821 1457 Καταφρό-

49 1472 128 1496 νησον
140 1463 187 1496 τῆς
197 1464 260 1500 γ’ἧς,
271 1463 315 1492 καὶ
332 1464 451 1503 ἅρπασον
462 1464 510 1500 τὴν
523 1466 659 1503 βασιλείαν
675 1468 726 1494 τῶν
743 1467 820 1504 οὖρα-

49 1508 98 1534 νῶν
108 1518 114 1525 ·
130 1509 183 1536 ἐκεῖ
204 1509 277 1548 δίαγε
287 1531 295 1544 ,
311 1509 347 1548 μὴ
365 1512 476 1540 ἐνταῦθα
489 1523 494 1528 ·
509 1512 608 1540 ἐκεῖθεν
633 1511 677 1540 ἔσο
692 1511 802 1550 φοῧερὸς
812 1533 819 1545 ,

51 1551 88 1590 μὴ
101 1553 223 1583 ἐνταῦθα.
237 1555 355 1585 Ἐκεῖθεν
370 1557 400 1585 ἂν
415 1553 446 1595 ἧς
459 1557 569 1596 φοὸερὸς
578 1581 585 1593 ,
599 1557 657 1596 οὐχὶ
672 1556 820 1595 ἀνθρώποις

51 1599 139 1636 μόνον,
155 1601 223 1630 ἀλλὰ
248 1602 292 1631 καὶ
316 1603 423 1641 δαίμοσι
438 1604 483 1632 καὶ
499 1605 569 1643 αὐτῷ
584 1605 622 1643 τῷ
637 1603 752 1643 διαῧόλῳ
771 1603 818 1642 ἔσῃ

49 1646 175 1686 φοὸερός·
191 1645 220 1676 ἂν
245 1647 271 1676 δὲ
293 1649 345 1678 ἀπὸ
369 1651 420 1678 τῶν
441 1650 589 1689 χρημάτων
610 1651 662 1678 τῶν
691 1650 818 1684 ἐνταῦθα,

49 1692 158 1726 ἐκείνοις
171 1695 396 1735 εὐκαταφρόνητος
406 1695 452 1735 ἔσῃ
462 1719 469 1731 ,
481 1696 609 1729 πολλάκις
624 1695 651 1725 δὲ
663 1696 708 1725 καὶ
721 1695 820 1734 ἀνθρώ-

49 1749 121 1771 ποις·
137 1738 184 1768 &aa
199 1740 229 1769 ἂν
249 1742 415 1781 πλουτήσῃς,
429 1745 455 1772 ἐν
477 1747 531 1776 τοῖς
548 1744 677 1775 δουλικοῖς
697 1742 819 1777 πλουτή-

49 1795 117 1817 σεις·
134 1785 164 1814 ἂν
179 1786 206 1815 δὲ
220 1786 319 1817 τούτων
335 1788 460 1827 ὑπερίδῃς
472 1812 480 1824 ,
499 1791 526 1818 ἐν
540 1791 578 1828 τῷ
601 1789 665 1829 οἴκῳ
679 1790 717 1828 τῷ
740 1790 819 1827 βασι-

48 1830 115 1870 λικῷ
129 1831 250 1872 λαμπρὸς
265 1833 323 1871 ἔσῃ.
335 1835 458 1864 Τοιοῦτοι
473 1831 540 1871 ἦσαν
556 1838 580 1865 οἱ
599 1836 752 1869 ἀπόστολοι,
772 1847 819 1864 κα-

48 1877 258 1916 ταφρονήσαντες
270 1883 318 1916 τῆς
334 1881 456 1916 δουλικῆς
467 1881 563 1917 οἰκίας,
579 1882 624 1910 καὶ
643 1884 694 1910 τῶν
709 1882 820 1910 ἐνταῦθα

49 1923 206 1960 χρημάτων.
219 1925 271 1954 Καὶ
283 1926 330 1965 ὅρα
345 1928 402 1958 πῶς
415 1931 469 1959 τοῖς
490 1928 655 1960 δεσποτικοῖς
667 1927 818 1956 ἐπέταττον.

657 149 701 172 ΑΙ)
727 149 870 173 ΤΙΜΟΤΗ.
900 148 978 173 CAP.

840 1476 859 1498 Ι)

1561 139 1629 186 785

888 212 962 240 triste
983 212 1042 240 erit.
1057 213 1133 241 Sicut
1153 213 1224 241 enim
1238 213 1260 241 is
1279 212 1325 250 qui
1347 222 1436 251 regem
1451 212 1533 249 videt,
1557 220 1582 242 et
1603 214 1630 241 iu

886 257 971 296 gratia
985 265 1023 286 est
1037 258 1110 298 apud
1122 259 1211 295 illurn,
1227 259 1296 288 nihil
1314 258 1445 287 nioestitiae
1465 259 1547 289 habet
1566 272 1572 288 ι
1593 260 1631 289 sic

886 305 989 334 etiamsi
1012 306 1046 335 ab
1070 306 1163 335 amicis
1184 306 1349 343 deseramur,
1368 306 1472 335 etiamsi
1488 307 1515 336 in
1535 306 1631 337 adver-

887 362 946 380 sum
969 353 1111 392 quidpiam
1135 353 1295 389 incidamus,
1319 353 1387 381 nihil
1411 353 1546 392 ingratum
1569 363 1629 382 scn-

886 398 999 435 flemus,
1018 400 1102 438 gratia
1118 400 1164 428 illa
1184 407 1311 439 praesente
1332 407 1357 428 et
1376 411 1425 429 nos
1441 400 1587 429 muniente.

926 446 954 473 4.
972 446 1115 480 Quomodo
1138 454 1226 475 autem
1250 457 1392 486 possumus
1412 447 1526 486 gratiam
1550 447 1629 476 nobis

887 491 1051 519 conciliare?
1067 492 1096 521 Si
1112 503 1140 520 ea
1156 503 1214 530 quae
1240 494 1296 521 Deo
1310 500 1372 521 sunt
1391 500 1467 532 grata
1486 494 1628 531 faciamus,

885 536 949 564 etin
963 537 1091 566 omnibus
1106 537 1158 577 ipsi
1175 539 1364 576 obsequamur.
1381 541 1475 568 Annon
1497 540 1576 569 etiam
1600 540 1627 569 in

1007 150 1056 174 IV.
1086 151 1205 174 nomn„
1235 151 1267 174 X.

885 583 990 621 magnis
1011 583 1140 612 domibus
1160 585 1286 613 videmus
1301 586 1361 614 illos
1376 587 1490 615 famulos
1503 587 1529 615 in
1542 588 1629 626 gratia

883 639 948 666 esse,
961 630 1007 668 qui
1025 641 1076 658 non
1091 641 1137 659 sua
1152 638 1261 667 curant,
1285 632 1332 660 sed
1347 643 1406 670 quae
1423 633 1456 661 ad
1476 633 1553 662 heros
1569 645 1630 674 spe-

882 681 964 711 ctant,
977 682 1031 705 toto
1043 677 1143 713 animo,
1154 687 1205 705 non
1218 677 1246 705 vi
1259 677 1396 706 servitutis
1410 678 1497 706 adacti
1511 702 1518 715 ‚
1533 680 1579 708 scd
1596 691 1628 708 ex

881 721 1029 758 alacritate,
1049 722 1094 751 sed
1111 733 1143 751 ex
1160 723 1256 751 affectu
1270 723 1359 752 omnia
1378 731 1448 752 recte
1462 724 1632 763 disponunt?

882 775 943 794 cum
959 776 1063 805 semper
1076 767 1174 795 adsunt
1195 767 1305 796 illorum
1319 768 1490 807 conspectui,
1505 779 1565 797 cum
1580 769 1630 797 do-

881 812 918 840 mi
941 819 1094 850 versantur,
1110 824 1171 842 cum
1195 814 1264 842 nihil
1287 814 1338 842 sibi
1354 814 1495 853 proprium
1517 822 1627 850 curant,

880 857 927 886 sed
946 858 1002 887 suis
1026 870 1068 888 res
1092 859 1265 889 dominorum
1282 860 1469 899 anteponunt?
1485 861 1539 897 Qui
1555 861 1626 889 enim

881 904 970 932 omnia
984 915 1032 933 sua
1055 905 1113 934 heri
1133 906 1175 934 sui
1191 916 1246 935 esse
1265 906 1418 942 constituit,
1432 916 1484 934 non
1493 907 1550 946 jam
1566 917 1626 945 quae

880 961 928 979 sua
946 959 1007 980 sunt
1023 952 1079 981 heri
1095 964 1151 981 esse
1168 953 1229 981 fecit
1239 977 1246 989 ‚
1258 953 1303 982 sed
1320 964 1379 991 quae
1394 953 1451 982 heri
1461 976 1468 989 ,
1482 964 1529 982 sua
1544 954 1626 991 secit3

880 997 992 1036 perinde
1014 1005 1094 1037 atque
1121 999 1166 1028 ille
1184 999 1299 1039 imperat
1314 999 1341 1027 in
1358 999 1512 1028 domesticis
1534 1001 1625 1029 rebus.

882 1043 924 1072 Ex
939 1045 1073 1074 conservis
1087 1052 1177 1074 autem
1191 1046 1269 1074 multi
1284 1046 1371 1084 magis
1390 1046 1470 1074 illum
1484 1046 1587 1083 timent,
1598 1054 1625 1076 et

879 1089 951 1128 quod
972 1090 1017 1119 ille
1032 1090 1133 1119 dixerit
1143 1114 1150 1128 ‚
1162 1091 1213 1120 hoc
1225 1098 1249 1120 et
1266 1091 1393 1120 dominus
1412 1091 1480 1120 dicit
1495 1104 1501 1119 :
1516 1102 1624 1121 omnes-

880 1148 931 1175 que
947 1137 1050 1167 inimici
1062 1139 1171 1168 demum
1187 1139 1214 1168 in
1230 1139 1325 1168 timore
1339 1146 1489 1168 versantur.
1505 1139 1585 1174 Quod
1601 1140 1623 1168 si

879 1185 905 1214 in
920 1186 1093 1215 saecularibus
1107 1187 1154 1225 qui
1175 1198 1221 1215 sua
1237 1187 1365 1227 despicit,
1381 1194 1406 1216 et
1420 1198 1478 1226 quae
1492 1187 1549 1216 heri
1561 1195 1624 1216 sunt

879 1238 964 1267 curat,
977 1242 1029 1261 non
1047 1243 1094 1261 sua
1119 1243 1181 1262 vere
1201 1233 1325 1272 despicit,
1342 1233 1390 1262 sed
1407 1234 1508 1273 majora
1531 1244 1624 1262 conse-

879 1277 971 1315 quitur
989 1290 994 1306 :
1012 1279 1097 1307 multo
1122 1279 1207 1317 inagis
1224 1279 1252 1307 in
1273 1278 1471 1318 spiritualibus.
1492 1281 1559 1316 Quae
1577 1288 1622 1309 tua

879 1331 939 1352 sunt
959 1332 1113 1362 contemne,
1128 1332 1153 1354 et
1168 1336 1227 1363 quae
1244 1326 1294 1354 Dei
1316 1332 1378 1354 sunt
1398 1327 1522 1366 accepisti
1540 1339 1546 1354 :
1571 1327 1623 1356 hoc

878 1369 935 1408 ipse
955 1371 1024 1399 vult.
1042 1371 1155 1411 Despice
1169 1378 1278 1406 terram,
1294 1377 1319 1400 et
1333 1371 1426 1411 abripe
1439 1383 1551 1411 regnum
1568 1384 1622 1402 cae—

878 1415 966 1444 lorum
979 1428 985 1443 :
998 1417 1055 1446 illic
1069 1417 1182 1447 verseris
1195 1440 1202 1453 ,
1223 1428 1276 1446 non
1296 1417 1341 1446 hic
1357 1429 1362 1444 :
1377 1418 1438 1446 inde
1448 1441 1455 1455 ,
1475 1429 1528 1447 non
1543 1419 1618 1455 hinc,

878 1463 1008 1491 terribilis
1021 1463 1066 1492 sis.
1080 1464 1145 1492 Inde
1159 1464 1180 1492 si
1196 1474 1223 1492 es
1237 1464 1367 1492 terribilis
1378 1486 1385 1498 ‚
1396 1475 1447 1493 non
1464 1465 1622 1494 hominibus

877 1514 992 1546 tantum,
1007 1508 1053 1537 sed
1063 1509 1143 1537 etiam
1153 1509 1323 1538 daemonibus
1337 1510 1387 1538 eris
1397 1516 1422 1538 et
1434 1510 1485 1549 ipsi
1495 1509 1620 1540 diabolo:

876 1554 916 1582 sin
938 1561 1027 1583 autem
1040 1565 1054 1583 a
1068 1555 1179 1583 terrenis
1202 1555 1284 1584 metui
1305 1555 1391 1591 velis,
1408 1555 1462 1584 illis
1483 1555 1621 1596 despectui

876 1599 936 1637 eris,
954 1611 985 1629 ac
999 1611 1068 1640 saepc
1081 1601 1162 1629 etiam
1180 1600 1335 1629 hominibus
1348 1613 1355 1627 .·
1371 1608 1622 1641 quantumcumque

876 1647 952 1676 dives
966 1648 1057 1685 fueris,
1072 1648 1098 1677 in
1113 1648 1257 1678 servilibus
1272 1648 1348 1678 dives
1362 1649 1414 1677 eris
1428 1661 1433 1676 ε
1450 1650 1471 1678 si
1487 1660 1549 1679 vcro
1564 1650 1621 1679 haec

877 1694 1017 1733 despicias,
1034 1694 1060 1723 in
1081 1695 1154 1734 regia
1179 1695 1260 1723 domo
1280 1695 1333 1723 eris
1357 1695 1524 1734 splendidus.
1540 1697 1621 1725 Tales

877 1741 1096 1780 eranvapostoli,
1112 1741 1158 1780 qui
1178 1742 1304 1770 servilem
1326 1741 1438 1770 domum
1459 1750 1484 1771 et
1504 1750 1622 1772 terrenas

877 1797 939 1825 opes
949 1786 1142 1826 despiciebant.
1159 1786 1193 1815 Et
1209 1787 1273 1815 vide
1289 1787 1423 1824 quomodo
1435 1787 1462 1816 in
1478 1787 1621 1817 dominicis

878 1832 982 1861 :edibus
1006 1840 1177 1872 imperarent.
1193 1833 1257 1870 Ille,
1273 1833 1395 1869 aiebant,
1411 1845 1426 1863 a
1443 1835 1538 1864 morbo
1553 1835 1621 1864 lihe-

878 1886 951 1907 retur
961 1901 968 1913 ‚
980 1879 1025 1908 ille
1038 1891 1052 1907 a
1068 1879 1238 1908 daemonibus
1251 1892 1257 1907 :
1274 1879 1353 1908 illum
1366 1880 1419 1919 liga
1429 1903 1437 1917 ,
1452 1881 1525 1910 hunc
1538 1882 1620 1911 solve.

876 1924 940 1953 Haec
956 1924 983 1952 in
1002 1932 1072 1953 terra
1093 1926 1209 1962 fiebant,
1224 1925 1271 1954 sed
1286 1933 1421 1964 tamquam
1436 1926 1462 1954 in
1477 1927 1541 1956 caelo
1557 1938 1621 1956 con-

874 1971 1100 1999 summabantur:
1121 1972 1316 2011 Quaecumque
1336 1974 1412 2000 enim
1439 1973 1617 2012 ligaveritis,
1632 1987 1718 2009 Mum„
1738 1986 1774 2009 ι3,

874 2017 972 2055 inquit,
986 2028 1072 2057 super
1085 2025 1193 2047 terram
1203 2041 1210 2055 ‚
1226 2025 1310 2047 erunt
1326 2020 1419 2059 ligata
1431 2027 1459 2048 et
1472 2022 1503 2048 in
1518 2022 1597 2050 coelis
1606 2034 1618 2055 ‚·
1634 2018 1670 2040 ¹3·

873 2069 898 2091 et
913 2064 1042 2103 majorem
1057 2075 1103 2093 sua
1119 2064 1195 2093 dedit
1209 2065 1264 2094 illis
1278 2072 1442 2105 potestatem.
1457 2066 1537 2102 Quod
1553 2078 1617 2096 vero

872 2119 925 2137 non
938 2110 1062 2146 mentiar,
1074 2109 1138 2138 audi
1155 2110 1233 2140 illum
1246 2111 1396 2140 dicentem:
1415 2114 1472 2151 Qui
1483 2114 1574 2143 credit
1586 2116 1617 2142 in
1631 2122 1697 2144 Imm.
1716 2121 1750 2151 Ν..

873 2166 927 2188 me,
942 2157 1058 2195 majora
1071 2167 1163 2196 quam
1177 2167 1228 2196 ego
1239 2158 1334 2197 facio,
1351 2160 1411 2198 ipse
1429 2161 1531 2196 saciet.
1543 2161 1617 2196 Qua·
1634 2160 1669 2175 ¹²·

49 1966 84 1996 ‘O
100 1969 186 2005 δεῖνα,
201 1971 290 2009 φησὶν,
313 1973 479 2011 ἀπηλλάχθω
495 1973 585 2008 νόσου,
611 1974 699 2012 ἕτερος
722 1973 819 2010 δαιμό-

50 2026 111 2051 νων,
127 2016 173 2045 καὶ
196 2018 276 2052 δ’ἧσον
293 2019 404 2055 ἐκεῖνον,
421 2019 466 2047 καὶ
484 2020 562 2048 λῦσον
577 2023 676 2049 τοῦτον.
690 2019 754 2048 Ἐπὶ
771 2022 820 2058 γῆς

48 2064 126 2091 τοῦτο
133 2062 233 2102 ἐγίνετο
241 2087 248 2100 ,
258 2065 315 2093 ἀλλ’
327 2066 363 2098 ὡς
375 2066 401 2094 ἐν
414 2065 532 2105 οὐρανοῖς
543 2067 666 2096 ἐτελεῖτο.
681 2065 756 2095 ”Οσα
768 2066 819 2104 γὰρ

49 2107 80 2135 ἂν
95 2109 209 2145 δήσητε,
225 2110 316 2149 φησὶν,
332 2111 376 2140 ἐπὶ
399 2113 462 2150 γῆς,
477 2111 551 2141 ἔσται
577 2113 703 2150 δεδεμένα
727 2113 754 2141 ἐν
779 2114 817 2152 τῷ

48 2155 159 2194 οὐρανῷ.
178 2156 230 2185 Καὶ
246 2156 351 2195 μείζονα
371 2159 458 2190 αὐτοῖς
478 2157 574 2187 ἔδωκεν
590 2161 668 2187 αὐτοῦ
689 2157 817 2191 ἐξουσίαν.

47 2198 102 2228 Καὶ
116 2200 156 2229 ὅτι
177 2202 223 2230 οὐκ
244 2202 407 2241 ἐψευσάμην,
431 2203 510 2232 ἄκουε
533 2205 612 2232 αὐτοῦ
630 2204 762 2242 λέγοντος·
784 2203 818 2233 Ὁ

47 2246 176 2275 πιστεύων
192 2249 228 2279 εἷς
244 2247 304 2285 ἐμὲ,
320 2247 426 2286 μείζονα
439 2248 547 2284 ποιήσει
567 2245 603 2278 ὧν
619 2249 671 2288 ἐγὼ
694 2252 770 2279 ποιῶ.
783 2249 818 2278 Τί

48 2292 146 2327 δήποτε
153 2304 162 2329 ;
178 2293 240 2322 UOct
255 2294 300 2323 καὶ
322 2293 404 2328 οὕτως
425 2295 461 2328 εἷς
483 2294 527 2324 τὸν
545 2296 684 2332 Δεσπότην
709 2299 726 2331 ἦ
750 2295 817 2334 τιμὴ

48 2338 188 2367 διαῧαίνει.
204 2339 283 2368 Ἐπεὶ
300 2340 345 2368 καὶ
368 2341 395 2369 ἐν
416 2345 469 2374 τοῖς
491 2341 632 2382 ἡμετέροις
649 2342 816 2382 πράγμασιν,

47 2384 111 2412 ὅταν
127 2385 230 2424 μεγάλα
247 2386 355 2421 δύνηται
369 2388 383 2415 ὁ
399 2387 516 2423 οἰκέτης,
532 2389 631 2426 μᾶλλον
654 2388 817 2427 θαυμάζεται

872 2202 924 2231 re?
948 2203 1084 2239 Quoniam
1108 2204 1147 2233 sic
1172 2215 1278 2243 quoque
1299 2205 1386 2234 honor
1408 2205 1443 2234 ad
1470 2207 1619 2237 Dominum

873 2249 976 2279 transit.
997 2250 1066 2278 Nam
1081 2249 1108 2279 in
1125 2251 1223 2280 nostris
1234 2261 1340 2290 quoque
1350 2251 1441 2287 rebus,
1456 2263 1518 2281 cum
1530 2254 1619 2283 famu—

872 2294 914 2323 lus
928 2305 1024 2334 magna
1039 2295 1126 2325 facere
1140 2303 1238 2336 potest,
1253 2296 1379 2326 dominus
1395 2297 1490 2337 majori
1509 2306 1547 2327 est
1566 2299 1619 2328 ad-

872 2340 1019 2370 mirationi.
1035 2341 1065 2370 Si
1079 2341 1151 2371 enim
1172 2343 1290 2372 famulus
1309 2349 1379 2371 tanta
1395 2351 1501 2383 potest,
1518 2352 1618 2382 quanto

871 2388 958 2427 magis
972 2389 1019 2427 qui
1034 2389 1085 2429 ipsi
1099 2389 1237 2429 imperat?
1254 2390 1336 2426 Quod
1351 2390 1372 2419 si
1387 2391 1447 2429 quis
1463 2392 1555 2421 relicto
1567 2393 1618 2422 do-

47 2433 61 2459 ὁ
72 2430 211 2466 δεσπότης.
226 2433 259 2461 liz
270 2431 322 2471 γὰρ
336 2434 349 2461 ὁ
363 2432 465 2469 οἰκέτης
475 2437 590 2462 τοσαῦτα
603 2435 727 2471 δύναται,
742 2434 817 2474 πόσῳ
838 2443 854 2465 Γ
872 2436 939 2465 mini
955 2437 1104 2466 ministerio
1114 2460 1122 2475 ,
1137 2448 1247 2467 uxorein
1269 2449 1344 2467 suain
1359 2446 1431 2468 curet
1448 2446 1471 2468 et
1487 2440 1574 2470 fllium
1592 2449 1617 2470 et

81 2536 92 2548 ¹
113 2533 249 2568 [Commd.
262 2535 348 2560 inserit
362 2539 416 2561 Ξταν
427 2539 459 2561 ἀεὶ
473 2539 580 2571 τρέχωτιν
590 2536 613 2567 5]
