1893 2860
457 148 490 171 tx
518 148 625 171 Et‘tST.

70 222 138 249 γεις;
153 211 214 239 Τῶν
240 209 440 248 ἁμαρτημάτων
464 220 493 237 σε
514 210 590 241 αὐτὸς
612 210 722 248 ἅςιῆκεν,
744 211 837 238 οὐκοῦν

71 257 116 285 καὶ
130 255 207 289 αὐτὸς
218 255 394 294 προσήγαγεν.
410 254 479 290 Ἤδη
502 255 717 294 προκατεέάλετο
735 258 779 284 τοῦ
794 255 840 282 δό-

72 314 172 341 γματος
188 303 236 337 τὴν
252 301 333 340 ῥίζαν.

109 491 184 524 Τέως
203 491 230 519 δὲ
256 492 340 520 ἐκεῖνο
364 490 484 523 εἰπόντας
503 493 673 520 καταπαῦσαι
693 491 736 519 τὸν
763 490 840 528 λόγον

71 537 181 576 ἀνάγκη.
198 538 277 566 Ποῖον
294 537 324 573 δὴ
340 540 433 573 τοῧτο;
446 536 511 565 ιὈτι
529 537 659 571 τοσαύτης
674 536 840 564 ἀπολαύσαν-

70 595 112 616 τες
125 583 274 622 εὖεργεσίας
288 584 328 612 ἀεὶ
342 584 439 618 ταύτης
463 585 613 621 μεμνῆσθαι
631 581 779 620 ὀφείλομεν,
795 581 840 609 καὶ

69 628 190 668 στρέφειν
207 629 346 661 διαπαντὸς
362 630 389 657 ἐν
410 630 512 660 ἑαυτοῖς
525 628 573 662 τὴν
587 630 632 656 τοῦ
645 630 715 656 Θεοῦ
729 626 838 666 δωρεὰν,

70 674 114 703 καὶ
127 674 204 703 τίνων
219 674 423 712 ἀπηλλάγημεν,
438 673 483 702 καὶ
497 673 573 702 τίνων
586 672 712 711 ἐτύχομεν
726 673 821 701 ἐννοεῖν
834 684 839 690 ·

71 720 115 749 καὶ
125 720 206 752 οὕτως
221 719 335 758 ἐσόμεθα
348 719 500 759 εὐχάριστοι
509 742 516 755 ,
531 718 598 747 οὕτω
613 718 660 753 τὴν
673 718 780 757 ἀγάπην
792 718 840 753 τὴν

70 765 134 806 πρὸς
158 766 236 794 αὐτὸν
261 767 437 803 ἐπιτενοῖῖμεν.
461 764 496 794 Τί
521 764 621 803 λε’-(εις,
644 765 779 804 ἄνθρωπε;
804 766 841 797 εἷς

72 811 206 850 βασιλείαν
229 811 377 847 κέκλησαι,
401 812 436 844 εἷς
463 811 598 850 βασιλείαν
611 811 676 840 rior,
700 813 744 840 τοῦ
757 812 840 846 Θεοῦ,

70 857 115 886 καὶ
130 857 237 897 χάσμης
251 859 398 898 πληροῦσαι
409 880 416 893 ,
429 857 474 885 καὶ
488 861 597 891 κνᾶσαι,
612 856 657 885 καὶ
679 862 790 896 ναρκᾷςς
801 858 840 886 Ἐἴ

70 903 121 942 γὰρ
137 905 173 936 εἷς
186 902 293 942 μυρίους
313 903 438 936 Θανάτους
451 904 571 939 πηδῆσαι
583 903 696 938 ἑκάστης
710 904 757 937 τῆς
771 903 840 941 ἡμέ-

73 960 119 988 ρας
132 948 200 984 ἔδει,
214 949 243 976 οὗ
254 948 341 978 πάντα
361 950 442 988 ἐχρῆν
460 950 614 986 ὗπομεῖναι;
627 948 696 977 Ἀλλ’
715 948 780 986 ὑπὲρ
794 948 840 986 μὲν

73 996 157 1034 ἀρχῆς
170 999 222 1023 πᾶν
245 996 330 1023 ὁτιοῦν
350 999 451 1029 ποιεῖς,
466 996 513 1029 τῆς
534 993 562 1022 δὲ
586 994 720 1032 βασιλείας
738 993 840 1031 μέλλων

73 1045 204 1069 κοινωνεῖν
219 1042 266 1075 τῆς
282 1043 327 1069 τοῦ
344 1042 506 1079 Μονογενοῧς
521 1041 550 1068 οὖ
570 1040 690 1079 καθάλλῃ
702 1039 771 1068 κατὰ
787 1052 841 1078 μυ-

73 1086 135 1125 ρίων
151 1085 242 1125 ξιφῶν,
256 1088 302 1115 οὒκ
327 1087 448 1126 ἐμπηδᾷς
469 1088 504 1119 εἷς
525 1089 592 1126 πῦρ,
608 1086 661 1115 Καὶ
678 1086 750 1114 οὔπω
765 1088 842 1115 τοῦτο

74 1132 166 1168 δεινὸν,
182 1133 239 1161 ἀλλ’
255 1132 295 1161 ὅτι
309 1133 354 1161 καί
367 1133 470 1170 μέλλων
483 1132 589 1161 ἀπιέναι
603 1136 721 1171 Ορηνεῖς,
733 1132 779 1162 καὶ
791 1133 841 1170 ἐμ-

74 1178 230 1217 φιλοχωρεῖς
256 1183 310 1210 τοῖς
336 1179 447 1207 ἐνταῦθα
471 1177 656 1217 φιλοσώματος
677 1177 722 1206 ὤν.
747 1178 784 1207 Τι’
810 1178 841 1213 δὴ

75 1225 168 1259 τοῦτο;
186 1223 231 1252 καὶ
245 1224 289 1253 τὸν
304 1224 415 1253 Θάνατον
429 1225 535 1263 φρικτὸν
551 1228 663 1263 πρᾶγμα
677 1220 744 1253 εἶναι
768 1225 844 1263 νομί-

76 1270 139 1305 ζεις;
155 1269 190 1299 ‘H
205 1270 290 1309 τρυφὴ
305 1269 404 1298 τούτων
421 1269 505 1305 αἰτία,
518 1273 535 1304 ἢ
550 1270 650 1302 ἄνεσις·
664 1270 721 1299 ἐπεὶ
735 1271 779 1308 ὅγε
795 1283 843 1300 κα-

75 1315 204 1355 τάπικρον
226 1316 282 1354 βίον
297 1316 357 1351 ζῶν,
385 1315 430 1344 καὶ
451 1317 618 1354 πτερωθῆναι
642 1316 728 1344 ἕλοιτο
750 1316 779 1344 ἂν
798 1317 843 1344 καὶ

75 1361 262 1399 ἀπαλλαγῆναι
271 1363 397 1389 ἐντεῦθεν.
406 1362 462 1390 Νῦν
477 1361 504 1389 δὲ
514 1361 608 1389 ταύτὸν
622 1361 773 1399 πάσχομεν,
789 1358 842 1390 οἷον

73 1407 98 1434 οἱ
111 1405 210 1434 νεοττοὶ
225 1404 432 1443 μαλακισῡέντες
442 1427 449 1441 ,
469 1404 610 1437 διαπαντὸς
627 1404 672 1432 ἐπὶ
686 1407 734 1440 τῆς
747 1407 842 1438 καλιᾶς

73 1451 160 1488 μένειν
175 1451 316 1483 ἐθέλοντες.
332 1450 402 1479 Ἀλλ’
418 1449 523 1490 ὅσῳπερ
537 1449 567 1477 ἂν
580 1448 711 1487 μένωμεν,
725 1451 840 1490 τοσούτῳ

73 1496 186 1535 ἐσόμεθα
195 1496 386 1536 ἀσθενέστεροι.
402 1496 490 1525 Karka&
503 1495 554 1535 γὰρ
566 1499 579 1525 ὅ
589 1495 681 1535 παρὼν
695 1497 750 1534 βίος
760 1497 840 1533 ἐστὶν,

73 1543 126 1572 ἀπὸ
145 1545 253 1582 καρφῶν
269 1543 314 1571 καὶ
332 1544 417 1579 πηλοῦ
441 1541 694 1581 συγκεκολλημένος.
718 1543 773 1571 Κᾶν
793 1543 842 1576 τὰς

73 1588 190 1627 μεγάλας
206 1600 251 1627 μοι
271 1588 356 1628 δείξῃς
377 1588 476 1625 οἰκίας,
492 1587 541 1616 κᾶν
568 1588 636 1617 αὐτὰ
660 1588 695 1617 τὰ
719 1588 841 1626 βασίλεια

73 1634 212 1672 λάμποντα
226 1635 316 1674 πολλῷ
336 1635 374 1673 τῷ
398 1636 491 1673 χρυσῷ
513 1634 625 1667 καὶτοῖς
646 1634 746 1670 λίθοις,
768 1634 840 1664 οὐδὲν

73 1679 198 1717 οἰήσομαι
213 1679 343 1719 διαφέρειν
366 1681 459 1713 καλιᾶς
474 1679 616 1719 χελιδόνων
627 1691 633 1698 ·
647 1684 693 1709 τοῦ
714 1680 766 1720 γὰρ
779 1692 841 1720 χει-

73 1727 159 1763 μῶνος
179 1726 348 1762 ἐπιστάντος,
366 1725 502 1763 αὐτόματα
523 1726 611 1755 πάντα
625 1730 759 1755 πεσεῖται·
781 1739 841 1766 χει-

73 1773 148 1809 μῶνα
165 1771 192 1800 δὲ
213 1771 261 1807 τὴν
275 1771 378 1811 ἡμέραν
397 1771 499 1807 ἐκείνην
523 1772 608 1810 λέγω,
623 1772 682 1811 οὐχὶ
705 1777 772 1801 πᾶσι
786 1785 841 1812 χει-

74 1819 157 1855 μῶνα.
169 1816 182 1832 ⁶
192 1817 271 1847 Ἐπεὶ
284 1817 329 1846 καὶ
342 1819 356 1846 ὅ
370 1818 438 1850 Θεὸς
452 1818 533 1846 νύκτα
552 1830 581 1847 τε
594 1820 660 1857 ὁμοῦ
674 1818 720 1847 καὶ
738 1819 840 1858 ἡμέραν

72 1863 117 1892 τὸν
128 1863 218 1903 καιρὸν
231 1865 328 1893 ἐκεῖνον
345 1864 436 1900 καλεῖ,
451 1864 482 1893 τὸ
498 1863 544 1902 μὲν
557 1864 622 1904 πρὸς
637 1865 696 1898 τοὺς
711 1866 840 1905 ἁμαρτω*

73 1908 143 1946 λοὺς,
153 1909 184 1938 τὸ
194 1909 222 1938 δὲ
232 1910 298 1948 πρὸς
310 1909 371 1942 τοὺς
380 1909 504 1942 δικαίους.
514 1909 594 1939 Οὕτω
606 1910 652 1940 καὶ
662 1910 715 1949 ἐγὼ
726 1914 770 1940 νῦν
784 1924 841 1951 χει-

72 1957 148 1993 μῶνα
162 1954 244 1990 αὐτὴν
262 1957 344 1984 καλῶ.
354 1955 400 1984 Ἂν
417 1956 444 1984 ἐν
459 1958 497 1995 τῷ
513 1956 582 1995 Θέρει
598 1956 635 1994 μὴ
649 1958 840 1997 οέκτραφῶμεν

70 2002 174 2037 καλῶς,
188 2000 258 2030 ὥστε
273 2001 399 2030 δύνασθαι
417 2000 544 2030 ἵπτασθαι
566 2005 611 2031 τοῦ
631 2005 762 2041 χειμῶνος
780 2005 840 2033 ἐπι-

69 2047 192 2083 στάντος,
205 2047 234 2075 οὗ
247 2046 377 2085 λήψονται
390 2049 462 2084 ἡμᾶς
478 2048 504 2076 αῖ
516 2047 642 2087 μητέρες,
657 2050 716 2077 ἀλλ’
732 2050 839 2078 ἐάσουσι

68 2093 106 2131 τῷ
122 2094 193 2132 λιμῷ
211 2092 431 2132 διαφθαρῆναι,ἢ
447 2094 493 2127 τῆς
508 2095 602 2125 καλιᾶς
623 2094 754 2130 πεσούσης
769 2096 839 2124 ἀπο-

67 2139 170 2168 λέσθαι.
187 2139 314 2177 Καθάπερ
326 2138 376 2177 γὰρ
387 2138 491 2174 καλιὰν,
508 2140 607 2176 μᾶλλον
625 2139 653 2168 δὲ
665 2140 709 2168 καὶ
722 2140 838 2169 εὐκολώ-

68 2195 142 2223 τερον
157 2183 272 2221 ταύτης,
287 2184 391 2212 ἅπαντα
416 2187 536 2223 καθαιρεῖ
560 2185 619 2214 τότε
640 2187 654 2214 ὁ
673 2186 757 2242 Θεὸς,
774 2188 837 2214 ἀνοι-

35 2244 38 2247 ·
69 2229 202 2263 σκευάζων
214 2230 258 2258 καὶ
271 2230 489 2269 μεταῤῥυθμίζων
504 2230 699 2260 ἅπαντα.οἱ
685 2244 740 2261 οεα
724 2233 823 2268 απτηνε
827 2245 838 2265 ς

69 2275 141 2304 καὶ’
126 2278 280 2311 απαντῆσαι
293 2277 364 2315 αὐτῷ
377 2276 440 2314 μὴ
426 2276 564 2315 ουνᾶμενοι
580 2278 616 2310 εἷς
629 2277 672 2306 τὸν
686 2278 765 2317 ἀέρα,
779 2280 838 2307 ἀλλ

69 2320 137 2350 οὕτω
156 2320 293 2359 βαναύσως
317 2333 471 2361 τραφεντες,
486 2324 521 2356 ὡς
536 2323 573 2360 μὴ
596 2323 665 2362 ἔχειν
691 2336 721 2353 το
741 2336 836 2365 πτερον

69 2375 173 2412 κοῦφον,
197 2373 333 2403 πείσονται
355 2375 459 2403 ἅπαντα
483 2378 586 2409 ταῖτα,
602 2387 670 2416 απερ
691 2377 758 2409 εἰκος
780 2377 840 2410 τοὺς

70 2423 136 2452 οὕτω
150 2425 328 2463 διακειμένους
342 2429 443 2456 παθεῖν.
454 2427 488 2456 ἹΙ
505 2427 551 2466 μὲν
568 2423 614 2457 οἶν
629 2430 680 2457 τῶν
697 2429 839 2468 χελιδόνιον

103 2520 115 2539 b
134 2518 229 2554 [Iidem
239 2523 337 2550 addunt
352 2527 411 2550 ἀλλὰ
424 2531 467 2555 7535
478 2528 589 2558 fi²9¹2j½1=¹
600 2530 770 2561 'semusti-157]

657 149 675 170 A
683 149 701 170 Ι)
728 148 851 170 COLoss
858 163 865 170 .

895 147 973 170 civ.
1005 149 1027 170 t.
1057 149 1177 172 uomit..
1208 149 1244 171 11.
1570 140 1638 184 589

894 209 1011 248 amplius
1025 209 1125 245 (licere,
1141 211 1228 250 majus
1239 217 1277 239 est
1293 220 1361 250 opus
1376 210 1451 239 Filii.
1471 210 1613 245 Quomodo
1624 213 1639 239 ἶ)

896 254 968 282 Illud
978 255 1049 283 enim
1065 255 1123 284 ficri
1137 266 1188 284 non
1205 262 1299 295 potest,
1311 263 1341 284 ut
1353 256 1524 285 manentibus
1537 257 1563 285 in
1577 268 1641 296 pec-

896 298 962 327 catis
976 298 1021 327 det
1035 309 1166 337 regnum3
1183 299 1233 328 hoc
1249 306 1337 328 autem
1352 306 1390 328 est
1411 300 1639 338 faciliuszquam-

895 344 988 373 obrem
1002 344 1037 373 ad
1052 344 1154 373 donum
1169 345 1241 374 viam
1265 345 1372 373 muniit.
1387 345 1461 381 Quid
1472 345 1541 374 dieis
1555 346 1568 374 ἶ)
1580 346 1642 385 Ipse

896 389 944 417 tibi
960 397 1067 428 peccata
1076 390 1194 419 remisit:
1205 401 1269 429 ergo
1283 398 1308 419 te
1319 401 1427 429 quoque
1441 390 1566 420 adduxit.
1579 393 1642 421 ,Iam

896 442 1032 474 tamquam
1050 436 1252 465 fundamentum
1266 437 1332 476 jecit
1346 437 1464 466 radicem
1477 437 1621 476 dogmatis.

935 487 963 515 4.
978 487 1089 514 Interim
1105 494 1195 515 autem
1211 497 1271 515 cum
1287 487 1356 515 illud
1374 487 1536 526 dixerimus,
1560 489 1641 518 finem

896 532 1064 571 imponemus
1087 533 1150 560 huic
1171 533 1295 561 orationi.
1316 532 1454 567 Quidnam
1476 541 1564 562 autem
1590 535 1641 563 hoe

895 578 955 606 cst?
965 577 1045 612 Quod
1058 584 1161 606 tantum
1171 578 1308 616 assequuti
1319 577 1489 615 beneficium,
1501 581 1557 618 ejus
1572 591 1640 609 scm-

894 634 942 662 pet·
957 623 1086 651 dehemus
1101 623 1264 660 meminisse,
1285 630 1310 651 et
1331 624 1382 651 Dei
1397 624 1498 652 donum
1522 625 1548 653 in
1565 627 1642 654 nobis

895 676 1024 708 perpetuo
1039 679 1160 706 versare,
1176 679 1191 697 a
1213 669 1377 707 quibusnam
1392 669 1514 707 liberati,
1527 677 1553 699 ct
1565 682 1643 709 qua:-

896 726 957 744 nam
972 715 1062 755 adepti
1082 726 1174 744 sumus
1188 716 1325 755 cogitar05
1341 723 1366 744 et
1386 716 1425 744 sic
1443 717 1513 755 grati
1530 717 1642 752 crimus,

895 762 934 790 sic
950 761 1087 790 caritatem
1109 762 1137 790 in
1163 772 1224 790 eum
1248 761 1417 800 augebimus,
1439 762 1513 797 Quid
1528 763 1608 799 dicis,
1625 774 1640 791 ο

896 807 996 836 homo?
1006 814 1115 837 vocatus
1126 817 1152 836 es
1163 806 1197 835 ad
1209 817 1331 846 regnum,
1340 807 1375 836 ad
1383 818 1495 846 regnum
1506 809 1568 837 Filii
1580 810 1641 845 Dei,

896 853 1007 892 hiasquc
1023 860 1094 882 totus
1117 860 1142 882 et
1164 853 1276 890 oscitas,
1290 853 1424 892 fricasque
1440 861 1465 882 et
1486 854 1584 894 scalpis
1595 877 1602 891 ‚
1618 863 1643 884 et

897 900 1045 939 torpescis?
1056 900 1085 929 Si
1100 900 1170 928 enim
1183 899 1224 928 vel
1235 899 1262 928 in
1275 899 1349 928 mille
1358 906 1456 928 mortes
1473 907 1497 929 te
1511 908 1645 940 oporteret

896 947 1000 976 insilire
1013 947 1144 985 quotidie,
1155 957 1243 976 annun
1259 954 1347 976 essent
1362 947 1452 976 omnia
1468 948 1644 977 sustinenda?

897 993 950 1022 Sed
964 1001 993 1022 ut
1009 993 1196 1032 magistratum
1208 993 1319 1031 quidem
1335 993 1497 1031 assequaris,
1511 994 1580 1022 nihil
1591 1005 1643 1024 non

896 1040 979 1077 facis;
996 1040 1137 1078 Unigeniti
1151 1046 1241 1068 autem
1264 1039 1341 1078 regni
1364 1039 1472 1068 futurus
1493 1040 1644 1080 partit-eps,

897 1097 949 1116 non
965 1087 991 1116 in
1004 1087 1078 1115 mille
1090 1097 1164 1115 enses
1179 1086 1275 1123 insilis,
1286 1097 1339 1115 non
1353 1086 1379 1114 in
1394 1087 1483 1124 ignem
1497 1093 1522 1115 te
1534 1087 1644 1126 injicis?

897 1133 933 1162 Et
946 1132 997 1161 hoe
1011 1132 1132 1161 nondum
1144 1133 1179 1161 ita
1196 1143 1278 1171 grave
1292 1139 1341 1169 est,
1354 1131 1402 1160 sed
1416 1132 1489 1170 quod
1503 1133 1583 1161 etiam
1596 1143 1642 1162 ex-

897 1189 1029 1215 cessurus,
1036 1178 1200 1215 lamentaris,
1207 1185 1231 1206 et
1240 1178 1285 1206 hic
1292 1177 1416 1207 lubenter
1422 1179 1539 1207 versaris
1549 1191 1642 1209 amans

899 1224 1028 1263 corporis.
1041 1224 1116 1259 Quid
1129 1234 1192 1252 vero
1201 1223 1215 1252 ‘2’
1227 1223 1342 1252 etiamne
1357 1231 1469 1252 mortem
1481 1235 1573 1254 censes
1587 1236 1643 1255 esse

898 1270 1045 1299 terribilem
1053 1270 1067 1298 ‚⁹
1076 1270 1166 1309 Hujus
1178 1270 1214 1298 rei
1226 1279 1305 1297 eausa
1318 1276 1380 1297 sunt
1393 1269 1497 1298 dcliciae
1505 1277 1530 1299 et
1541 1271 1642 1300 otium:

898 1328 960 1346 nam
975 1318 1021 1356 qni
1037 1317 1121 1345 vitam
1136 1316 1210 1355 degit
1225 1316 1358 1351 acerbam,
1371 1316 1414 1344 vel
1427 1316 1514 1346 alatus
1528 1328 1585 1347 esse
1597 1329 1644 1347 cu-

898 1370 970 1403 peret
983 1370 1009 1392 et
1022 1363 1086 1392 hinc
1099 1362 1245 1391 discedere.
1268 1363 1348 1390 Nunc
1371 1370 1460 1391 autem
1486 1363 1538 1393 hoe
1553 1364 1643 1402 ipsum

897 1410 975 1438 nobis
987 1408 1124 1445 usuvenit,
1141 1407 1214 1446 quod
1228 1407 1322 1447 pullis,
1340 1408 1388 1446 qui
1413 1408 1506 1436 molles
1520 1409 1641 1438 reddun-

897 1462 941 1484 tur
954 1463 980 1484 et
996 1455 1078 1484 teneri
1095 1455 1124 1483 in
1149 1453 1212 1483 nido
1234 1454 1354 1482 volentes
1377 1464 1485 1482 manere
1498 1461 1637 1494 perpetuo.

896 1502 949 1532 Sed
963 1512 1017 1540 quo
1029 1501 1134 1530 diutius
1152 1500 1340 1534 manserimus,
1359 1510 1389 1528 eo
1405 1500 1505 1529 erimus
1520 1500 1641 1530 imbecil-

895 1549 986 1577 liores.
1000 1547 1088 1576 Nidus
1101 1547 1174 1576 enim
1188 1553 1227 1575 est
1241 1546 1298 1575 vita
1312 1557 1438 1586 praesens,
1456 1547 1639 1586 conglutinata

896 1606 930 1624 ex
941 1594 1025 1634 paleis
1034 1600 1059 1622 et
1068 1593 1133 1622 luto.
1145 1592 1259 1621 Etiamsi
1270 1593 1338 1621 mihi
1353 1603 1464 1632 magnas
1471 1592 1542 1622 aedes
1552 1601 1639 1622 osten-

867 1663 872 1667 .
895 1641 976 1679 deris,
985 1647 1010 1669 et
1019 1640 1092 1679 ipsas
1102 1639 1189 1678 regias
1197 1638 1282 1667 multo
1294 1649 1359 1667 auro
1368 1645 1394 1667 et
1406 1639 1520 1678 gemmis
1531 1639 1640 1679 fulgen-

896 1694 946 1725 tes,
958 1686 1121 1716 existimabo
1135 1696 1179 1714 eas
1191 1685 1264 1714 nihil
1279 1684 1389 1714 differre
1401 1696 1416 1713 a
1430 1685 1502 1714 nidis
1514 1685 1642 1715 hirundi-

896 1743 970 1762 num.
978 1733 1048 1761 Nam
1055 1743 1117 1761 cum
1126 1731 1214 1760 hiems
1225 1730 1378 1769 advenerit,
1391 1731 1482 1760 omnia
1491 1742 1538 1760 sua
1549 1739 1643 1771 sponte

896 1779 991 1808 cadent
1005 1791 1012 1807 z
1026 1778 1141 1807 hiemem
1161 1784 1250 1806 autem
1273 1777 1380 1817 appello
1401 1777 1481 1806 illum
1494 1777 1579 1816 diem,
1594 1779 1641 1817 qui

897 1836 949 1854 non
963 1832 1002 1854 est
1015 1825 1102 1853 hiems
1112 1824 1247 1853 omnibus.
1255 1825 1324 1852 Nam
1336 1825 1410 1852 Deus
1419 1834 1526 1862 quoque
1537 1831 1640 1852 noctem

897 1880 922 1902 et
942 1873 1014 1902 diem
1032 1872 1102 1901 illud
1117 1879 1223 1911 tempus
1239 1871 1371 1910 appellat,
1383 1871 1453 1899 illud
1466 1870 1589 1909 quidem,
1601 1882 1642 1900 re-

897 1919 1011 1958 spiciens
1026 1918 1061 1946 ad
1077 1924 1242 1957 peccatores;
1259 1917 1312 1946 hoc
1330 1927 1394 1945 vero
1406 1939 1413 1953 ‚
1430 1916 1465 1945 ad
1480 1917 1576 1955 justos.
1599 1918 1641 1946 Ita

895 1975 944 2004 ego
958 1975 1028 1993 nune
1041 1973 1147 2002 quoque
1158 1973 1219 1991 eum
1230 1972 1297 1990 voco
1309 1962 1433 1990 hiemem.
1445 1962 1475 1991 Si
1490 1968 1640 1992 aestatenon

895 2012 1025 2040 fuerimus
1048 2010 1116 2041 bene
1128 2008 1256 2045 enutriti,
1269 2015 1299 2036 ut
1312 2008 1448 2047 possimus
1466 2008 1558 2037 volare
1578 2019 1640 2038 cum

894 2059 980 2087 hiems
999 2056 1155 2093 advenerit,
1169 2066 1222 2084 non
1241 2055 1373 2094 accipient
1394 2065 1442 2084 nos
1463 2062 1578 2092 matres,
1592 2056 1639 2085 sed

895 2116 942 2134 nos
955 2105 1024 2133 fame
1039 2103 1125 2132 sinent
1137 2102 1252 2138 enecari,
1263 2108 1310 2129 aut
1319 2100 1384 2130 nido
1393 2101 1502 2130 cadente
1521 2101 1638 2131 interire.

894 2153 962 2181 Nam
986 2150 1054 2179 sieut
1072 2149 1186 2183 nidum,
1205 2148 1259 2176 imo
1273 2158 1337 2177 vero
1359 2158 1389 2176 eo
1408 2147 1532 2183 facilius,
1549 2148 1638 2177 omnia

895 2207 965 2226 nunc
980 2201 1112 2235 expurgat
1129 2195 1216 2229 Deus,
1231 2193 1321 2222 omnia
1337 2193 1476 2222 destruens
1497 2204 1639 2233 reparans-

895 2254 946 2282 que
960 2249 984 2271 et
998 2251 1167 2280 componens.
1186 2240 1341 2269 Involucroe
1358 2246 1463 2277 autem,
1483 2246 1507 2268 et
1523 2240 1571 2278 qui
1584 2250 1637 2270 non

894 2295 1008 2329 possunt
1021 2287 1046 2316 ei
1067 2286 1176 2315 obviam
1190 2285 1284 2314 venire
1298 2285 1326 2314 in
1347 2295 1418 2321 aere,
1433 2285 1480 2314 sed
1500 2285 1567 2316 adeo
1581 2297 1638 2315 sor-

860 2345 876 2367 F
895 2336 960 2364 dide
974 2342 1000 2364 et
1015 2333 1184 2362 illiberaliter
1196 2339 1258 2361 sunt
1271 2332 1378 2361 edueati
1392 2340 1422 2361 ut
1442 2333 1515 2362 leves
1538 2343 1638 2373 pennas

896 2383 996 2411 habere
1019 2390 1071 2409 non
1086 2379 1201 2419 possint,
1215 2389 1245 2408 ea
1259 2379 1397 2418 patientur
1419 2390 1478 2418 quoe
1493 2387 1636 2409 consenta-

899 2440 978 2458 neum
995 2434 1032 2456 est
1046 2438 1089 2456 eos
1103 2426 1158 2466 pati
1173 2426 1220 2464 qui
1238 2425 1276 2454 sic
1289 2432 1350 2455 sunt
1372 2425 1469 2455 affecti.
1489 2428 1575 2464 Atque
1589 2426 1637 2455 lii·-

911 2538 919 2547 <
940 2529 1000 2560 [²¹³5-
1016 2531 1035 2552 ἐι

1040 2533 1169 2560 rever-,pen

1667 1551 1718 1574 Vita
1742 1561 1796 1581 prae-

1652 1591 1701 1604 sens
1717 1586 1780 1612 quasi

1653 1615 1727 1636 nidus.
