1893 2860
26 588 42 612 v

469 190 500 213 tx
531 191 636 214 EPIST.
667 191 711 213 AD
738 191 855 214 EnnEs.

104 255 157 293 φῶν
170 265 175 270 ·
192 254 306 292 μάλιστα
326 253 377 292 γὰρ
393 253 489 282 τούτων
502 255 514 267 *
526 254 564 281 δεῖ
584 257 638 285 τοῖς
651 253 728 281 παισὶ
741 257 793 285 τοῖς
806 254 868 290 μέλ-

102 301 190 329 λουσιν
205 301 240 332 εἷς
251 299 294 327 τὸν
308 299 363 337 βίον
375 301 465 327 τοῦτον
480 298 562 333 ἥκειν.
575 298 680 338 Ἵὶσπερ
695 299 746 337 γὰρ
757 300 804 332 τῆς
819 298 871 326 ἀπὸ

103 349 148 374 τοῦ
161 344 252 374 πλοίου
273 346 438 379 κατασκευῆς
459 346 503 373 καὶ
518 344 678 383 κυὸερνῆτου
699 345 743 372 καὶ
764 343 870 382 πληρώ-

103 403 185 429 ματος
201 393 252 420 τῶν
273 392 373 419 ναυτῶν
395 393 444 430 οὔχ
459 386 531 423 οὗτος
546 391 628 419 δεῖται
643 393 656 419 ὁ
670 390 810 423 διαπαντὸς
827 388 870 417 ἐπὶ

101 436 206 475 λιμένος
226 436 323 472 ἑστὼς,
338 438 396 465 ἀλλ’
411 439 424 465 ὁ
443 436 606 465 Οαλαττεύων
625 436 665 465 ἀεί
678 446 683 451 “
706 435 774 464 οὕτω
795 435 839 464 καὶ
857 437 870 462 ὁ

104 483 241 521 κοσμικὸς,
254 483 298 512 καὶ
313 485 326 511 ὃ
339 483 467 521 μονάζων.
479 482 512 511 Ὁ
524 483 570 521 μὲν
582 482 643 522 γὰρ,
655 482 773 522 καθάπερ
788 483 823 515 εἰς
833 483 871 510 λι-

106 530 172 568 μένα
190 529 259 558 ἐστὶν
275 529 433 567 ἀκύμαντον,
447 529 501 567 βίον
515 529 673 568 ἀπράγμονα
686 529 744 561 ζῶν,
756 527 801 556 καὶ
815 527 870 556 πά-

105 588 153 610 σης
178 574 382 613 ἀπηλλαγμένον
407 574 574 613 καταιγίδος·
595 569 668 605 οὗτος
688 573 714 601 δὲ
731 573 871 605 διαπαντὸς

105 620 229 659 πελάγιός
249 622 318 656 ἐστι,
331 620 375 648 καὶ
389 619 542 648 θαλαττεύει
557 620 582 646 ἐν
601 618 672 656 μέσῳ
683 620 793 656 πελάγει
807 620 871 646 πολ-

105 669 164 699 λαῖς
184 665 336 704 τρικυμίαις
360 665 509 704 μαχόμενος
522 676 528 682 ·
546 664 595 692 κᾶν
610 663 686 696 αὐτὸς
703 663 740 701 μὴ
762 663 871 699 δέηται,

107 712 175 741 ἀλλὰ
202 712 446 750 παρεσκευασμένον
467 706 532 740 εἶναι
555 711 608 745 δεῖ,
631 709 700 738 ὥστε
716 709 761 742 τὰς
776 709 872 749 ἑτέρων

108 757 239 798 ἐμφράξαι
260 757 390 795 γλώττας.

145 856 230 886 Ὥστε
250 856 304 896 ὅσῳ
327 856 357 885 ἂν
378 855 514 894 εὐδόκιμος
538 856 645 894 γένηται
668 857 694 884 ἐν
708 857 745 895 τῷ
769 855 818 895 βίῳ
838 858 875 895 τῷ

107 903 218 942 παρόντι
229 924 237 938 ,
247 902 363 942 τοσούτῳ
378 903 448 940 αὐτῷ
464 902 501 930 δεῖ
526 905 574 937 τῆς
596 901 757 934 παιδεύσεως
770 901 876 935 ταύτης.

108 948 153 978 Ἀν
163 960 193 977 τε
206 948 257 987 γὰρ
280 950 306 976 ἐν
323 947 464 986 βασιλείοις
483 947 623 987 τρέφηται,
635 948 728 976 πολλοὶ
752 947 797 976 καὶ
808 947 877 976 ἽΞλ-

110 996 186 1029 ληνες
200 996 254 1023 ἐκεῖ
270 994 315 1022 καὶ
331 993 466 1032 φιλόσοφοι
480 994 525 1022 καὶ
539 995 563 1021 οἱ
577 993 758 1033 πεφυσημένοι
775 993 820 1021 ἐπὶ
844 995 876 1031 τῇ

111 1040 231 1080 παρούσῃ
247 1040 322 1079 δόξῃ,
337 1040 457 1079 καθάπερ
477 1040 556 1073 τόπος
580 1051 620 1072 τις
642 1041 769 1078 ὓδερικῶν
794 1041 877 1078 {ts-xs—

111 1086 271 1124 πλησμένος,
293 1085 418 1114 Τοιοῦτόν
440 1086 466 1114 τί
490 1087 546 1114 ἐστι
569 1086 602 1114 τὰ
626 1086 765 1124 βασίλειον
782 1086 879 1118 πάντες

112 1133 163 1161 εἶσὶ
181 1132 359 1171 πεφυσημένοι
374 1132 419 1160 καὶ
432 1132 646 1172 φλεγμαίνοντες·
662 1133 685 1160 οἷ
701 1132 727 1161 δὲ
742 1133 789 1161 οὐκ
799 1133 880 1167 ὄντες,

112 1178 288 1211 σπουδάζουσι
303 1181 378 1207 τοῦτο
395 1177 524 1216 γενέσθαι.
540 1177 680 1212 Ἰἰννόησον
691 1173 736 1206 οὖν
746 1178 807 1207 ὅσον
824 1179 879 1206 ἐστὶ

112 1224 155 1253 τὸν
172 1224 226 1253 υἱὸν
243 1224 286 1252 τὸν
315 1224 358 1253 σὸν
383 1223 530 1252 εἰσελθόντα
556 1225 622 1259 ἐκεῖ,
650 1224 770 1262 καθάπερ
791 1224 879 1262 ἰατρὸν

112 1270 229 1310 ἄριστον,
245 1270 312 1307 μετὰ
327 1272 378 1298 τῶν
395 1269 511 1309 ὁργάνων
530 1270 637 1298 εἰσιέναι
658 1271 710 1298 τῶν
728 1270 880 1307 δυναμένων

112 1316 297 1346 καταστέλλειν
313 1316 359 1351 τὴν
375 1317 486 1344 ἑκάστου
512 1316 670 1355 φλεγμονὴν,
686 1316 730 1344 καὶ
745 1316 880 1355 προσιέναι

112 1363 216 1402 ἑκάστῳ
233 1362 277 1391 καὶ
299 1363 482 1401 διαλέγεσθαι,
499 1363 543 1390 καὶ
559 1361 628 1400 ὑγιὲς
642 1362 672 1390 τὸ
687 1362 786 1400 κάμνον
802 1365 880 1399 σῶμα

111 1413 204 1445 ποιεῖν,
215 1412 226 1424 ³
235 1408 362 1448 φάρμακα
371 1408 518 1437 ἐπιτιθέντα
529 1408 561 1436 τὰ
573 1408 625 1436 ἀπὸ
635 1410 687 1436 τῶν
701 1409 824 1447 Γραφῶν,
835 1408 879 1436 καὶ

109 1454 169 1488 τοὺς
183 1454 244 1494 περὶ
257 1454 409 1493 φιλοσοφίας
423 1453 549 1493 ἐκχέοντα
562 1454 664 1492 λόγους.
677 1453 710 1482 Ὁ
728 1453 779 1492 γὰρ
797 1454 878 1492 μονά-

109 1501 159 1533 ζων
173 1499 225 1528 τίνι
247 1499 408 1534 διαλέξεται;
425 1502 462 1538 τῷ
474 1499 556 1538 τοίχῳ
570 1499 614 1527 καὶ
630 1501 668 1538 τῷ
693 1499 795 1539 ὀρόφῳ;
811 1499 880 1528 ἀλλὰ

108 1547 142 1584 τῇ
156 1545 256 1586 ἐρημία
281 1545 325 1574 καὶ
350 1549 408 1578 ταῖς
422 1545 518 1578 νάπαις
531 1558 538 1580 ;
553 1545 570 1580 ἢ
588 1550 642 1578 τοῖς
663 1546 748 1584 ὄρνισι
769 1545 814 1574 καὶ
828 1551 880 1578 τοῖς

110 1591 238 1631 δένδροις;
249 1593 307 1620 Οὐκ
322 1590 376 1630 ἔχει
389 1590 474 1619 τοίνυν
486 1591 587 1626 πολλὴν
598 1592 715 1629 ἀνάγκην
727 1593 823 1623 ἐκεῖνος
833 1592 880 1625 τῆς

110 1636 231 1672 τοιαύτης
245 1635 430 1669 διδασκαλίας·
445 1638 503 1665 ἀλλ’
518 1637 590 1675 ὅμως
604 1637 678 1677 ἔργον
693 1637 793 1665 τίθεται
804 1641 880 1666 τοῦτο

111 1684 293 1721 κατορθῶσαι,
309 1682 358 1721 οὔχ
381 1682 449 1711 ὥστε
464 1682 566 1723 ἑτέρους
587 1686 710 1712 τοσοῦτον
725 1683 878 1719 παιδεῦσαι,

112 1729 170 1757 ἀλλ’
183 1730 252 1758 ὥστε
275 1730 377 1758 ἑαυτόν.
391 1729 484 1764 Πολλὴ
506 1725 549 1758 οἶν
564 1729 642 1769 χρεία
657 1730 775 1768 μάλιστα
789 1734 841 1762 τοῖς
853 1732 878 1759 ἐν

110 1777 148 1814 τῷ
160 1774 209 1815 βίῳ
219 1775 302 1815 τούτῳ
316 1775 498 1815 στρεφομένοις
506 1778 554 1811 τῆς
564 1776 687 1811 τοιαύτης
700 1776 878 1809 διδασκαλίας·

110 1821 156 1849 καὶ
166 1821 218 1861 γὰρ
230 1824 275 1850 τοῦ
292 1821 453 1860 ἁμαρτάνειν
471 1822 578 1850 πλείονα
591 1817 664 1854 οὗτος
678 1822 796 1860 ἀνάγκην
808 1822 862 1861 ἔχει
871 1843 878 1856 ,

111 1866 128 1901 ἢ
144 1868 249 1900 ἐκεῖνος.
268 1868 301 1896 E}
327 1867 355 1896 δὲ
385 1867 473 1905 βούλει
492 1870 604 1905 γνῶναι,
619 1867 664 1896 καὶ
682 1869 708 1896 ἐν
724 1870 762 1906 τῷ
786 1868 879 1907 κόσμῳ

112 1913 182 1951 αὐτῷ
196 1912 402 1951 ἐπιτηδειότερος
416 1912 500 1942 ἔσται.
525 1913 627 1946 Πάντες
649 1913 700 1953 γὰρ
716 1913 793 1942 αὖτὸν
811 1915 878 1942 αἰδε-

111 1956 251 1991 σῦήσονται
279 1958 331 1986 ἀπὸ
350 1960 401 1987 τῶν
430 1958 554 1998 ῥημάτων
570 1959 685 1995 ἐκείνων,
699 1959 762 1988 ὅταν
783 1961 879 1998 δρῶσιν

113 2002 190 2031 αὐτὸν
201 2004 228 2031 ἓν
244 2003 306 2041 πυρὶ
321 2003 358 2042 μὴ
373 2003 522 2041 καιόμενον,
537 2004 602 2042 μηδὲ
617 2006 702 2044 ἀρχῆς
721 2006 879 2042 ἐπιθυμοῦν-

112 2059 146 2076 τα
155 2059 161 2065 ·
175 2047 234 2077 τότε
247 2049 293 2077 καὶ
305 2049 422 2082 τεύξεται
435 2049 545 2085 ταύτης,
557 2049 620 2079 ὅταν
635 2050 672 2087 μὴ
685 2052 815 2089 ἐπιθυμῇ,
834 2051 879 2079 καὶ

114 2094 217 2131 βασιλεῖ
229 2095 430 2134 αἷδεσιμώτερος
444 2094 528 2124 ἔσται.
543 2096 583 2124 Oi]
595 2096 645 2135 γὰρ
656 2096 694 2124 ἔνι
708 2096 752 2124 τὸν
763 2100 878 2126 τοιοῦτον

111 2140 209 2168 λαθεῖν.
230 2139 277 2168 Ἐν
292 2139 339 2178 μὲν
363 2140 414 2179 γὰρ
437 2141 543 2173 πολλοῖς
565 2141 711 2179 ὑγιαίνουσι
735 2141 845 2176 λήσεται
865 2145 879 2171 ὁ

111 2185 235 2224 ὑγιαίνων
245 2197 250 2203 ·
263 2187 289 2214 ἐν
303 2185 330 2214 δὲ
346 2187 452 2219 πολλοῖς
466 2186 608 2224 κάμνουσιν
622 2186 684 2216 ὅταν
704 2183 739 2219 εἷς
755 2188 878 2226 ὑγιαίνων

112 2225 146 2267 ᾖ,
174 2229 275 2269 ταχέως
298 2230 342 2258 καὶ
366 2231 402 2262 εἷς
426 2230 471 2263 τὰς
497 2231 635 2268 βασιλικὰς
658 2231 740 2264 ἀκοὰς
758 2233 775 2266 ἡ
802 2232 878 2271 φήμη

112 2275 312 2315 διαδραμεῖται,
339 2276 385 2304 καὶ
409 2277 515 2309 πολλοῖς
537 2277 614 2305 αὐτὸν
640 2277 777 2312 ἐπιστήσει
805 2278 880 2306 ἔθνε-

113 2331 150 2349 σι.
171 2321 264 2349 Ταῦτα
287 2316 332 2350 οἶν
357 2321 467 2357 εἰδότες,
488 2322 627 2362 ἐκτρέςετε
654 2325 680 2352 ἐν
704 2324 811 2363 παιδεία
837 2324 882 2352 καὶ

113 2365 234 2405 νουθεσίᾳ
260 2365 356 2405 Κυρίου
382 2366 415 2396 τὰ
438 2366 526 2396 τέκνα.
546 2367 623 2396 Ἀλλὰ
649 2368 730 2402 πένης
752 2369 790 2401 τίς
814 2371 883 2404 ἐστι;

115 2412 202 2440 Πάλιν
221 2412 316 2446 πένης·
341 2412 410 2442 ἀλλὰ
424 2416 468 2442 τοῦ
492 2415 517 2442 ἔν
543 2414 686 2452 βασιλείοις
706 2415 883 2454 στρεφομένου

115 2457 187 2486 οὐδὲν
203 2457 277 2487 ἔσται
300 2458 494 2497 εὐτελέστερος,
509 2459 601 2494 ἐπειδὴ
624 2459 660 2497 μὴ
685 2461 711 2489 ἐν
741 2460 884 2498 βασιλείοις

150 2544 160 2554 “
180 2544 307 2577 [Legae-1
325 2551 377 2570 nin
391 2550 435 2573 τοῖς
447 2557 474 2578 μ.
485 2545 520 2570 Et
533 2554 590 2570 mox
604 2550 639 2573 ἐπὶ
652 2551 690 2573 τοῦ
705 2550 744 2573 n).
755 2547 885 2579 DunaeusJ

257 2596 328 2614 Toni.
355 2596 394 2614 xi.

885 191 963 212 (331³.

890 535 908 557 D

890 1612 925 1631 162

1602 179 1666 212 1813

926 259 964 280 est
975 252 1008 280 iis
1021 252 1121 291 pueris,
1138 252 1184 290 qui
1199 252 1306 281 venturi
1319 251 1424 281 suntad
1436 252 1505 281 hanc
1520 253 1613 281 mundi
1628 254 1667 282 vi-

927 305 991 328 tam.
1006 300 1042 327 Ut
1062 299 1133 327 enim
1157 299 1234 327 navis
1254 298 1427 328 instructione
1442 306 1467 327 et
1491 299 1668 338 gubernatore

927 352 953 374 et
966 352 1107 373 nautarum
1122 346 1196 384 justo
1211 352 1235 374 rt
1250 345 1382 385 completo
1397 355 1508 374 numero
1524 356 1576 375 non
1593 346 1666 375 indi-

928 396 970 428 get
986 389 1008 417 is
1020 389 1065 427 qui
1089 396 1216 428 perpetuo
1227 396 1278 418 stat
1293 389 1318 417 in
1336 396 1427 428 portu,
1442 389 1488 418 scd
1505 390 1525 418 is
1537 390 1584 428 qui
1599 401 1668 419 sein-

928 445 975 474 [νε-ι’
988 441 1110 463 uersatur
1119 435 1152 463 iu·
1161 435 1226 463 mari
1237 447 1242 462 ε
1255 435 1290 463 ita
1301 435 1380 463 etiam
1396 435 1549 464 mundanus
1561 446 1607 464 seu
1619 447 1668 465 sae-

927 480 1026 509 cularis
1042 487 1067 509 et
1083 480 1237 509 monachus.
1253 481 1322 509 Nam
1338 481 1382 509 hic
1405 481 1514 519 quidem
1528 488 1567 510 est
1583 481 1667 510 veluti

995 191 1042 212 Vt.
1075 190 1191 213 nomi..
1222 191 1294 213 xxi.

1709 496 1764 517 Vim·
1774 504 1808 517 ino
1815 508 1822 512 -

928 526 954 554 in
968 533 1048 565 portu
1065 536 1145 564 agens
1163 526 1244 554 vitam
1261 526 1342 554 nullis
1368 526 1498 564 agitatam
1519 527 1647 556 ssuctibus
1660 551 1666 564 ‚
1679 529 1742 562 ’ΨΜ
1770 535 1820 548 <⁰¹¹¹

928 580 953 601 et
967 573 1061 612 procul
1075 584 1090 601 a
1104 573 1228 611 negotiis,
1243 580 1268 601 et
1281 573 1316 601 ab
1327 574 1399 601 omni
1413 574 1529 612 procella
1539 574 1665 603 liberam:
1679 560 1823 610 :gfffficu'v

928 618 974 646 ille
996 625 1086 646 autem
1109 625 1237 657 perpetuo
1251 618 1307 656 agit
1321 618 1348 646 in
1363 618 1458 656 pelago
1480 625 1505 647 et
1528 619 1554 647 in
1581 621 1668 649 medio
1679 628 1792 656 effluimu-

928 663 996 692 mari
1010 671 1147 699 versatum
1163 674 1225 691 cum
1239 663 1331 691 multis
1345 663 1431 702 iisque
1447 664 1600 702 ingentibus
1614 677 1670 705 pu·-
1680 658 1711 673 ¹¹⁰

929 719 1012 748 gnans
1029 709 1176 746 fluctibus3
1193 715 1218 738 et
1231 709 1253 737 si
1266 709 1323 748 ipse
1336 719 1389 737 non
1405 719 1472 748 opus
1487 710 1578 747 habet,
1591 722 1672 750 para—

929 762 989 783 tum
1007 761 1095 783 tamen
1112 765 1167 783 esse
1186 761 1290 794 oportet
1310 760 1340 782 ut
1357 754 1473 783 aliorum
1497 755 1603 794 linguas
1623 759 1673 787 ob-

930 808 1024 830 struat.

972 849 1002 876 5.
1021 847 1202 882 Quamobrem
1215 857 1269 885 quo
1283 847 1402 876 fueritin
1420 847 1470 876 hac
1493 848 1548 877 vita
1564 849 1675 888 majoris

934 892 1150 927 existimationis,
1165 903 1195 921 eo
1210 892 1295 931 magis
1307 892 1330 920 ei
1345 903 1413 932 opus
1429 900 1468 921 est
1481 893 1532 922 hac
1545 894 1675 923 eruditio-

934 949 976 967 ne.
994 939 1063 968 Nam
1080 939 1130 968 etsi
1151 939 1240 967 alatur
1254 938 1281 967 in
1295 938 1356 966 aula
1372 939 1454 977 regia,
1467 939 1546 968 multi
1560 947 1622 968 sunt
1638 940 1675 968 il·-

934 986 970 1014 lic
982 993 1007 1014 et
1024 986 1114 1015 Graeci
1128 992 1153 1013 et
1165 985 1336 1024 philosophi,
1350 991 1375 1013 et
1393 985 1428 1013 ob
1449 993 1604 1024 praesentem
1619 986 1676 1024 glo-

935 1032 1004 1060 riam
1026 1031 1136 1065 tumidi,
1151 1038 1287 1069 tamquam
1310 1031 1338 1059 iu
1361 1030 1420 1059 loco
1441 1032 1488 1069 qui
1509 1033 1544 1060 sit
1561 1032 1678 1071 repletus

935 1077 1103 1117 hydropicis.
1117 1077 1184 1105 Tale
1195 1076 1260 1115 quid
1273 1083 1312 1105 cst
1325 1076 1386 1104 aula
1400 1077 1472 1115 regia
1488 1088 1494 1104 z
1511 1088 1602 1106 omnes
1616 1084 1678 1106 sunt
1690 1097 1749 1118 Autae
1768 1098 1832 1125 regem

936 1124 1021 1152 inflati
1040 1131 1065 1152 et
1087 1123 1206 1160 tumidi;
1225 1122 1272 1161 qui
1292 1129 1380 1151 autem
1399 1133 1451 1151 non
1470 1130 1541 1160 sunt,
1556 1123 1677 1152 studium
1689 1130 1750 1149 vina.

936 1177 1038 1210 ponunt
1050 1176 1078 1197 ut
1098 1169 1173 1197 fiant.
1189 1169 1283 1207 Cogita
1301 1179 1364 1207 ergo
1379 1176 1510 1207 quantum
1530 1169 1575 1204 sit,
1590 1170 1678 1198 filium

936 1224 1014 1245 tuum
1025 1216 1090 1244 illuc
1105 1216 1264 1254 ingressum,
1274 1215 1385 1244 introire
1396 1222 1534 1254 tamquam
1546 1216 1681 1255 optimum

937 1270 962 1291 et
985 1262 1235 1302 praestantissimum
1256 1261 1407 1297 medicum,
1430 1272 1492 1290 cum
1518 1262 1681 1291 instrumen-

936 1309 971 1337 tis
991 1319 1050 1347 quae
1062 1307 1166 1347 possint
1187 1307 1398 1346 uniuscujusque
1411 1314 1543 1336 tumorem
1565 1308 1682 1347 compri-

936 1364 1019 1389 mere,
1033 1360 1058 1382 et
1079 1353 1113 1381 ad
1128 1363 1347 1390 unumquemque
1361 1353 1489 1381 accedere
1503 1360 1528 1381 et
1542 1353 1682 1389 disserere,

936 1408 961 1430 et
970 1411 1066 1440 corpus
1079 1399 1152 1438 quod
1168 1399 1274 1426 laborat
1284 1409 1378 1427 sanum
1394 1399 1490 1434 facere,
1499 1399 1682 1429 medicamen-

937 1454 962 1475 ta
985 1446 1165 1486 imponentem
1179 1455 1213 1473 ex
1227 1444 1389 1483 scripturis,
1400 1451 1426 1473 et
1441 1444 1624 1485 philosophia?
1641 1447 1683 1474 in-

934 1493 1090 1522 fundentem
1112 1491 1208 1520 verba.
1220 1490 1371 1519 Monachus
1385 1491 1456 1519 enim
1471 1501 1534 1520 cum
1554 1502 1608 1530 quo
1625 1492 1682 1521 dis—

934 1539 1029 1568 seret?
1046 1549 1108 1567 cum
1128 1547 1205 1566 muro
1228 1543 1254 1566 et
1274 1537 1368 1566 tecto?
1384 1547 1418 1565 an
1441 1547 1502 1566 cum
1523 1537 1634 1568 desertis
1656 1546 1682 1568 et

935 1583 1114 1614 nemoribus?
1131 1593 1165 1611 an
1181 1593 1242 1611 cum
1255 1582 1352 1611 avibus
1373 1589 1398 1611 et
1418 1583 1586 1611 arboribus?
1602 1584 1680 1624 Ejus-

935 1632 1008 1660 modi
1035 1640 1098 1669 ergo
1121 1629 1244 1658 doctrina
1267 1639 1322 1657 non
1345 1636 1384 1658 est
1403 1629 1443 1657 illi
1466 1629 1613 1658 admodum
1635 1642 1681 1659 ne-

935 1677 1063 1713 cessaria;
1078 1683 1190 1705 conatur
1206 1682 1293 1703 tamen
1304 1675 1355 1703 bac
1369 1675 1396 1703 in
1409 1686 1438 1704 re
1451 1686 1479 1704 se
1493 1682 1562 1704 recte
1579 1686 1680 1715 gerere,

935 1733 986 1752 non
998 1729 1028 1751 ut
1040 1722 1107 1751 alios
1123 1728 1228 1749 tantum
1241 1720 1356 1755 erudiat,
1371 1720 1418 1750 sed
1434 1728 1464 1750 ut
1477 1721 1606 1760 seipsum.
1623 1721 1681 1751 Hac

934 1780 998 1808 ergo
1021 1768 1142 1797 doctrina
1161 1767 1281 1795 maxime
1303 1777 1371 1806 opus
1393 1774 1431 1795 est
1453 1767 1494 1803 iis,
1507 1767 1554 1805 qui
1575 1767 1603 1796 in
1630 1768 1681 1797 hac

935 1817 992 1845 vita
1007 1822 1148 1844 versantur
1165 1826 1171 1841 :
1187 1814 1236 1842 iste
1250 1813 1320 1841 enim
1336 1812 1464 1852 peccandi
1482 1814 1611 1852 majorem
1626 1814 1679 1843 ha—

935 1862 980 1891 bet
995 1861 1176 1890 necessitatem
1194 1869 1274 1898 quam
1289 1859 1344 1887 ille.
1367 1859 1396 1887 si
1415 1859 1458 1887 vis
1471 1865 1562 1887 autem
1577 1870 1679 1898 cogno—

937 1919 1025 1946 scere,
1042 1908 1122 1936 etiam
1143 1907 1171 1934 in
1190 1905 1291 1934 mundo
1311 1905 1369 1944 ipso
1393 1905 1443 1933 erit
1465 1905 1563 1944 aptior.
1578 1906 1679 1935 Omnes

936 1955 1007 1984 enim
1024 1964 1058 1982 ex
1074 1951 1164 1981 verbis
1185 1951 1241 1979 illis
1264 1961 1325 1978 eum
1348 1950 1552 1988 reverebuntur,
1569 1951 1679 1989 quando

937 2000 1055 2030 viderint
1070 1999 1160 2038 ipsum
1174 1997 1202 2026 in
1218 1998 1280 2035 igne
1295 2006 1348 2026 non
1362 1996 1414 2031 uri,
1429 2007 1517 2034 neque
1536 1997 1676 2038 principa-

937 2054 995 2076 tum
1005 2044 1192 2084 concupiscere
1205 2055 1212 2071 :
1231 2049 1294 2070 tunc
1307 2042 1387 2071 etiam
1399 2042 1478 2070 illum
1492 2051 1677 2082 consequetur,

935 2093 1044 2132 quando
1059 2101 1111 2120 non
1132 2088 1297 2128 concupierit
1315 2094 1339 2116 et
1355 2087 1410 2127 regi
1430 2088 1480 2116 erit
1495 2089 1581 2128 magis
1599 2100 1677 2119 reve—

936 2138 1046 2168 rendus.
1062 2138 1121 2166 Non
1138 2141 1226 2175 potest
1242 2134 1313 2162 enim
1332 2134 1391 2162 fieri
1415 2141 1445 2162 ut
1467 2135 1489 2163 is
1505 2134 1595 2164 lateat.
1607 2137 1676 2166 Nam

936 2185 1006 2213 inter
1025 2182 1123 2212 multos
1140 2191 1217 2210 sanos
1231 2179 1324 2208 latebit
1344 2179 1366 2208 is
1386 2179 1431 2218 qui
1451 2187 1490 2209 est
1504 2191 1595 2220 sanus,
1609 2181 1678 2211 inter

938 2230 1036 2260 multos
1054 2235 1143 2257 autem
1161 2232 1274 2264 :egrotos
1288 2224 1395 2263 quando
1410 2225 1489 2254 suerit
1507 2237 1576 2255 unus
1588 2238 1678 2264 sanus,

938 2277 991 2306 cito
1011 2274 1091 2304 etiam
1102 2273 1172 2301 sama
1184 2270 1319 2311 perveniet
1341 2269 1376 2299 ad
1391 2281 1468 2300 aures
1482 2272 1563 2310 regis,
1574 2279 1599 2301 et
1611 2284 1678 2313 pra*-

939 2322 1011 2351 ficict
1033 2330 1094 2350 eum
1119 2317 1212 2348 multis
1236 2316 1368 2355 gentibus.
1382 2316 1448 2345 Haec
1472 2327 1536 2356 ergo
1558 2319 1679 2354 scientes,

939 2368 1050 2397 educate
1064 2365 1136 2394 filios
1150 2364 1178 2392 in
1191 2361 1334 2401 disciplina
1348 2368 1373 2390 et
1386 2361 1569 2392 admonitione
1584 2364 1680 2393 Domi-

940 2413 977 2442 ni.
996 2415 1031 2441 Αῑ
1046 2417 1084 2440 est
1094 2408 1228 2449 quispiam
1245 2406 1368 2447 pauper?
1388 2407 1490 2436 Iterum
1502 2418 1604 2448 pauper
1616 2421 1624 2446 5
1636 2410 1683 2438 sed

940 2458 1026 2488 nihilo
1047 2456 1097 2486 erit
1119 2454 1200 2484 vilior
1215 2459 1242 2482 ct
1263 2452 1392 2492 abjectior
1408 2463 1439 2482 co
1454 2453 1501 2491 qui
1518 2461 1640 2483 versatur
1656 2455 1683 2485 iu

968 2553 978 2564 ι
998 2543 1069 2569 Idem
1082 2541 1147 2568 cod,
1161 2543 1282 2575 φάρμακον
1293 2541 1420 2564 ἐπιτιθέντα
1428 2542 1474 2565 ἀπὸ
1487 2546 1544 2564 τῶν.

1515 2581 1551 2607 15
