1893 2860
404 180 446 203 DE
474 181 580 204 EPIST.
611 182 633 204 1.

116 240 224 276 Ἐπειδὴ
242 240 293 280 γὰρ
313 241 409 270 πολλαὶ
431 242 508 271 τέκνα
526 243 659 281 {sponsat
669 242 715 278 τὴν
732 243 842 282 χηρείαν

78 290 211 327 αἱροῦνται
222 311 229 325 ,
241 289 290 327 οὐχ
305 287 348 316 ἵνα
362 291 407 317 τοῦ
423 288 480 327 βίου
494 289 539 322 τὰς
559 290 678 329 ἀφορμὰς
693 289 845 329 περικόὼω-

75 345 126 370 σιν,
148 335 207 362 ἀλλ’
239 333 282 362 ἵνα
310 335 409 372 μᾶλλον
434 334 514 367 αὐτὰς
540 334 678 375 ἐξάψυσιν,
709 335 751 364 ἵνα
777 348 809 373 με
812 335 845 363 τὰ

75 379 194 413 πλείονος
207 379 342 412 αὐθεντίας
358 380 462 409 ἅπαντα
479 381 630 421 πράττωσι,
645 382 690 410 καὶ
706 386 845 420 κοσμικαῖς

78 425 176 461 μᾶλλον
190 424 289 452 ε’κδοὶεν
306 424 400 458 ἑαυτὰς
415 425 580 462 ἐπιθυμίαις,
598 425 640 453 διὰ
661 426 737 454 τοῦτο’
756 437 843 464 φησιν,

619 471 654 499 Τί
678 471 778 509 λέγεις
801 471 845 499 καὶ

76 514 148 554 χήρα
174 515 238 555 γυνὴ
263 518 310 545 οὐκ
331 516 428 556 ὀφείλει
453 515 676 555 σπαταλᾷν;οὒ,
700 515 787 554 φησίν.
813 516 845 544 E?

76 561 162 589 τοίνυν
177 561 222 590 καὶ
244 564 290 597 τ’ἧς
312 562 432 599 ἡλικίας,
447 562 492 591 καὶ
509 563 555 596 τῆς
568 560 667 600 φύσεως
690 560 846 596 ἀσθενούσης

78 605 136 636 οὐδὲ
151 607 233 641 οὕτως
249 608 381 647 ἀναγκαία
401 611 417 643 ἡ
440 607 563 643 σπατάλη
573 629 580 642 ,
596 607 664 636 ἀλλὰ
679 606 789 636 θανάτου
805 605 845 644 γί-

78 664 151 681 νεται
171 653 310 693 πρόξενος,
326 653 436 683 Θανάτου
449 657 494 682 τοῦ
516 652 638 689 αἰωνίου,
655 653 680 681 τί
700 652 730 680 ἂν
749 652 846 681 εἴποιεν

79 698 169 737 ἄνδρες
192 700 392 734 σπαταλῶντες;
408 698 526 731 Εἰκότως
540 698 566 727 δέ
581 710 668 737 φησιν,
680 697 713 727 ‘H
730 697 757 726 δὲ
780 709 847 726 σπα-

79 746 201 780 ταλῶσα,
214 746 285 778 ζῶσα
295 744 428 779 τέθνηκεν.
447 744 515 773 Ἀλλ’
536 744 578 773 ἵνα
593 744 694 783 μάθῃς,
710 744 772 783 φέρε
783 743 847 772 ἴδω-

77 469 111 498 Ἡ
133 469 160 499 δὲ
182 471 361 506 σπαταλῶσα,
383 472 454 504 ζῶσα
479 471 596 506 τέθνηκε.

78 802 126 828 μεν
141 790 167 819 τί
181 793 232 819 τῶν
248 790 352 824 ζώντων
369 791 444 829 ἔργον
459 791 532 827 ἐστὶ,
548 790 592 819 καὶ
611 791 637 819 τί
655 793 707 819 τῶν
723 790 847 825 τεθνηκό-

77 848 139 872 των,
151 837 195 864 καὶ
208 839 259 865 ποῦ
270 836 381 874 τάξομεν
395 837 504 872 ταύτην.
521 838 556 866 Οἱ
571 838 664 870 ζῶντες
675 836 709 865 τὰ
719 838 765 872 ’τ’-ἧς
779 838 848 871 ζωῆς

77 884 226 922 ἐνεργοῦσι,
239 885 286 917 τῆς
298 883 459 921 μελλούσης,
476 884 524 918 τῆς
545 883 625 916 ὄντως
648 885 724 918 ζωῆς.
739 882 808 912 Τίνα
821 882 848 911 δέ

77 929 134 957 ἐστι
146 930 194 963 τῆς
213 928 358 967 μελλούσης
373 930 440 964 ζωῆς
450 952 458 965 ,
469 929 530 969 περὶ
546 929 578 964 ἣν
592 931 663 967 ἡμᾶς
681 930 847 967 ἦσχολῆσθαι

77 974 206 1014 προσήκει
217 975 260 1004 τὸν
277 975 382 1003 ἅπαντα
397 975 506 1014 χρόνον,
517 975 595 1004 ἄκουε
610 979 656 1004 τοῦ
674 975 789 1014 Χριστοῦ
804 974 848 1003 λε’-

78 1032 181 1058 γοντος·
210 1022 290 1050 Δεῦτε
299 1044 306 1057 ,
337 1021 554 1061 κληρονομήσατε
577 1020 625 1055 τὴν
650 1020 848 1059 ἡτοιμασμένην

78 1069 140 1104 ὑμῖν
165 1067 302 1105 βασιλείαν
330 1067 383 1096 ἀπὸ
409 1067 559 1102 καταδολῆς
582 1067 682 1104 κόσμου
693 1079 699 1085 ·
723 1066 849 1096 ἕπείνασα

80 1112 148 1152 γὰρ,
162 1113 207 1141 καὶ
230 1113 347 1142 ἐδώκατέ
363 1125 407 1151 μοι
430 1118 521 1152 φαγεῖν
533 1125 539 1131 ·
556 1113 684 1152 ἐδίψησα,
696 1113 742 1142 καὶ
762 1111 850 1141 ἐποτί-

80 1159 144 1188 σατέ
168 1171 210 1197 με.
223 1160 259 1188 Οἱ
283 1161 376 1192 ζῶντες
397 1160 456 1198 οὐχὶ
475 1159 560 1198 τούτῳ
575 1159 730 1194 διεστήκασι
743 1161 795 1188 τῶν
810 1170 851 1187 νε-

80 1206 151 1245 κρῶν
164 1205 252 1244 μόνον,
264 1208 302 1245 τῷ
322 1206 365 1234 τὸν
380 1205 455 1240 ἥλιον
470 1207 543 1245 ὁρᾷν,
565 1205 609 1234 καὶ
629 1210 703 1234 πνεῖν
714 1205 757 1234 τὸν
772 1205 850 1244 ἀέρα·

81 1250 110 1279 οὗ
119 1250 203 1289 τούτῳ
216 1249 310 1289 φαμὲν,
323 1249 391 1278 ἀλλὰ
404 1251 441 1289 τῷ
454 1250 550 1288 ἀγαθόν
562 1262 588 1278 τι
600 1254 698 1278 ποιεῖν·
711 1250 768 1278 ἐπεὶ
779 1251 801 1278 εἷ
813 1249 850 1287 μὴ

80 1298 158 1325 τοῦτο
168 1298 253 1334 προσῇ
262 1318 269 1331 ,
277 1297 328 1323 τῶν
338 1295 487 1324 τεθνεώτων
499 1295 572 1324 οὐδὲν
583 1295 728 1334 κρείττονες
738 1295 851 1324 ἔσονται.

664 181 708 204 AD
734 181 875 205 Tlrtlo'rfl.

1575 164 1644 211 (373

943 244 970 271 5.
983 242 1053 278 Quia
1064 242 1134 271 cuim
1147 242 1238 270 multa:
1253 240 1324 270 filios
1338 240 1466 268 habentes
1482 237 1643 267 viduitatem

905 289 1006 328 eligunt
1017 311 1024 325 ‚
1042 299 1093 317 nou
1109 297 1139 317 ut
1153 287 1288 317 saecularis
1299 288 1362 315 vitae
1383 285 1532 314 occasiones
1547 295 1646 324 ampu-

903 342 973 371 tent,
986 335 1034 364 sed
1049 342 1077 363 ut
1090 334 1144 363 illis
1156 334 1241 372 magis
1255 344 1282 362 se
1295 333 1410 370 dedant,
1426 343 1457 360 ac
1471 342 1532 360 cum
1549 331 1644 370 majori

902 381 1060 410 auctoritaie
1071 381 1159 409 omnin
1174 380 1273 408 faciam
1284 402 1292 415 ‚
1305 386 1330 407 et
1345 378 1495 407 mundanas
1507 377 1644 416 cupidita—

902 433 940 455 tes
956 427 1043 465 magis
1067 425 1306 464 scqtmutur;idco
1321 425 1377 453 ait:
1397 425 1467 463 Quae
1490 430 1589 452 autem
1612 425 1644 451 in

901 474 1016 502 deliciis
1036 480 1096 509 est,
1115 475 1219 501 vivens
1243 478 1360 500 mortua
1379 478 1429 500 est.
1454 470 1531 506 Quid
1553 469 1645 498 dicis?

904 517 986 547 vidua
999 518 1096 546 mulier
1105 528 1157 546 non
1171 517 1252 545 debet
1264 517 1291 545 in
1305 516 1409 545 deliciis
1421 526 1476 544 esse
1486 516 1499 543 P
1511 516 1585 552 Non,
1602 515 1645 543 in-

902 563 970 602 quit.
982 563 1013 592 Si
1029 563 1118 601 itaque
1133 569 1196 590 :etas
1207 569 1232 590 ct
1245 570 1340 590 natura
1354 561 1488 590 infirmior
1499 571 1550 589 non
1564 560 1644 589 modo

902 620 954 638 non
973 619 1041 648 opus
1057 609 1155 637 habent
1175 608 1298 642 deliciis,
1317 607 1365 636 sed
1384 608 1463 636 etiam
1479 618 1515 635 eae
1532 614 1645 636 mortem

903 662 1111 695 praematurent,
1139 665 1250 692 eamque
1270 660 1382 682 mortem
1404 659 1546 686 (eternam,
1578 652 1646 690 quid

902 701 1023 730 dixerint
1037 701 1091 730 viri
1106 701 1134 728 in
1148 699 1251 728 deliciis
1266 698 1423 728 versantes?
1439 698 1473 726 Et
1482 698 1577 726 merito
1585 698 1623 726 ait
1638 710 1644 725 ε

907 750 977 787 Quae
993 755 1092 778 aulem
1104 750 1135 776 in
1149 747 1263 776 deliciis
1273 752 1330 782 est,
1347 747 1451 774 vivens
1463 751 1578 773 mortua
1594 751 1646 774 ese.

903 795 958 824 Sed
971 794 1037 823 mid
1047 794 1144 830 discas,
1155 793 1296 823 videamus
1307 791 1374 830 quid
1385 791 1420 819 sit
1431 791 1558 820 vivorum
1569 801 1646 830 opus,

905 848 930 870 et
938 840 1006 880 quid
1014 847 1195 875 mortuorum,
1203 846 1228 867 et
1238 838 1285 866 uhi
1293 838 1364 866 hanc
1371 844 1487 866 statuere
1493 836 1646 865 debeamus.

904 886 1035 917 Viventes
1053 892 1147 914 curant
1159 895 1189 914 ea
1206 894 1265 923 quae
1279 890 1399 923 spectant
1413 882 1447 911 ad
1467 883 1587 911 futuram
1601 882 1649 910 vi-

905 939 971 967 tam,
987 943 1046 971 quae
1062 942 1126 960 vere
1140 930 1194 960 vita
1205 936 1253 958 cst.
1272 928 1408 964 Quidnam
1423 938 1487 957 vero
1510 928 1544 956 sit
1558 928 1649 956 sutura

905 978 972 1013 vita,
990 978 1058 1006 circa
1068 987 1148 1015 quam
1156 986 1263 1005 omnem
1273 974 1346 1003 omni
1359 981 1478 1013 tempore
1488 973 1649 1002 sollicitudi-

906 1032 967 1051 nem
991 1032 1038 1050 nos
1064 1020 1219 1060 impendere
1244 1018 1367 1048 convenit
1377 1041 1387 1056 ,
1415 1017 1482 1046 audi
1509 1017 1649 1046 Christum

905 182 982 204 CAP.
1015 181 1046 203 V·
1076 181 1194 204 uomit„
1226 180 1298 203 xm.

905 1066 1039 1095 dicentem
1052 1077 1059 1093 :
1076 1066 1188 1100 Venite,
1202 1064 1365 1092 hereditate
1373 1064 1496 1101 accipite
1503 1071 1651 1101 proepara-
1663 1073 1747 1094 munh.
1766 1073 1802 1094 25.

907 1119 969 1141 tum
992 1113 1077 1141 vobis
1100 1120 1222 1150 regnum
1247 1120 1267 1138 a
1290 1110 1498 1138 constitutione
1523 1109 1626 1137 mundi
1640 1120 1648 1135 :
1661 1103 1701 1134 34·
1716 1105 1754 1127 35-

907 1161 1015 1188 esurivi
1035 1161 1113 1188 enim
1127 1181 1134 1194 ‚
1159 1164 1187 1187 et
1207 1157 1329 1186 dedistis
1351 1157 1425 1185 mihi
1445 1157 1648 1191 manducare;

907 1208 1006 1245 sitivi,
1023 1213 1050 1235 et
1064 1206 1185 1234 dedistis
1200 1205 1273 1232 mihi
1286 1204 1390 1232 bibere.
1404 1203 1535 1232 Viventes
1551 1213 1603 1231 non
1619 1213 1651 1231 eo

907 1252 995 1281 solum
1004 1263 1019 1280 a
1031 1251 1147 1280 mortuis
1158 1250 1299 1286 disserunt,
1315 1248 1391 1287 quod.
1407 1249 1491 1277 solem
1505 1248 1615 1278 videant
1626 1255 1652 1277 et

908 1309 996 1327 aerem
1017 1298 1135 1337 spirent3
1150 1307 1202 1325 non
1225 1295 1275 1324 hoc
1291 1295 1406 1324 dicimus
1418 1306 1426 1331 3
1440 1293 1486 1323 sed
1502 1293 1574 1332 quod
1598 1295 1651 1323 bo-

82 1341 134 1370 Καί
149 1341 192 1369 ἵνα
204 1341 305 1379 μάθῃς,
321 1341 399 1370 ἅΥ-ῦυῑ
413 1343 470 1373 πῶς
486 1341 542 1369 ἕΓτῑ
554 1341 598 1368 καὶ
613 1341 782 1370 ἇπᾱθανόντα
793 1343 850 1375 ζην
872 1351 889 1373 F
909 1354 974 1372 num
986 1343 1054 1382 quid
1065 1343 1182 1372 faciant:
1198 1352 1260 1370 nam
1275 1341 1297 1370 si
1314 1341 1366 1369 hoc
1380 1351 1433 1369 non
1447 1347 1586 1380 praestent,
1604 1341 1650 1369 ni-

81 1386 144 1415 Ὁ·
126 1386 194 1419 Θεὸς
202 1409 209 1422 ,
220 1398 308 1426 φησιν,
323 1388 369 1415 οὐκ
380 1386 437 1415 ἔστι
448 1388 557 1425 νεκρῶν,
573 1387 634 1415 ἀλ)
625 1398 640 1414 α
650 1386 762 1419 ζώντων.
773 1387 846 1416 Ἀλλ
837 1400 872 1433 οι6

875 1390 949 1435 ²¹hil
964 1397 1026 1419 sunt
1036 1389 1149 1420 mortuis
1160 1388 1291 1417 meliores.
1307 1388 1343 1416 Et
1357 1394 1387 1415 ut
1400 1388 1451 1416 hoc
1465 1386 1570 1424 discas,
1587 1387 1651 1415 audi

81 1443 173 1467 τουτο,
187 1444 276 1471 φησιν,
294 1432 403 1470 αἴνιγμα
418 1432 508 1460 πᾶλιν·
521 1433 623 1462 Ονκῡνν
640 1432 777 1472 <ip-4529&
798 1434 853 1461 ἔπι
862 1415 897 1466 ⁶A
909 1437 1044 1475 quomodo
1059 1436 1144 1476 possit
1158 1435 1235 1471 fieri,
1255 1441 1285 1463 ut
1299 1434 1346 1473 qui
1362 1440 1485 1462 mortuus
1498 1441 1536 1462 est
1550 1434 1649 1463 vivat.

81 1477 231 1516 λυσώμεθα.
244 1479 269 1506 Γ
271 1478 363 1513 εθνηκε
373 1490 413 1511 τις
425 1478 513 1515 ζῶν,”
498 1489 559 1506 οταν
580 1479 606 1506 ἓν
622 1478 747 1517 σπατάλῃ
764 1478 815 1507 διά
808 1490 852 1518 (ῃ

83 1525 218 1560 ΠῶςςΤ
201 1537 218 1563 ῃ
239 1536 334 1563 γαστρι
348 1526 379 1562 ζῃ
404 1523 487 1563 μόνῃ,
498 1528 556 1557 ταῖς
573 1524 600 1553 δὲ
625 1524 717 1557 ἄλλαις
732 1525 853 1560 αἰσθήσε-

82 1581 123 1599 σιν
147 1570 283 1607 οὐδαμῶς·
305 1570 357 1599 οἷόν
380 1582 449 1603 πως,
467 1572 516 1610 οὐχ
537 1570 618 1610 ὁρᾷ’“
604 1583 620 1599 α
639 1569 692 1610 χρὴ
712 1573 784 1610 ὁραν,
805 1571 852 1599 οὐκ

82 1614 171 1644 ἀκούει
181 1615 215 1643 ἃ
209 1615 261 1655 χρὴ
274 1627 387 1652 ακουειν,
396 1628 424 1645 ου
435 1616 576 1655 φθέγγεται
593 1616 609 1644 ἃ
630 1617 668 1645 δεῖ
679 1617 851 1656 φθέγγεσθαι,

81 1661 138 1691 οὐδὲ
159 1661 193 1690 τὰ
216 1663 268 1690 τῶν
290 1661 393 1695 ζώντων
409 1663 523 1702 ἐνεργεῖ·
546 1664 604 1692 ἀλλ’
618 1662 709 1703 ὥσπερ
727 1664 824 1697 ἐκεῖνος
840 1666 853 1692 ὃ

80 1707 220 1746 τεταμένος
231 1709 275 1737 ἐπὶ
291 1710 339 1743 τῆς
352 1708 442 1745 κλίνης
456 1708 516 1741 τοὺς
530 1709 679 1748 ὀφθαλμοὺς
693 1709 794 1747 μύσας,
805 1710 851 1739 καὶ

79 1753 112 1783 τὰ
126 1754 236 1793 ὄμματα
247 1755 469 1794 συνειλημμένος,
483 1757 535 1784 τῶν
552 1755 633 1784 ὄντων
653 1755 755 1788 οὐδενὸς
773 1757 851 1784 ἐπαι-

79 1800 219 1837 σθάνεται,
246 1801 313 1830 ούτω
334 1814 380 1831 και
400 1805 489 1835 οὗτος·
517 1803 617 1840 μαλλον
637 1801 663 1831 οὲ
684 1803 734 1840 οὐχ
752 1801 851 1836 ούτικς,

78 1846 146 1876 ἀλλὰ
162 1849 252 1886 πολλῷ
268 1852 368 1887 χεῖρον.
387 1847 505 1881 Ἐκεῖνος
524 1860 571 1886 μεν
585 1860 637 1887 γαρ
651 1847 696 1876 καὶ
710 1849 763 1876 τῶν
783 1849 850 1886 ἀγα-

79 1894 130 1923 θῶν
145 1893 257 1931 ὁμοίως,
271 1894 317 1922 καὶ
330 1896 382 1923 τῶν
399 1896 488 1923 κακῶν
505 1893 705 1928 ἀνεπαισθητως
724 1892 794 1932 ἔχει·
807 1896 850 1923 οὑ-

78 1949 123 1972 τος
140 1938 168 1968 δὲ
181 1938 287 1968 ἐκείνων
302 1940 453 1969 αἰσθάνεται
475 1940 571 1977 μόνων,
592 1940 644 1967 τῶν
660 1940 750 1968 κακῶν
764 1939 849 1977 ὶέγω,

79 1984 145 2024 πρὸς
163 1984 190 2013 δὲ
201 1984 234 2012 τὰ
248 1984 334 2023 ἀγαθὰ
344 1987 382 2025 τῷ
396 1985 509 2025 κειμένῳ
520 1984 617 2022 ὁμοίως
633 1985 702 2013 ἐστὶν
717 1984 848 2020 ἀκίνητος.

81 2029 162 2059 Οὕτω
175 2029 222 2068 μὲν
243 2025 287 2058 οῧν
298 2031 344 2059 καὶ
361 2031 483 2066 τέθνηκεν

80 2078 132 2105 τῶν
154 2077 201 2111 τῆς
217 2075 362 2114 μελλούσης
376 2077 459 2112 ζωῆς,
475 2075 542 2105 ἀλλὰ
558 2076 678 2114 καθάπερ
690 2077 726 2109 εἷς
738 2077 850 2105 κατάδυ-

81 2122 121 2150 σίν
136 2133 194 2151 τινα
216 2121 351 2158 σκοτεινὴν
374 2122 418 2151 καὶ
438 2121 554 2162 ζοφώδη,
577 2121 622 2150 καὶ
643 2122 735 2161 ἄντρον
751 2124 851 2158 πολλῆς

81 2167 242 2206 ἀκαθαρσίας
255 2167 345 2206 γέμον,
364 2168 483 2197 λαὸοῦσα
505 2169 541 2201 εἷς
560 2166 620 2200 τοὺς
641 2168 751 2200 οἰκείους
772 2168 848 2197 αὐτὸν

489 2055 495 2060 .
509 2029 593 2059 Οὐδὲν
613 2029 665 2070 γὰρ
686 2030 763 2059 αὐτὸν
784 2036 850 2059 κινεῖ

80 2214 192 2247 κόλπους
215 2216 231 2249 ἡ
255 2213 338 2252 μέθη,
353 2214 493 2247 διαπαντὸς
515 2216 541 2243 ἐν
565 2213 650 2253 σκότῳ
665 2218 735 2243 ποιεῖ
751 2214 850 2253 διατρί-

80 2260 145 2297 Εειν,
161 2259 252 2299 ὥσπερ
272 2259 331 2293 τοὺς
348 2262 503 2293 τεθνεῶτας.
516 2259 604 2289 (Όταν
622 2259 674 2299 γὰρ
698 2260 742 2289 τὸν
764 2259 850 2288 πάντα

79 2306 173 2346 χρόνον
197 2306 241 2335 τὸν
267 2305 314 2344 μὲν
340 2308 465 2346 ἀριστῶν,
485 2306 529 2335 τὸν
551 2305 578 2335 δὲ
600 2305 703 2343 μεθύων
727 2306 850 2344 διατελῇ,

81 2352 139 2391 οὐχὶ
155 2353 181 2381 ἓν
193 2351 279 2392 σκότῳ
300 2352 388 2387 ἐστίν,
402 2352 459 2391 οὐχὶ
473 2351 563 2390 νεκρός
575 2352 648 2388 ἕστι;
662 2351 715 2380 Καὶ
725 2351 790 2390 πρὸς
804 2353 849 2380 αὐ-

80 2398 128 2435 τὴν
145 2398 172 2428 δὲ
185 2398 233 2434 τὴν
253 2399 303 2435 ἔω,
316 2399 347 2433 ἢν
363 2399 432 2427 δοκεῖ
446 2398 546 2438 νήφειν,
564 2399 610 2427 οὐκ
634 2397 689 2437 ἔχει
708 2399 785 2436 νῆψιν
801 2409 849 2426 κοι-

119 2506 129 2518 ·
145 2503 202 2527 Duo
213 2503 271 2532 MSS,
286 2507 326 2531 τήν
338 2506 432 2537 χηρείαν
443 2507 569 2537 ἀρνοῦνται.
592 2501 661 2533 Εᾶᾒί
682 2506 806 2536 αἱροῦνται,
819 2508 844 2525 Εἰ

84 2542 118 2567 sic
131 2541 190 2576 legit
201 2549 270 2569 vetus
283 2543 410 2574 Interpres
422 2541 609 2567 LatinusLicet
624 2546 707 2566 autem
721 2541 773 2566 haec
783 2550 844 2565 cou-

908 1484 1007 1517 Deus,
1033 1482 1137 1520 inquit,
1153 1491 1212 1510 non
1233 1487 1428 1514 mortuorum,
1445 1480 1497 1508 sed
1516 1481 1651 1508 vivorum
1665 1489 1803 1511 1[1.22.]2.

908 1536 959 1558 est.
976 1529 1030 1558 Sed
1040 1529 1106 1565 hoc,
1121 1527 1224 1566 inquit,
1239 1526 1354 1565 aenigma
1368 1533 1417 1555 est.
1440 1526 1530 1565 Igitur
1546 1533 1652 1554 utrum-

907 1586 959 1615 que
971 1575 1117 1604 solvamus.
1132 1575 1258 1603 Mortuus
1269 1572 1414 1609 estaliquis
1429 1572 1535 1609 vivens,
1550 1582 1611 1600 cum
1624 1572 1651 1601 in

907 1622 1012 1651 deliciis
1019 1622 1084 1661 agit.
1097 1619 1263 1656 Quomodo?
1276 1618 1372 1649 Ventri
1389 1618 1558 1647 solummodo
1568 1618 1650 1656 vivit,

907 1669 967 1698 aliis
982 1675 1072 1698 autem
1088 1667 1210 1697 sensibus
1221 1676 1273 1694 non
1286 1666 1372 1694 utitur
1384 1677 1389 1692 :
1401 1665 1476 1694 verbi
1488 1675 1583 1700 causa,
1598 1675 1651 1694 non

907 1713 982 1742 videt
993 1724 1053 1752 quae
1065 1711 1184 1742 videnda
1191 1717 1254 1740 sunt
1262 1733 1269 1746 ‚
1278 1720 1331 1738 non
1342 1709 1421 1738 audit
1431 1720 1491 1747 quae
1502 1708 1648 1744 audienda,

906 1770 960 1788 non
975 1759 1095 1797 loquitur
1109 1766 1168 1795 quae
1188 1756 1262 1794 loqui
1285 1761 1436 1794 op01teret‚
1451 1764 1537 1792 neque
1551 1755 1649 1782 viven-

907 1803 976 1831 tium
988 1813 1068 1842 opera
1082 1801 1158 1836 edm
1173 1800 1221 1829 sed
1235 1800 1305 1829 sicut
1316 1799 1384 1827 ille·
1376 1809 1403 1827 in
1424 1798 1492 1826 lecto
1506 1805 1631 1826 extensus
1640 1820 1649 1834 ‚

907 1847 1005 1876 clausis
1021 1846 1126 1880 oculis,
1144 1824 1212 1873 riihil
1233 1843 1342 1872 omnino
1356 1842 1453 1871 sentit:
1469 1842 1506 1870 ita
1521 1842 1602 1870 ethic
1615 1841 1649 1870 de

907 1901 959 1929 quo
977 1890 1136 1928 loquimur3
1153 1889 1208 1917 imo
1230 1888 1315 1916 multo
1327 1886 1452 1915 deterius.
1468 1885 1518 1914 llle
1533 1896 1649 1924 namque

906 1945 991 1973 neque
1005 1934 1075 1962 bona
1095 1943 1181 1971 neque
1195 1932 1266 1961 mala
1282 1942 1361 1960 sensu
1376 1931 1509 1970 percipit;
1524 1930 1569 1958 hic
1583 1940 1648 1958 vero

906 1981 976 2009 mala
984 1979 1181 2015 tantumsentit,
1190 1985 1320 2017 quantum
1327 1978 1361 2006 ad
1372 1977 1442 2006 bona
1453 1983 1550 2010 autem,
1557 1976 1649 2015 jacen-

905 2027 926 2054 ti
947 2025 1044 2055 similis
1057 2031 1096 2054 est
1110 2031 1135 2053 et
1157 2025 1284 2053 immotus
1299 2036 1304 2051 :
1323 2029 1402 2062 atque
1417 2022 1453 2051 iia
1467 2029 1589 2051 mortuus
1601 2021 1649 2050 ille

905 2079 952 2101 est.
963 2071 1040 2101 Nihil
1048 2071 1119 2100 enim
1130 2077 1221 2100 movet
1232 2070 1311 2099 illum
1323 2070 1413 2098 sutura
1428 2069 1483 2098 vita
1500 2082 1506 2103 ;
1522 2068 1568 2097 sed
1580 2074 1647 2096 tam-

907 2130 988 2157 quam
1002 2119 1029 2147 in
1044 2118 1199 2147 cuniculum
1213 2115 1357 2156 quemdam
1371 2115 1516 2145 obscurum
1535 2121 1560 2143 ct
1573 2121 1648 2143 tene-

905 2165 1016 2194 brosum
1026 2187 1034 2201 ,
1048 2171 1074 2193 et
1089 2164 1116 2192 in
1132 2171 1239 2192 antrum
1251 2162 1424 2191 immunditia
1437 2161 1509 2190 ouini
1522 2160 1645 2200 plenum,

907 2212 944 2241 sic
968 2211 995 2240 in
1010 2211 1071 2240 sinu
1097 2221 1146 2240 suo
1160 2216 1296 2249 receptum
1319 2208 1453 2237 deducens
1473 2207 1603 2242 ebrietas,
1619 2207 1645 2234 in

906 2258 1023 2287 tenebris
1034 2267 1138 2296 semper
1149 2256 1260 2291 detinet,
1270 2255 1345 2283 velut
1353 2261 1480 2283 mortuos.
1495 2253 1563 2282 Cum
1576 2252 1646 2281 enim

907 2312 991 2334 totum
1009 2311 1113 2343 tempus
1136 2303 1178 2332 vel
1201 2302 1228 2331 in
1242 2300 1363 2341 prandiis
1381 2301 1424 2329 vel
1442 2300 1469 2328 in
1492 2299 1647 2328 temulentia

906 2350 1060 2379 insumserit
1070 2373 1077 2385 ,
1090 2359 1178 2378 annon
1191 2348 1218 2377 in
1230 2347 1344 2377 tenebris
1355 2347 1510 2376 est?ann0n
1525 2352 1647 2374 mortuus

906 2396 965 2425 est?
979 2396 1014 2425 Et
1029 2407 1061 2425 ne
1076 2395 1215 2424 matutinis
1237 2393 1346 2432 quidem
1360 2393 1447 2428 horis,
1467 2403 1529 2420 cuni
1539 2392 1648 2431 jejunus

894 2501 969 2525 traria
981 2499 1124 2529 videantur,
1138 2497 1225 2523 eodem
1234 2503 1318 2522 tamen
1330 2496 1394 2522 redit
1407 2495 1539 2521 sententia.

1437 2582 1486 2612 Π.
