1893 2860
100 1151 161 1172 Deus
179 1150 242 1171 nohis

100 1182 227 1202 volentibus

99 1218 205 1240 operatur
220 1213 242 1232 in

100 1244 172 1264 nohis.

105 2062 244 2085 Prov.18.3.

595 205 620 227 5.
649 203 787 227 soitNle

253 196 320 245 296

814 202 994 225 CHRYSOST.
1026 201 1166 223 Ancum?
1173 215 1180 222 .
1209 200 1462 223 CONSTAN‘HNOP
1469 215 1475 221 .

251 269 327 303 dixi,
344 268 417 297 Cum
437 268 538 295 timor-e
557 271 583 293 et
599 271 721 293 tremore
737 275 744 292 .·
761 274 812 292 non
837 263 909 292 enim
932 262 992 291 ideo
1010 265 1028 287 D
1047 261 1146 300 λήσῃς,
1160 261 1217 290 τότε
1233 261 1368 300 ἐνεργήσει
1389 261 1418 290 τὸ
1433 260 1525 289 θέλειν,
1551 258 1597 295 Μὴ
1618 259 1752 298 φοῧηθῇς,
1768 259 1812 286 καὶ

249 312 326 346 dixi,
351 318 378 338 ut
399 310 537 348 desperes,
560 315 589 336 ut
611 308 740 335 virtutem
760 306 900 336 difficilem
916 306 990 334 aditu

250 362 339 393 putes,
361 353 406 381 sed
427 359 456 380 ut
475 359 589 380 mentem
603 350 732 379 adhibeas
745 375 754 386 ,
767 360 800 378 ac
817 360 848 378 ue
862 356 887 378 te
901 349 991 389 ipsum

250 398 367 425 remittas
391 396 466 435 quasi
493 396 607 425 fatiscas.
633 395 661 423 Si
683 394 734 422 hoc
757 393 897 429 attuleris,
919 394 991 422 Deus

249 442 339 470 omnia
353 441 507 481 operabitur
520 453 526 469 :
540 447 568 469 tu
589 439 719 469 confidito
735 451 741 467 τ
753 440 834 468 Deus
848 441 925 469 enim
940 445 991 475 est,

250 490 301 526 qui
319 493 455 526 operatur
478 489 509 514 in
523 487 617 514 vobis.
640 486 713 523 Ergo
734 485 756 513 si
773 485 830 524 ipse
853 491 991 524 operatur,

248 543 295 561 nos
309 533 473 561 voluntatem
484 532 569 571 ipsam
582 531 687 571 penitus
699 530 924 559 obsecundantem
938 539 990 558 non

249 578 386 607 remissam
409 600 416 613 ‚
443 577 489 606 sed
522 578 549 605 in
576 587 632 606 sese
661 575 797 605 collectam
817 575 992 604 exhibeamus

248 630 353 663 oportet
369 636 375 651 :
389 624 469 652 Deus
489 625 566 652 enim
578 629 632 658 est,
645 624 695 661 qui
708 628 844 660 operatur
858 623 891 649 in
908 623 992 650 vohis

248 677 276 698 et
290 670 371 698 velle
385 676 412 698 et
422 671 546 708 operari.
561 669 589 697 Si
604 669 677 696 Deus
687 675 739 704 est,
753 668 799 706 qui
813 668 839 696 in
853 667 993 696 nobishoc

251 722 393 755 operatur,
408 722 437 743 ut
452 715 582 751 velimus,
597 725 646 742 cur
660 724 707 742 nos
720 714 875 742 cohortatur
890 713 903 741 .⁰
917 714 987 742 Nam

251 762 274 790 si
301 762 358 801 ipse
377 768 435 797 est,
457 761 504 799 qui
521 767 550 789 ut
571 760 687 789 velimus
702 759 777 797 facit,
793 760 891 788 frustra
912 759 991 788 nobis

250 807 320 836 dicis
330 830 337 843 ‚
356 808 519 840 obedistis,-
544 817 595 834 non
611 806 680 834 enim
695 816 742 834 nos
761 815 852 834 sumus
868 805 914 843 qui
929 805 992 834 obe-

252 852 343 881 dimus
356 864 362 879 :
375 853 474 881 frustra
489 851 574 887 dicis,
590 853 627 879 In
642 853 742 879 timore
756 857 783 879 et
798 858 937 884 tremore;
951 858 992 879 to-

254 906 311 927 tum
322 898 393 927 enim
407 898 458 926 Dei
469 904 519 926 est.
538 897 650 925 Minime
669 907 732 925 vero
748 896 801 924 huc
816 903 936 935 spectans
947 897 995 925 ista

258 943 337 971 verba
349 942 464 982 protuli,
475 943 556 970 Deus
568 948 610 970 est
626 943 677 980 qui
689 947 826 979 operatur
840 947 867 969 el
879 942 955 970 velle
969 948 998 970 et

253 991 368 1028 operari
376 1001 387 1023 ,·
409 988 457 1017 sed
473 995 502 1016 ut
517 995 631 1017 vestram
647 986 852 1015 sollicitudinem
866 987 995 1015 sedarem.

252 1037 282 1065 Si
291 1036 406 1065 volueris
418 1059 425 1072 ‚
436 1042 499 1064 tunc
514 1034 681 1074 operabitur,
695 1040 724 1062 ut
737 1034 813 1063 velis.
826 1035 866 1062 Ne
881 1040 995 1070 metuas,

254 1090 278 1111 et
299 1082 368 1110 nihil
387 1092 450 1120 agas
477 1093 483 1109 :
506 1081 563 1119 ipse
585 1087 610 1108 et
631 1079 834 1119 propensionem
848 1079 996 1108 voluntatis

255 1128 331 1157 uobis
342 1127 388 1156 dat
400 1134 424 1156 et
438 1126 629 1166 operationem.
642 1125 749 1153 Etenim
764 1125 810 1153 ubi
822 1125 997 1161 voluerimus,

256 1174 365 1213 augebit
387 1172 591 1213 propensionem
610 1170 757 1200 voluntatis
781 1182 787 1198 :
814 1170 912 1207 veluti,
934 1170 997 1200 volo

255 1221 319 1251 honi
343 1220 446 1259 aliquid
467 1219 592 1259 operari;
612 1225 736 1258 operatur
761 1218 850 1257 ipsum
872 1217 974 1246 bonum
988 1239 996 1255 ,

255 1275 380 1308 operatur
395 1278 444 1307 per
457 1267 545 1306 ipsum
558 1265 638 1294 etiam
652 1265 730 1293 velle.
747 1267 798 1292 Aut
809 1275 843 1292 ex
859 1263 999 1292 abundau-

254 1314 292 1342 tia
302 1313 408 1353 pietatis
417 1313 468 1341 hoc
478 1311 576 1350 inquit,
590 1309 820 1349 quemadmodum
834 1320 896 1338 cum
907 1316 998 1338 nostra

255 1366 324 1388 recte
333 1359 404 1387 sacta
413 1381 421 1395 ‚
437 1358 598 1386 charismata
611 1356 738 1395 appellat.

293 1407 322 1434 ἓ.
335 1404 410 1433 Sicut
426 1403 509 1443 igitur
528 1403 574 1431 illa
589 1401 729 1430 nominans
744 1400 904 1429 charismata
914 1423 923 1439 ‚
940 1411 993 1430 non

255 1457 399 1490 propterea
411 1460 458 1478 nos
471 1448 562 1488 dejicit
573 1448 607 1476 de
618 1447 697 1476 liberi
711 1447 817 1476 arbitrii
827 1447 999 1486 possessione,

255 1496 301 1525 sed
315 1496 384 1524 hanc
410 1495 497 1534 ipsam
513 1494 626 1523 liberam
641 1504 671 1522 ac
689 1493 731 1521 sui
750 1493 819 1532 juris
833 1500 991 1532 potestatem

254 1541 331 1570 nohis
343 1540 489 1580 permittit:
506 1539 543 1567 ita
565 1550 627 1567 cum
643 1538 730 1576 inquit
746 1538 835 1566 Deum
852 1549 906 1567 esse
918 1561 926 1575 ,
948 1538 995 1576 qui

254 1596 380 1628 operatur
396 1588 424 1616 in
437 1587 512 1616 nobis
527 1587 596 1615 velle
608 1609 615 1623 ,
627 1586 738 1614 minime
752 1597 799 1614 nos
821 1586 906 1615 libero
922 1586 999 1615 arbi*

255 1635 307 1664 trio
327 1635 436 1674 privat3
453 1633 498 1662 sed
514 1633 630 1661 ostendit
644 1639 714 1661 recte
734 1632 856 1661 faciendo
876 1644 1000 1672 magnam

256 1691 304 1709 nos
325 1680 464 1718 acquirere
477 1679 679 1719 propensionem
702 1677 736 1706 ad
750 1678 906 1708 volendum.
923 1680 992 1708 Nam

255 1725 485 1765 quemadmodum
500 1724 620 1753 faciendo
645 1723 714 1752 illud
741 1724 951 1762 consequimur,
972 1732 1001 1753 ut

254 1771 384 1800 faciamus
400 1782 406 1797 :
422 1769 459 1798 ita
481 1779 533 1797 non
552 1767 673 1796 faciendo
692 1767 744 1796 hoc
760 1775 934 1806 comparatur
945 1790 953 1805 ‚
972 1775 1001 1797 ut

256 1827 310 1845 non
330 1816 472 1844 faciamus.
495 1814 601 1843 Dedisti
624 1813 841 1852 eleemosynam?
862 1820 886 1842 te
911 1813 1001 1853 ipsum

257 1861 346 1900 magis
365 1860 482 1889 incitasti
498 1859 532 1888 ad
546 1859 674 1888 dandum.
695 1860 755 1888 Non
777 1858 902 1887 dedisti?
916 1860 1001 1898 magis

262 1915 288 1936 te
311 1906 346 1936 ad
371 1906 543 1935 cessationem
571 1905 739 1944 comparasti.
762 1905 901 1944 Sapienter
923 1906 1001 1943 egisti

1047 307 1119 335 οὐδὲν
1133 306 1235 345 κᾶμνῃς
1246 318 1252 323 ·
1267 306 1312 334 καὶ
1333 306 1479 345 προθυμίαν
1495 305 1571 337 αὐτὸς
1585 307 1648 342 ἡμῖν
1664 304 1754 332 δίδωσι
1768 304 1813 331 καὶ

1046 353 1179 391 ἐργασίαν.
1189 352 1276 381 εΌτοιν
1285 351 1334 390 γὰρ
1347 351 1508 389 θελήσωμεν,
1520 350 1590 384 αὔξει
1603 351 1633 378 τὸ
1644 350 1725 378 θέλειν
1737 351 1813 386 ἡμῶν

1045 399 1136 428 λοιπόν
1146 411 1151 416 ·
1167 394 1231 433 οἷον,
1249 398 1378 436 βούλομαι
1393 397 1490 436 ἀγαθόν
1504 409 1529 425 τι
1544 397 1705 435 ἐργάσασθαι
1716 407 1722 412 ·
1737 395 1814 434 ἐνήρ-

1046 456 1125 483 γησεν
1142 444 1205 472 αὐτὸ
1225 444 1255 472 τὸ
1274 443 1379 481 ἀγαθον,
1403 443 1531 481 ἐνήργησε
1558 442 1592 470 δι’
1616 443 1695 470 αὐτου
1720 452 1765 469 και
1785 441 1814 469 τὸ

1047 490 1140 519 θέλειν,
1158 489 1195 517 Ἦ
1211 489 1264 517 ἀπὸ
1275 489 1374 522 πολὶῆς
1388 487 1524 519 εὖλαὸείας
1534 486 1610 515 τουτό
1621 497 1708 524 φησιν,
1725 486 1814 525 ὥσπερ

1046 535 1109 564 οταν
1124 535 1157 564 τὰ
1182 533 1376 573 κατορθώματα
1395 532 1428 561 τὰ
1447 532 1564 572 ἡμέτερα
1578 530 1731 570 γαρίσματα
1749 534 1814 560 εἶναι

1047 581 1078 609 λε’
1066 593 1121 620 εγτ.

1093 1405 1198 1445 ‘'sto-mg>
1221 1399 1265 1434 οῧν
1281 1404 1364 1444 λέγων
1382 1403 1447 1433 αὐτὰ
1469 1402 1639 1443 χαρίσματα,
1659 1405 1706 1433 οὐκ
1730 1402 1818 1437 ἐξωθεῖ

1017 1461 1036 1484 Ε
1052 1454 1124 1489 ἡμᾶς
1134 1455 1178 1480 τοῧ
1191 1450 1364 1486 αὖτεξουσίου,
1378 1451 1435 1479 ἀλλ’
1447 1449 1553 1488 ἀφίησιν
1565 1450 1592 1478 ἐν
1603 1451 1667 1487 ἡμῖν
1688 1449 1718 1477 τὸ
1728 1449 1819 1482 αὐτεξ-

1053 1497 1153 1526 ούσιον·
1169 1496 1249 1529 οὕτως
1265 1495 1326 1524 ὅταν
1342 1495 1407 1534 λε’γῃ
1423 1497 1534 1533 ἐνεργεῖν
1555 1496 1580 1524 ἐν
1593 1497 1657 1532 ἡμῖν
1679 1495 1711 1523 τὸ
1729 1493 1821 1529 θέλειν,

1053 1545 1100 1572 οὐκ
1112 1545 1262 1582 ἀφαιρεῖται
1279 1544 1349 1579 ἡμᾶς
1363 1541 1393 1569 τὸ
1410 1540 1583 1575 αὐτεξούσιον,
1596 1539 1665 1569 ἀλλὰ
1680 1540 1820 1574 δείκνυσιν,

1053 1589 1092 1618 ὅτι
1107 1589 1159 1618 ἀπὸ
1173 1591 1218 1617 τοῦ
1231 1589 1373 1627 κατορθοῦν
1386 1586 1487 1620 πολλὴν
1500 1587 1535 1618 εἷς
1549 1585 1579 1615 τὸ
1594 1585 1677 1614 θέλειν
1687 1584 1822 1624 λαμὸάνο-

1055 1647 1101 1673 μεν
1113 1634 1270 1674 προθυμίαν.
1282 1632 1408 1671 Καθάπερ
1422 1631 1473 1670 γὰρ
1487 1631 1517 1660 τὸ
1530 1635 1614 1660 ποιεῖν
1635 1633 1664 1660 ἐκ
1677 1633 1723 1659 τοῦ
1739 1634 1822 1658 ποιεῖν

1052 1680 1167 1719 γίνεται·
1183 1680 1264 1712 οὕτως
1280 1680 1310 1707 ἐκ
1324 1681 1369 1706 τοῦ
1387 1677 1424 1715 μὴ
1436 1681 1519 1706 ποιεῖν
1533 1676 1564 1705 τὸ
1579 1676 1615 1714 μὴ
1631 1679 1725 1704 ποιεῖν.
1736 1675 1824 1704 Ἔδω-

1053 1738 1102 1758 κας
1121 1724 1315 1763 ἐλεημοσύνηνς
1340 1724 1440 1761 μᾶλλον
1464 1721 1635 1761 προετράπης
1651 1722 1748 1750 δοῦναι.
1765 1721 1824 1749 Οὔκ

1021 1783 1065 1805 F
1055 1772 1178 1803 ἔδωκας
1165 1771 1205 1806 οε’;
1219 1771 1317 1809 μαλλον
1332 1769 1459 1807 ἤργησας.
1468 1767 1672 1806 Ἐσωφρόνησας
1685 1766 1746 1804 μίαν
1757 1765 1824 1804 ἡμέ·

1056 1829 1116 1857 ραν,
1137 1816 1205 1855 ἔχεις
1218 1814 1369 1853 προτροπὴν
1390 1826 1435 1842 και
1451 1814 1486 1844 εἷς
1505 1812 1553 1847 τὴν
1578 1811 1711 1850 δευτέραν.
1726 1812 1825 1851 'Eppu-

1054 1863 1206 1901 ‘summm’
1196 1861 1257 1890 επέτ
1259 1872 1328 1891 εινας
1339 1859 1386 1894 τὴν
1403 1858 1548 1897 ῥαθυμίαν·
1565 1857 1622 1886 Ἀσε
1613 1857 1672 1893 τὸὴς
1686 1857 1753 1897 γὰρ,
1768 1869 1823 1896 φη-

1025 1921 1130 1946 ,σιν,ε
1119 1907 1199 1936 ἐλθὼν
1215 1909 1236 1935 εἷ
1240 1919 1250 1938 ς
1273 1906 1350 1944 βάθος
1371 1916 1460 1932 κακων
1477 1907 1644 1942 καταφρονεῖ.
1657 1901 1745 1931 “sto-‘trs
1735 1914 1775 1958 ευρ
1779 1904 1822 1930 οὖν

257 1964 310 1983 uno
337 1953 403 1982 die.
397 1954 410 1972 ⁹
438 1953 519 1981 habes
551 1952 757 1981 incitamentum
777 1974 785 1989 ‚
810 1959 840 1980 ut
869 1952 896 1980 in
918 1952 1001 1981 altero
1020 1971 1039 1991 Λ
1053 1954 1115 1983 οταν
1135 1953 1197 1991 ε’)θῃ
1215 1954 1250 1984 εἰς
1273 1933 1350 1989 Ιβοίθος
1364 1952 1462 1985 κακῶν,
1479 1953 1650 1987 καταφρονεῖ·
1665 1947 1749 1980 ουτως
1761 1947 1823 1976 ὅταν

258 2001 383 2030 similiter
397 2011 468 2040 agas.
485 1999 652 2039 Neglexisti.
645 2000 658 2019 ἶ)
673 1999 772 2028 auxisti
787 1999 1000 2038 negligentiam.

259 2050 370 2086 Impius
400 2046 471 2075 enim
485 2069 493 2082 ,
522 2045 610 2084 inquit
624 2067 633 2083 ‚
667 2056 732 2074 cum
765 2047 797 2073 in
821 2046 1002 2084 profundum

258 2095 372 2122 venerit
400 2093 545 2120 malorum.
562 2113 571 2128 ‚
604 2093 777 2119 contemnit.
808 2091 999 2126 Quemadmo-

257 2140 323 2168 dum
350 2139 450 2178 igitur‚
479 2137 526 2176 qui
551 2137 578 2165 in
604 2137 737 2165 malorum
760 2137 928 2176 profundum
951 2137 1001 2166 de-

258 2185 359 2214 scendit
370 2208 379 2222 ‚
396 2183 556 2213 contemnit:
568 2184 605 2211 ita
619 2183 665 2222 qui
684 2184 710 2211 in
728 2183 895 2223 profundum
907 2184 996 2213 bono-

259 2242 323 2259 rum
334 2231 407 2260 venit
416 2253 424 2267 ,
438 2229 554 2258 studiose
562 2229 626 2268 agit.
638 2230 705 2258 Nam
718 2236 747 2257 ut
760 2229 806 2258 ille
817 2229 1002 2269 desperatione

260 2276 438 2316 negligentior
454 2276 484 2304 fit
495 2299 502 2312 ,
518 2276 554 2304 ita
575 2275 620 2304 hic
638 2275 771 2304 bonorum
793 2275 898 2315 copiam
915 2287 1004 2306 secum

261 2323 398 2361 cogitans,
423 2321 579 2360 diligentior
600 2321 649 2356 fit,
664 2332 698 2351 ne
720 2328 806 2350 totum
820 2322 924 2361 perdat.
939 2324 1000 2352 Pro

261 2372 340 2398 bona
358 2369 510 2397 voluntate
520 2391 529 2404 ,
551 2369 639 2407 inquit
652 2380 658 2396 :
671 2368 699 2397 id
721 2376 760 2398 est
775 2376 886 2410 propter
902 2370 1004 2399 carita—

260 2422 313 2443 tem
326 2437 335 2449 ,
360 2421 389 2442 ut
412 2415 468 2442 Deo
490 2414 636 2453 placeatis,
658 2421 688 2443 ut
709 2425 768 2453 quae
793 2415 833 2444 illi
855 2415 1005 2455 probantur

260 2470 372 2498 quaeque
391 2459 465 2487 illius
481 2460 615 2488 voluntati
630 2467 804 2490 consentanea
828 2468 909 2496 sunt,
927 2462 1002 2491 fiant.

262 2506 319 2533 Hoc
336 2505 394 2533 loco
407 2504 521 2533 ostendit
534 2527 541 2542 ,
557 2513 583 2533 et
596 2505 725 2534 fiduciam
739 2506 785 2534 dat
797 2529 805 2544 ‚
818 2507 874 2536 fore
895 2509 1004 2537 omnino

261 2558 291 2579 ut
307 2552 380 2579 Deus
397 2557 531 2589 operetur.
544 2551 612 2579 Vult
627 2552 696 2580 enim
708 2563 754 2580 nos
769 2553 807 2581 ita
821 2560 850 2582 ut
865 2554 921 2593 ipsc
933 2555 1003 2590 vult,

261 2598 363 2626 vivere.
387 2596 465 2631 Quod
492 2597 513 2625 si
541 2597 613 2625 Deus
635 2598 713 2636 vult,
735 2598 805 2627 illud
826 2607 915 2629 autem
932 2601 1003 2639 quod

1053 2000 1114 2038 ειθῃ
1137 2001 1173 2032 εἷς
1198 1998 1275 2036 βάθος
1298 1997 1418 2033 ἀγαθῶν,
1445 1994 1596 2026 σπουδάζει.
1620 1993 1748 2032 Καθάπερ
1772 1991 1824 2031 γὰρ

1052 2049 1105 2076 ἐκε
1107 2058 1186 2080 νοςα
1170 2044 1296 2084 ἀτογνους
1322 2041 1495 2083 ῥαθυμοτερος
1509 2041 1625 2080 γίνεται·
1649 2039 1730 2073 ουτως
1751 2042 1825 2072 οὗτος

1053 2100 1146 2127 ἐννοῶν
1158 2097 1187 2125 τὸ
1199 2097 1298 2130 πλῆθος
1307 2095 1360 2122 τῶν
1369 2094 1484 2131 ἀγαθῶν,
1495 2090 1699 2129 σπουδαιότερος
1709 2089 1824 2129 γίνεται,

1055 2147 1176 2180 δεδοικὼς
1191 2146 1228 2185 μὴ
1250 2146 1280 2174 τὸ
1304 2149 1356 2173 πᾶν
1379 2142 1506 2181 ἀπολέσῃ.
1522 2140 1606 2180 Ὑπὲρ
1621 2143 1668 2176 τῆς
1692 2140 1825 2176 εὐδοκίας,

1052 2199 1131 2239 φησί·
1146 2197 1280 2231 τουτέστι,
1301 2194 1344 2223 διὰ
1354 2193 1400 2229 τὴν
1422 2193 1539 2231 ἀγάπην,
1555 2191 1598 2220 διὰ
1618 2191 1665 2226 τὴν
1681 2191 1823 2230 ἀρέσκειαν

1056 2251 1133 2278 αὑτοῦ
1143 2271 1150 2284 ,
1160 2248 1204 2276 ἵνα
1218 2246 1250 2275 τὰ
1270 2246 1394 2274 δοκοῦντα
1409 2244 1479 2281 αὐτῷ
1495 2241 1617 2280 γένηται,
1631 2240 1674 2269 ἵνα
1686 2240 1757 2269 κατὰ
1775 2239 1824 2275 τὴν

1056 2299 1161 2334 θέλησιν
1178 2299 1268 2326 αὐτοῦ.
1279 2295 1412 2325 Ἐνταῦθα
1425 2292 1555 2328 δείκνυσι,
1569 2290 1614 2320 καὶ
1628 2295 1698 2319 ποιεῖ
1711 2292 1824 2330 θαῤῥεῖν,

1056 2350 1096 2378 ὅτι
1106 2349 1211 2381 πάντως
1226 2348 1332 2385 ἐνεργεῖ.
1345 2343 1426 2373 Θέλει
1438 2342 1489 2382 γὰρ
1503 2345 1585 2380 ἡμᾶς,
1599 2343 1635 2374 ὡς
1645 2340 1722 2373 αὐτὸς
1735 2339 1825 2378 βούλε-

1141 2401 1157 2407 Ν
1243 2396 1263 2407 “l
1318 2395 1325 2405 V
1468 2393 1473 2401 Ἴ
1508 2392 1529 2404 Nl
1571 2395 1588 2401 Ν
1647 2393 1655 2403 ἳ
1677 2391 1684 2401 Ἰ
1720 2393 1728 2402 5
1806 2395 1816 2400 u

1022 2413 1040 2436 B
1056 2413 1100 2429 ται
1108 2423 1115 2436 ,
1128 2401 1183 2437 ζῃν.
1192 2399 1226 2427 Εἰ
1241 2408 1268 2425 οε
1280 2397 1401 2435 βουλεται
1411 2416 1418 2429 ,
1429 2405 1494 2432 προς
1506 2403 1533 2422 οε
1542 2404 1619 2421 τουτο
1628 2403 1703 2424 αυτος
1717 2402 1825 2431 ενεργει,

1057 2451 1184 2480 καὶτοῦτο
1195 2448 1301 2480 πάντως
1311 2444 1454 2485 ἐνεργήσει·
1465 2443 1534 2472 θέλει
1543 2442 1594 2482 γὰρ
1603 2444 1673 2480 ἡμᾶς
1681 2443 1763 2480 ὀρθῶς
1770 2441 1826 2478 ζῇν.

1056 2501 1138 2540 Ὁρᾷς
1162 2501 1217 2531 πῶς
1239 2499 1286 2526 οὐκ
1311 2497 1460 2534 ἀφαιρεῖται
1480 2493 1510 2522 τὸ
1535 2491 1697 2525 αὐτεξούσιον
1704 2501 1712 2527 ;
1730 2491 1826 2519 Ταῦτα

1056 2552 1144 2581 πάντα
1158 2553 1270 2583 ποιεῖτε,
1285 2546 1364 2586 φησὶ,
1376 2544 1457 2584 χωρὶς
1471 2543 1627 2582 γογγυσμῶν
1642 2541 1687 2570 καὶ
1711 2541 1825 2578 διαλογι-

1057 2603 1142 2638 σμῶν.
1155 2600 1188 2628 Ὁ
1204 2598 1321 2628 anisola:
1338 2595 1441 2624 ἐπειδᾶν
1459 2594 1494 2632 μὴ
1516 2594 1612 2630 δυνηθῇ
1630 2593 1701 2629 ἡμᾶς
1720 2591 1825 2626 ἀπαγα-
