1893 2860
83 600 222 621 Efflirzat.

86 737 170 773 ill-aim
185 738 208 760 6.

85 773 122 790 ειν.

86 1606 225 1630 ltom.13.3.

572 166 599 187 S.

242 161 283 200 εἰ,
293 170 308 190 2

236 235 303 262 sci-rc
318 244 368 261 non
384 239 478 271 potest.
493 238 571 268 atque
588 230 707 268 undique
721 230 893 258 affluentibus
907 228 975 258 dix-i-

236 279 280 306 tiis
302 289 329 306 sc
354 288 407 316 prm
432 275 555 304 omnibus
578 285 724 314 pauperem
748 281 826 313 putat
838 284 904 302 :non
930 274 975 302 ille

235 324 281 361 qni
306 328 488 362 paupertatem
510 320 637 349 facillime
662 320 756 354 serens,
771 319 883 348 hilarius
907 319 974 348 vivit

234 378 315 406 quam
337 367 435 395 divites
451 378 457 393 ε
477 365 522 394 hic
546 365 616 394 enim
639 365 717 404 longe
739 365 822 393 ditior
846 372 895 393 est.
922 364 973 393 Dic

236 414 307 442 enim
338 412 404 440 mihi
415 435 423 449 ‚
449 422 497 440 cm·
522 418 705 450 paupertatem
731 411 808 439 times
818 411 831 438 Ρ
848 421 896 439 cur
917 417 972 438 tre-

235 458 304 487 mis?
313 468 399 486 nonne
409 464 518 497 propter
533 456 612 485 famis
626 456 796 495 periculum?
808 466 894 484 nonne
907 466 972 495 pro—

234 512 292 544 pter
303 505 451 544 periculum
463 505 522 533 sitis
533 511 557 532 et
569 504 697 543 frigoris?
709 514 794 532 nonne
806 504 841 532 ob
852 503 917 532 alias
925 504 973 531 hu-

230 550 350 589 jusmodi
362 550 472 578 causas?
487 553 521 578 At
534 560 621 587 nemo,
632 559 719 584 ncm0‚
732 550 851 588 inquam,
866 556 914 584 est,
928 549 973 587 qui

235 596 263 624 in
278 602 379 623 tantam
403 595 522 634 inopiam
543 595 666 623 redactus
681 595 723 623 sit.
741 596 884 633 Respicite
903 595 975 623 enim

234 644 266 670 in
278 644 416 680 antiquas
434 641 644 680 generatt'ones,
661 648 688 669 et
702 641 890 679 videteequis
909 651 973 669 cre-

235 688 310 715 didit
324 688 400 724 Deo,
416 694 444 716 et
458 687 612 715 derelictus
625 689 690 715 est?
704 687 755 715 vel
772 688 836 725 quis
848 688 976 724 speravit

235 735 267 761 in
283 735 355 771 ipso,
375 739 402 761 et
425 733 564 771 confusus
579 738 620 760 est
635 735 648 759 Ρ
661 739 687 760 et
712 742 819 767 rursus,
834 733 976 770 Respicite

237 779 378 807 volatilia
392 779 466 812 caeli,
481 789 546 816 quoe
561 788 620 805 non
633 784 731 806 serunt
749 788 841 816 neque
864 783 975 805 metunt

235 835 328 864 neque
345 831 522 863 congregant
542 826 573 851 in
598 825 713 859 horrea,
726 829 752 851 et
767 824 859 851 Pater
877 829 975 851 vester

235 871 358 899 coelestis
366 872 461 909 pascit
475 870 542 898 illa.
554 870 638 897 Nemo
652 869 728 897 nohis
741 869 895 907 quempiam
908 879 973 907 pro-

235 917 336 952 tulerit,
345 916 390 953 qui
403 916 456 943 cito
470 916 539 942 same
552 922 597 942 aut
611 915 710 952 ffigore
723 914 845 952 perierit:
857 924 904 942 cur
913 924 976 952 ergo

235 967 420 999 paupertatem
434 959 551 988 timeas?
569 959 647 987 Nihil
665 959 746 987 habes
771 959 843 996 quod
867 969 976 997 respon-

234 1005 306 1034 deas.
322 1006 390 1033 Nam
403 1005 426 1033 si
441 1004 586 1032 necessaria
597 1004 648 1032 tibi
662 1010 819 1042 suppetunt,
833 1014 881 1032 cur
895 1004 975 1033 deni—

235 1061 287 1088 que
301 1050 375 1078 illam
392 1050 489 1078 times?
506 1049 581 1087 quod
593 1059 645 1078 non
660 1049 711 1077 tibi
727 1049 801 1078 adest
812 1050 976 1079 famulorum

236 1095 399 1124 multitudo?
412 1096 443 1124 ld
459 1106 521 1124 vero
546 1095 615 1123 nihil
634 1095 710 1124 aliud
735 1102 788 1131 est,
801 1106 882 1133 quam
895 1107 909 1124 a
925 1096 975 1125 do—

241 1142 321 1170 minis
331 1152 386 1170 esse
400 1142 527 1178 liberum,
544 1151 625 1179 quam
639 1147 766 1180 perpetua
778 1142 901 1179 quaedam
916 1142 978 1171 bea-

235 1186 335 1221 titudo,
349 1197 431 1224 quam
454 1197 581 1215 curarum
601 1186 724 1215 vacuitas
745 1193 771 1215 et
793 1186 914 1216 libertas.
937 1190 978 1216 An

235 1231 307 1270 quod
324 1242 398 1268 vasa,
419 1232 511 1266 lectos,
535 1231 748 1271 suppellectilem
770 1242 822 1261 non
846 1233 929 1262 habes
944 1244 979 1262 ex

234 1284 343 1316 argento
359 1277 503 1306 fabrefacta
513 1278 526 1305 3’
543 1277 579 1305 Et
592 1277 659 1315 quid
673 1278 733 1316 plus
748 1278 829 1306 habet
840 1289 923 1316 quam
935 1286 974 1317 tu,

235 1322 309 1360 quod
331 1322 365 1350 ad
390 1322 533 1351 fruendum
556 1323 683 1362 pertinet,
698 1323 722 1351 is
736 1323 781 1351 cui
804 1323 853 1352 ista
876 1334 978 1364 suppe-

236 1368 318 1396 tunt?
329 1368 420 1397 Nihil:
434 1379 497 1396 usus
512 1369 582 1397 enim
593 1368 667 1397 idem
681 1376 728 1405 est,
743 1369 801 1397 sive
817 1380 851 1397 ex
865 1370 914 1398 hac
924 1371 981 1399 sive

238 1424 274 1442 ex
286 1414 332 1442 illa
346 1414 457 1442 materia
473 1421 603 1443 constent.
618 1417 660 1443 An
683 1414 757 1452 quod
780 1415 872 1444 multis
889 1427 941 1445 non
954 1427 980 1445 es

236 1460 355 1489 terrori?
371 1460 460 1495 Absit,
477 1467 507 1488 ut
522 1460 550 1488 id
565 1459 616 1487 tibi
632 1471 761 1497 umquam
786 1461 909 1492 eveniat:
922 1473 980 1500 quae

236 1505 308 1534 enim
324 1506 457 1544 voluptas,
468 1516 523 1534 esse
539 1506 585 1543 qui
599 1512 623 1534 te
636 1513 754 1534 metuant
769 1517 799 1534 ac
813 1506 979 1536 formident?

237 1554 277 1580 An
292 1551 363 1590 quod
378 1552 444 1580 alios
467 1551 617 1580 formidas?
630 1553 664 1579 At
679 1552 741 1580 licet
756 1563 808 1581 non
828 1553 980 1582 formidare.

240 1601 291 1628 Vis
305 1599 376 1627 enim
392 1610 450 1627 non
466 1601 566 1628 timere
578 1606 753 1638 potestatem
765 1603 777 1627 Ρ
793 1602 898 1629 bonum
916 1602 980 1639 sac,

239 1653 265 1676 et
278 1648 398 1675 habebis
409 1647 527 1674 landem
539 1657 575 1674 ει·
587 1647 650 1674 illa.
661 1648 695 1674 At
708 1647 779 1675 enim
790 1647 857 1676 dicis
869 1671 876 1684 ‚
893 1648 983 1676 Facile

239 1692 445 1725 contemnimur,
457 1691 535 1720 facite
547 1691 624 1719 malis
638 1692 773 1720 afficimur
784 1693 797 1721 ,⁰
809 1693 939 1728 Quinimo
954 1694 983 1722 id

239 1737 410 1776 potissimum
428 1737 493 1765 facit
507 1737 677 1776 improbitas,
692 1747 744 1766 non
769 1746 921 1777 paupertas.
935 1739 984 1768 Et-

239 1784 310 1812 enim
324 1794 385 1812 cum
408 1783 487 1811 multi
506 1793 634 1822 pauperes
657 1783 742 1811 vitam
757 1791 837 1822 agant
850 1785 907 1813 sine
922 1796 983 1814 mo—

241 1830 332 1863 lestia:
346 1841 397 1858 non
410 1829 553 1858 defuerunt
567 1829 703 1868 principes
725 1830 892 1859 abundantes
911 1831 985 1860 divi-

241 1876 298 1911 tiis,
315 1886 345 1904 ac
359 1875 496 1914 dynastae,
511 1875 558 1912 qui
587 1876 683 1912 quovis
705 1876 869 1912 facinoroso,
883 1877 986 1907 latrone

241 1928 265 1949 et
278 1921 462 1960 sepulcrorum
486 1921 612 1949 effossore
632 1920 749 1950 deterius
763 1922 869 1951 multati
884 1923 986 1952 disces-

242 1973 340 1994 serunt.
357 1966 440 2002 Quod
454 1966 525 1994 enim
539 1966 567 1994 in
582 1972 606 1993 te
618 1973 771 2005 paupertas,
788 1967 817 1995 id
836 1968 863 1996 in
877 1968 924 1997 illo
938 1968 986 1997 di-

242 2012 316 2040 vitiae
328 2012 438 2040 faciunt.
456 2012 524 2040 Nam
535 2011 583 2049 qui
600 2011 754 2040 malefacere
768 2013 861 2041 volunt
870 2036 877 2049 ‚
890 2020 920 2042 nt
937 2014 986 2042 tibi

243 2067 275 2084 ex
291 2063 440 2093 contemtu,
452 2056 487 2084 ita
500 2055 583 2084 diviti
595 2066 630 2084 ex
638 2055 742 2086 invidia
750 2064 775 2085 et
784 2057 870 2087 livore
882 2059 988 2088 malefa-

245 2104 319 2132 ciunt
330 2115 339 2140 3
355 2111 434 2141 atque
448 2102 533 2142 magis
543 2102 629 2131 invidi
641 2114 722 2141 quam
734 2105 862 2133 malefici:
876 2105 904 2134 hi
917 2107 987 2135 enim

246 2150 378 2178 validiore
392 2150 494 2188 impetu
509 2148 542 2177 ad
555 2149 779 2178 malefaciendum
805 2151 987 2190 impelluntur.

246 2195 354 2223 Etenim
366 2195 413 2233 qui
425 2194 538 2230 invidet,
552 2205 658 2223 omnem
673 2195 756 2223 animi
769 2196 825 2224 vim
840 2204 865 2225 et
881 2198 990 2226 faculta-

248 2247 301 2269 tem
317 2240 343 2268 in
363 2239 467 2278 agendo
492 2238 654 2268 adhibet:at
677 2240 724 2278 qui
745 2242 906 2279 contemnit,
921 2254 991 2282 saepe

248 2286 328 2314 ctiam
338 2285 411 2313 illius
422 2295 502 2323 quem
514 2285 659 2314 contemnit
672 2286 831 2324 miseretur3
846 2295 926 2326 atque
940 2289 991 2318 boc

250 2332 338 2370 ipsum
355 2341 432 2359 causa
448 2331 487 2359 illi
504 2331 597 2359 salutis
609 2331 676 2367 fuit,
691 2343 836 2372 pauperem
846 2356 853 2370 ,
869 2335 989 2373 inquam,

251 2387 319 2411 csse,
334 2376 402 2404 nihil
416 2376 513 2405 habere
525 2376 635 2405 virium.
649 2377 690 2406 lta
702 2378 773 2407 enim
787 2379 917 2409 adversus
931 2393 992 2411 eum

253 2421 298 2460 qui
311 2421 420 2460 pauperi
431 2421 655 2457 imminet‚dicere
664 2423 735 2452 soliti
746 2434 851 2453 sumus:
862 2427 992 2464 Magnum

290 2530 298 2539 ε
318 2522 500 2554 lL4⁷g‚›1)2‘e'';r
512 2534 521 2544 -,
533 2524 555 2545 :2
571 2524 617 2553 523.
634 2522 762 2548 Dunaeus.l

997 2039 1032 2058 212

630 164 768 186 fluxam
795 163 975 186 Ctiffi'SOST.
1006 162 1162 185 ARCfflEP.
1191 162 1457 186 CONSTANTINOP-

1030 239 1080 266 ρων
1093 239 1099 245 ·
1117 223 1190 261 οὗτος
1210 229 1261 269 γάρ
1282 231 1338 258 ἐστι
1360 230 1459 267 μᾶλλον
1480 231 1494 257 ὁ
1513 228 1711 266 πλουσιώτερος.
1728 229 1793 257 Ιίἷπὲ

1027 273 1079 311 γάρ
1095 285 1153 310 μοι,
1164 274 1211 309 τὴν
1226 275 1318 303 πενίαν
1333 275 1376 304 διὰ
1389 275 1416 303 τί
1427 275 1560 310 δέδοικας;
1574 274 1616 303 διὰ
1630 274 1656 302 τί
1674 274 1793 313 τρέμεις;

1029 319 1087 357 οὐχὶ
1108 319 1151 347 διὰ
1166 319 1260 357 λιμόν;
1282 321 1342 359 οὐχὶ
1371 320 1415 349 διὰ
1433 322 1522 359 δῖψος;
1550 321 1608 359 οὐχὶ
1631 320 1673 348 διὰ
1697 321 1793 358 ψ’ὖχοςξ

1028 365 1045 397 ἢ
1072 365 1100 392 οὐ
1120 364 1164 392 διὰ
1190 368 1290 400 ταῦτα,
1312 365 1380 394 Ἀλλ’
1406 368 1452 394 οὐκ
1476 366 1545 394 ἔστιν
1555 388 1562 400 ,
1584 369 1631 395 οὐκ
1655 366 1725 394 ἔστιν
1748 365 1793 393 οὐ-

1029 409 1080 442 δεὶς
1098 412 1112 438 6
1129 410 1226 439 τούτων
1253 411 1388 450 ἀπορήσας
1409 412 1481 441 ποτέ.
1495 412 1664 451 Ἐμὸλέψατε
1684 411 1736 450 γὰρ
1757 411 1792 442 εἷς

1030 455 1144 494 ἀρχαίας
1155 456 1259 494 γενεὰς,
1273 456 1318 484 καὶ
1332 456 1400 484 ἴδετε
1412 469 1417 474 ·
1432 457 1470 490 τίς
1485 458 1622 486 ἐπίστευσε
1635 460 1672 497 τῷ
1685 457 1791 496 Κυρίῳ,

1029 501 1074 528 καὶ
1089 501 1293 540 ἐγκατελείφθη
1310 502 1327 536 ἢ
1342 502 1381 534 τίς
1395 503 1506 537 ἤλπισεν
1520 503 1562 531 ἐπ’
1577 503 1666 539 αὐτὸν,
1685 504 1729 531 καὶ
1743 513 1794 531 κα-

1029 546 1160 585 τῃτχύνθη
1173 558 1180 581 ;
1196 547 1240 575 καὶ
1255 547 1345 583 πάλιν,
1357 547 1526 587 Ἐμέλέψατε
1537 550 1571 580 εἷς
1583 549 1616 576 τὰ
1630 548 1735 577 πετεινὰ
1749 550 1794 576 τοῦ

1028 592 1146 631 οὐρανοῦ,
1158 592 1198 620 ὅτι
1209 593 1237 620 οὐ
1250 593 1399 631 σπείρουσιν
1411 594 1468 622 οὐδὲ
1484 593 1624 632 Οερίζουσιν
1640 593 1698 622 οὐδὲ
1715 593 1793 621 συνά-

1029 648 1116 674 γουσιν
1131 638 1167 670 εἷς
1181 637 1326 673 ἀποθήκας,
1343 638 1388 666 καὶ
1402 640 1415 666 6
1430 638 1526 677 Πατὴρ
1550 641 1623 677 ὑμῶν
1644 641 1658 667 6
1678 638 1796 677 οὐράνιος

1029 682 1117 721 τρέφει
1140 683 1216 711 αὐτά.
1239 683 1341 713 Οὐῗένα
1362 684 1392 712 ἂν
1417 684 1471 723 ἔχοι
1493 696 1533 717 τις
1552 687 1616 722 ἡμῖν
1639 684 1721 717 δεῖξαί
1737 695 1795 712 τινα

1029 726 1130 765 ταχέως
1145 728 1187 756 διὰ
1201 729 1278 766 λιμὸν
1302 730 1346 757 καὶ
1371 731 1452 768 ψῦχος
1473 731 1639 758 ἀπολωλότα.
1655 730 1733 761 Τίνος
1751 725 1795 757 οὖν

1031 772 1117 800 ἕνεκεν
1132 773 1236 811 τρέμεις
1248 774 1295 809 τὴν
1314 774 1422 810 πενίαν;
1438 777 1495 803 Οὐκ
1507 775 1575 814 ἔχεις
1590 777 1680 804 εἰπεῖν.
1695 776 1729 804 Εἰ
1743 774 1794 813 γὰρ

1031 820 1147 857 εὐπορεῖς
1160 821 1212 847 τῶν
1228 820 1392 857 ἀναγκαίων,
1405 820 1431 848 τί
1453 820 1550 855 δήποτε
1571 821 1674 859 τρέμεις
1698 820 1795 854 αὗτὴν;

1031 863 1071 891 ὅτι
1093 865 1191 898 πλῆθος
1214 866 1261 892 οὐκ
1286 865 1342 893 ἔστι
1359 877 1399 894 σοι
1419 866 1525 894 οἰκετῶν
1532 877 1541 903 3
1557 867 1642 894 Τοῦτο
1661 867 1793 894 δεσποτῶν

1030 909 1101 936 ἐστιν
1134 910 1335 947 ἀπαλλαγῆναι,
1359 913 1435 939 τοῦτο
1466 911 1628 951 μακαριότης
1657 911 1776 946 διηνεκὴς
1788 932 1795 945 ,

1030 956 1106 982 τοῦτο
1121 955 1254 993 φροντίδος
1269 955 1412 995 ἐλευθερία.
1426 956 1495 985 Ἀλλ’
1509 956 1549 985 ὅτι
1572 957 1617 985 καὶ
1631 957 1729 992 σκεύη,
1751 957 1796 985 καὶ

1031 1001 1130 1035 κλῖναι,
1141 999 1185 1028 καὶ
1196 1000 1294 1028 ἔπιπλα
1312 1001 1359 1029 οὐκ
1375 1000 1444 1030 ἔστιν
1457 1002 1482 1035 ἐξ
1498 1002 1620 1042 ἀργυρίου
1633 1014 1796 1032 κατεσκευα-

1033 1045 1116 1083 σμένα
1127 1056 1184 1081 σοι,
1197 1045 1233 1074 Τί
1247 1046 1297 1085 γάρ
1309 1059 1354 1075 σου
1371 1046 1450 1076 πλέον
1465 1047 1520 1086 ἔχει
1535 1047 1604 1076 κατὰ
1615 1048 1663 1083 τὴν
1679 1049 1797 1077 ἀπόλαυ-

1033 1102 1073 1118 σιν
1088 1093 1101 1119 ὁ
1116 1094 1199 1119 ταῦτα
1213 1092 1386 1129 κεκτημένος;
1397 1093 1482 1122 Οὐδέν
1494 1105 1499 1110 -
1509 1093 1543 1122 τὰ
1557 1094 1608 1134 γὰρ
1621 1097 1669 1130 ἰ-’ῆς
1679 1094 1798 1133 χρήσεως

1033 1135 1087 1171 ἴσοι,
1101 1136 1131 1164 ἄν
1145 1148 1174 1164 τε
1186 1137 1238 1165 ἀπὸ
1249 1137 1357 1174 ταύτης,
1369 1138 1400 1167 ἄν
1414 1150 1443 1167 τε
1460 1140 1506 1168 ἀπ’
1517 1139 1618 1174 ἐκείνης
1630 1142 1678 1174 ’τῆς
1689 1140 1754 1175 ὕλης
1769 1136 1795 1178 ᾗ.

1033 1183 1103 1210 Ἀλλ’
1119 1183 1160 1211 ὅτι
1174 1182 1282 1222 φοὸερὸς
1301 1185 1347 1212 οὐκ
1362 1179 1387 1213 εἷ
1406 1188 1459 1217 τοῖς
1477 1187 1603 1221 πολλοῖς,
1619 1185 1695 1221 Μηδὲ
1714 1185 1799 1224 γε’νοιό

1034 1238 1098 1255 ποτε
1109 1239 1114 1244 ·
1130 1228 1194 1256 ποία
1209 1228 1260 1267 γὰρ
1274 1229 1354 1264 ἡδονὴ
1368 1230 1474 1268 τρέμειν
1488 1230 1533 1259 καὶ
1554 1231 1696 1260 δεδοικέναι
1714 1231 1744 1261 σέ
1757 1243 1798 1260 τι-

1034 1284 1095 1307 νας,
1109 1274 1165 1301 ἀλλ’
1176 1274 1217 1302 ὅτι
1229 1274 1330 1314 ἑτέρους
1342 1276 1509 1315 φοῧῇ;“.“ἆλλ’
1521 1279 1567 1305 οὐκ
1576 1277 1632 1306 ἔστι
1643 1277 1800 1316 φοὸηῡῆναι.

1035 1318 1128 1351 Θέλεις
1147 1318 1198 1358 γὰρ
1223 1320 1260 1357 μὴ
1277 1321 1414 1359 φοὸεῖσῡαι
1436 1322 1484 1357 τὴν
1498 1322 1633 1359 ἐξουσίαν;
1653 1323 1684 1352 τὸ
1702 1323 1800 1362 ἀγαθὸν

1035 1364 1118 1400 ποίει,
1141 1365 1186 1392 καὶ
1200 1365 1264 1398 ἕξεις
1279 1366 1385 1395 ἔπαινον
1398 1367 1424 1401 ἐξ
1444 1369 1533 1403 αὐτῆς.
1548 1368 1617 1397 Ἀλλ’
1633 1368 1673 1397 ὅτι
1688 1371 1800 1398 εὐκατα-

1036 1410 1159 1450 φρόνητοί
1170 1412 1259 1449 ἐσμεν,
1275 1413 1349 1451 φησὶ,
1359 1414 1404 1442 καὶ
1417 1414 1482 1453 πρὸς
1496 1415 1525 1443 τὸ
1535 1418 1627 1444 παθεῖν
1638 1416 1738 1453 ἕτοιμοι
1753 1427 1800 1444 κα-

1036 1460 1103 1493 κῶς;
1119 1458 1245 1488 Μάλιστα
1259 1459 1306 1496 μὲν
1328 1461 1377 1499 οὐχ
1388 1463 1404 1495 ἡ
1423 1461 1501 1490 πενία
1518 1464 1596 1490 τοῦτο
1611 1467 1696 1498 ποιεῖ,
1712 1463 1770 1491 ἀλλ’
1783 1465 1800 1496 ἡ

1036 1503 1126 1531 κακία.
1138 1502 1215 1532 Ἐπεὶ
1227 1505 1330 1533 πολλῶν
1342 1506 1461 1541 πενήτων
1472 1507 1648 1546 ἀπραγμόνως
1660 1507 1704 1536 τὸν
1714 1507 1802 1536 πάντα

1038 1549 1092 1587 βίον
1106 1549 1247 1587 διαγόντων
1257 1573 1264 1586 ,
1279 1551 1416 1590 ἄρχοντες,
1431 1554 1603 1586 πλουτοῦντες
1617 1553 1662 1582 καὶ
1679 1553 1803 1582 δυνάσται

1037 1594 1142 1622 πάντων
1167 1595 1318 1635 κακούργων
1344 1597 1389 1625 καὶ
1419 1599 1522 1636 λῃστῶν
1550 1599 1595 1627 καὶ
1622 1600 1803 1639 τυμὸωρύχων

1039 1639 1194 1678 ἀθλιώτερον
1211 1641 1376 1675 ἀπήλλαξαν·
1390 1641 1480 1682 “Ὀπερ
1493 1643 1544 1682 γὰρ
1558 1644 1601 1673 ἐπὶ
1614 1647 1660 1674 σοῦ
1675 1648 1692 1680 ἡ
1713 1645 1804 1681 πενία,

1039 1688 1115 1714 τοῦτο
1127 1686 1168 1713 ἐπ’
1185 1686 1283 1715 ἐκείνου
1299 1690 1312 1715 ὁ
1331 1689 1443 1721 πλοῦτος
1456 1688 1519 1728 ἔχει.
1534 1689 1641 1730 σΩσπερ
1653 1690 1704 1730 γάρ
1718 1703 1747 1720 σε
1762 1690 1805 1719 διὰ

1040 1732 1070 1760 τὸ
1087 1735 1306 1770 καταφρονεῖσθαι
1321 1735 1430 1762 ἐνταῦθα
1449 1737 1552 1763 ποιοῧσι
1569 1737 1659 1769 κακῶς
1674 1738 1697 1764 οἱ
1709 1739 1806 1765 κακοῦν

1042 1776 1210 1813 βουλόμενοι·
1223 1777 1304 1810 οὕτως
1319 1779 1414 1807 ἐκεῖνον
1429 1779 1471 1807 διὰ
1481 1780 1510 1808 τὸ
1524 1783 1624 1819 φθονεῖν
1637 1781 1681 1809 καὶ
1696 1781 1807 1820 βασκαί-

1041 1834 1094 1850 νειν
1108 1834 1112 1838 ·
1129 1822 1173 1850 καὶ
1189 1825 1288 1860 μᾶλλον
1312 1819 1396 1860 οὗτοι,
1415 1824 1432 1859 ἢ
1458 1826 1570 1854 ἐκεῖνοι·
1589 1827 1688 1864 μᾶλλον
1705 1826 1770 1861 αὕτη
1789 1830 1805 1862 ἡ

1043 1867 1144 1905 ἀνάγκη
1169 1868 1323 1906 ἰσχυροτέρα
1347 1873 1391 1898 τοῦ
1411 1873 1499 1903 κακῶς
1524 1875 1616 1900 ποιεῖν.
1630 1871 1664 1900 ‘O
1687 1871 1734 1910 μὲν
1755 1872 1807 1912 γὰρ

1043 1914 1156 1952 φθονῶν,
1175 1913 1245 1952 {trs-tit
1265 1914 1337 1953 πάσῃ
1360 1915 1405 1943 καὶ
1425 1916 1533 1953 δυνάμει
1552 1916 1639 1945 πάντα
1655 1917 1780 1956 πράττει,
1794 1921 1808 1946 ὁ

1044 1958 1071 1987 δὲ
1083 1961 1253 1998 καταφρονῶν
1267 1960 1393 1993 πολλάκις
1410 1961 1455 1989 καὶ
1466 1961 1563 1996 ἠλέησε
1575 1962 1618 1991 τὸν
1633 1964 1809 2003 καταφρονού-

1045 2016 1120 2041 μενον
1130 2016 1135 2022 ·
1150 2005 1194 2033 καὶ
1208 2008 1285 2034 τοῦτο
1298 2005 1361 2034 αὐτὸ
1374 2006 1477 2045 γέγονεν
1499 2008 1569 2046 αὐτῷ
1590 2007 1673 2037 αἴτιον
1689 2009 1809 2038 ἀπαλλα-

1043 2052 1102 2088 γῆς,
1116 2051 1145 2079 τὸ
1161 2051 1262 2086 πένητα
1281 2047 1362 2089 εἶναι,
1376 2053 1406 2081 τὸ
1428 2052 1464 2090 μὴ
1488 2053 1613 2082 δύνασθαι
1629 2054 1699 2093 ἔχειν
1714 2054 1790 2093 ἰσχύν
1803 2067 1808 2072 ·

1045 2097 1149 2134 μεγάλα
1161 2108 1190 2125 τε
1203 2096 1386 2136 κατορθώσεις,
1401 2099 1519 2137 λέγοντες
1533 2100 1598 2138 πρὸς
1609 2100 1696 2135 αὐτὸν,
1710 2100 1754 2129 ἐὰν
1765 2100 1809 2129 τὸν

1045 2143 1118 2170 δεῖνα
1128 2142 1232 2181 ἀνέλῃς,
1245 2143 1288 2171 ἐὰν
1304 2144 1460 2182 ἀποκτείνῃς
1473 2144 1517 2173 ἕνα
1531 2145 1632 2179 πένητα
1643 2157 1648 2162 ·
1663 2145 1752 2174 πόσων
1763 2147 1811 2175 οὐκ

1045 2188 1183 2227 ἀπολαύσῃΙ
1200 2191 1298 2226 μισθῶν
1308 2202 1316 2226 ;
1331 2190 1376 2218 καὶ
1390 2190 1470 2223 οὕτως
1491 2191 1576 2219 αὐτῶν
1590 2191 1633 2220 τὸν
1654 2192 1735 2229 θυμὸν
1756 2204 1811 2231 χα-

1046 2234 1144 2271 λῶμεν.
1156 2233 1220 2262 Ἐπὶ
1233 2234 1260 2262 δὲ
1273 2236 1325 2262 τῶν
1336 2235 1517 2263 πλουτούντων
1531 2238 1545 2264 6
1558 2236 1647 2274 φθόνος
1660 2237 1812 2276 ἐφέστηκεν,

1047 2280 1076 2307 οὗ
1088 2279 1214 2318 πρότερον
1229 2279 1329 2318 λήγων,
1339 2280 1387 2312 ἕως
1400 2279 1430 2308 ἂν
1442 2279 1506 2319 ὅπερ
1522 2280 1643 2319 βούλεται
1656 2282 1811 2321 ἐργάσηται,

1047 2326 1093 2354 καὶ
1107 2325 1149 2353 τὸν
1164 2325 1202 2354 ἰὸν
1217 2326 1296 2364 ἐκχέῃ
1311 2326 1354 2354 τὸν
1369 2327 1458 2354 αὑτοῦ.
1472 2325 1541 2366 Ὁρᾷ
1564 2327 1604 2356 ὅτι
1617 2328 1666 2366 οὐχ
1683 2330 1700 2362 ἡ
1714 2328 1809 2362 πενία,

1048 2370 1105 2400 οὐδὲ
1122 2373 1136 2399 ὁ
1151 2372 1262 2404 πλοῦτος
1282 2371 1388 2409 ἀγαθὸν,
1406 2372 1464 2400 ἀλλ’
1480 2373 1496 2406 ἡ
1511 2372 1628 2411 ἡμετέρα
1644 2373 1811 2412 προαίρεσις;

1048 2422 1152 2449 Οὐκοῦν
1168 2421 1265 2455 ταύτην
1281 2421 1461 2459 ῥυθμίζωμεν,
1477 2421 1575 2457 ταύτην
1589 2422 1756 2462 παιδεύωμεν
1767 2436 1810 2463 φι-
