1893 2860
103 920 109 951 i
131 914 206 936 Thess.
217 913 241 936 3.

111 2281 196 2303 Unum
208 2284 239 2309 Ἶιί

109 2320 139 2333 me
150 2319 208 2334 ⁴suut.

254 150 324 184 (308

254 231 342 261 supra
358 232 441 250 omne
461 221 540 259 qnod
553 222 660 248 dicitur
673 221 743 249 deus
757 227 808 248 aut
823 220 902 259 quod
915 220 990 248 coli-

255 276 310 296 tur.
324 269 381 296 Non
395 267 465 295 enim
480 266 541 294 illos
558 265 665 294 inducet
678 266 712 294 ad
729 265 831 294 cultum
844 265 989 303 idolorum,

255 313 301 342 sed
313 313 362 340 erit
373 311 484 350 quidam
496 312 545 340 Dei
561 312 733 340 adversarius
744 323 750 339 :
762 311 890 340 dissolvet
901 318 928 339 et
941 310 991 339 de—
1009 315 1027 337 D

254 365 337 387 struet
352 368 442 387 omnes
463 358 537 393 deos,
555 365 581 386 et
596 358 704 397 jubebit
724 357 840 397 seipsum
863 368 912 396 pro
934 358 992 385 Deo

255 404 374 440 adorare,
388 410 414 432 et
427 403 530 432 sedebit
552 404 580 432 in
603 403 702 443 templo
723 403 783 440 Dei,
794 413 846 431 non
861 402 934 441 quod
953 409 992 432 est

254 449 440 488 Jerosolymis,
453 449 501 478 sed
515 449 541 478 in
555 450 656 488 templo
668 449 804 478 Ecclesiae.
820 449 989 484 Ostendens,

254 497 350 535 inquit,
365 499 489 535 seipsum
500 498 604 526 Deum.
618 498 677 526 Non
686 496 767 533 dixit,
778 496 926 533 Dicentem,
934 495 989 532 sed,

253 544 277 572 T
280 550 412 572 entantem
425 543 563 572 ostendere
577 555 582 571 :
595 544 673 572 saciet
686 543 758 572 enim
778 553 873 581 magna
889 553 968 582 opera
981 565 988 577 ,

252 596 278 617 et
295 589 371 628 signa
389 589 510 618 ostendet
531 589 712 618 admirabilia.
727 590 756 618 5.
771 590 838 617 Non
859 591 989 618 retinetis

251 635 406 672 quodcum
420 635 518 663 adhuc
532 645 623 664 essem
642 635 722 673 apud
741 645 812 670 vos,
831 635 892 663 hoec
911 635 990 662 dice-

249 682 318 708 bam
333 682 418 709 vobis
426 682 440 708 P

286 724 316 755 5.
333 724 417 753 Vides
441 724 513 762 quod
532 735 636 753 necesse
649 725 683 753 sit
697 724 804 754 assidue
818 724 874 752 haec
887 724 986 759 dicere,

250 775 275 796 et
289 768 384 798 iisdem
398 769 487 798 verbis
498 769 660 798 infundere?
670 769 738 798 Ecce
750 770 821 798 enim
835 776 860 798 et
873 779 988 808 praesen-

251 820 304 842 tem
317 813 459 842 audierunt
472 814 531 843 haec
545 814 690 850 dicentem,
710 821 733 842 et
748 825 841 843 rursus
853 825 921 853 opus
936 814 989 841 ha-

252 859 367 887 buerunt
379 860 570 888 admonitione.
583 860 660 888 Sicut
676 860 747 887 enim
762 870 824 888 cum
844 859 989 888 audiissent

252 907 285 935 de
303 907 509 943 afflictionibus,
524 908 643 934 Etenim
661 907 780 945 quando
801 917 927 942 eramus,
948 906 989 934 in-

252 953 320 990 quit,
336 953 416 991 apud
430 962 502 987 vos,
513 952 740 990 praedicebamus
754 953 839 980 vobis
855 962 907 980 nos
919 962 989 990 pas-

251 1008 333 1026 suros
344 998 564 1030 tribulatione55
575 996 652 1025 obliti
671 1003 758 1025 tamen
768 1004 852 1034 erant,
862 1004 887 1025 et
895 1008 988 1026 rursus

251 1054 297 1082 per
310 1043 400 1071 literas
418 1053 462 1071 eos
476 1042 617 1071 confirmat
627 1054 632 1069 :
643 1042 680 1070 ita
694 1042 775 1070 etiam
791 1052 853 1070 eum
865 1042 988 1072 audivis-

250 1097 307 1118 sent
318 1089 353 1118 de
364 1088 483 1118 adventu
497 1089 610 1123 Christi,
623 1099 716 1117 rursus
727 1099 794 1128 opus
808 1088 941 1118 habebant
954 1089 988 1117 li-

248 1135 323 1171 teris,
336 1146 395 1174 quae
416 1146 459 1164 eos
483 1141 671 1174 componerent
682 1141 707 1163 et
720 1134 929 1163 moderarentur.
940 1135 988 1164 Eis

249 1191 313 1220 ergo
328 1187 435 1209 revocat
449 1180 477 1209 in
492 1180 658 1217 memoriam,
668 1179 808 1209 ostendens
819 1191 847 1208 se
861 1180 929 1209 nihil
940 1191 989 1210 no—

250 1239 316 1256 vum
330 1235 356 1258 et
370 1228 489 1257 alienum
503 1228 603 1265 dicere,
616 1227 664 1256 sed
676 1238 706 1256 ea
719 1238 778 1266 quae
793 1239 898 1268 semper
911 1228 988 1258 dice-

250 1274 306 1302 bat.
321 1274 398 1303 Sicut
413 1274 485 1303 enim
508 1273 582 1314 apud
603 1274 734 1312 agricolas
756 1275 857 1303 semina
880 1275 990 1313 quidem

251 1320 331 1348 semel
342 1320 516 1359 dejiciuntur,
524 1330 577 1348 non
586 1326 694 1348 manent
703 1327 790 1348 autem
801 1321 990 1359 perpetuo,sed

251 1375 347 1404 magna
361 1375 429 1404 opus
438 1365 538 1394 habent
551 1375 610 1404 quae
621 1365 659 1393 eis
672 1365 834 1394 adhibeatur
849 1366 955 1394 cultura
966 1373 993 1395 et

251 1411 388 1439 curatione
392 1418 432 1448 3et
441 1411 492 1439 nisi
502 1418 570 1439 terra
579 1411 708 1450 proscissa
716 1411 884 1440 contexerint
894 1421 922 1439 ea
932 1422 990 1450 quae

596 160 625 182 S.
653 159 791 182 JOANMS
817 159 996 182 CHRYSOST.
1026 160 1179 185 Aeolum).
1207 163 1473 187 CONSTANTINOP-

1046 221 1113 250 ἀλλὰ
1140 222 1184 250 καὶ
1208 225 1244 255 εἷς
1269 225 1315 256 τὰς
1333 226 1467 262 πανταχοῦ
1495 222 1665 257 Ἐκκλησίας.
1687 221 1804 251 Ἀποδει-

1046 266 1156 303 κνύντα,
1177 269 1270 307 φησὶν,
1294 270 1384 297 ἑαυτὸν
1407 269 1484 298 Θεόν.
1507 270 1564 298 Οὔκ
1588 263 1660 303 εἷπε,
1680 267 1805 306 λέγοντα,

1047 312 1131 348 ἀλλὰ,
1147 312 1307 351 πειρώμενον
1325 313 1508 343 ἀποδεικνύναι
1522 325 1528 331 ·
1544 314 1588 343 καὶ
1603 313 1654 353 γὰρ
1675 313 1738 352 ἔργα
1755 325 1805 350 με·-

1046 358 1115 395 γάλα
1131 358 1286 396 ἐργάσεται,
1301 358 1346 386 καὶ
1363 364 1460 395 σημεῖα
1479 359 1634 392 ἐπιδείξεται
1658 358 1805 395 Θαυμαστοὶ.

1047 405 1086 432 Οὐ
1100 403 1274 441 μνημονεύετε
1293 403 1334 432 ὅτι
1352 402 1391 431 ἔτι
1410 403 1445 432 ὢν
1465 404 1529 443 πρὸς
1542 406 1610 443 ὑμᾶς
1622 408 1703 434 ταῦτα
1717 403 1805 442 ἔλεγον

1046 452 1105 486 ὑμῖν
1117 462 1123 483 ;

1084 722 1166 761 Ὁρᾷς
1185 723 1224 751 ὅτι
1251 725 1392 761 ἀναγκαῖον
1413 724 1526 762 συνεχῶς
1550 723 1632 752 ταύτὰ
1645 723 1739 763 λέγειν,
1761 725 1808 754 καὶ

1044 769 1180 797 ἐπαντλεῑν
1191 773 1245 801 τοῖς
1256 769 1341 802 αὐτοῖς
1355 770 1482 808 {igionem
1493 769 1560 799 Ἰδοὺ
1568 769 1618 809 γὰρ
1627 771 1672 800 καὶ
1682 770 1809 810 παρόντος

1043 815 1158 848 ἥκουσαν
1171 817 1255 843 ταῦτα
1275 815 1404 853 λέγοντος,
1426 815 1470 843 καὶ
1484 815 1563 844 πάλιν
1578 816 1720 851 ἐδεήθησαν
1741 818 1808 845 ὓπο-

1045 860 1172 897 μνήσεως.
1184 860 1311 899 Καθάπερ
1325 860 1375 899 γὰρ
1383 860 1504 899 περὶτῶν
1520 861 1630 899 Θλίψεων
1641 862 1808 897 ἀκούσαντες,

1045 906 1097 934 Καὶ
1122 905 1173 944 γὰρ
1194 907 1237 934 ὅτε
1257 901 1340 943 ἦμεν,
1357 905 1436 944 φησὶ,
1451 906 1514 945 πρὸς
1536 909 1619 944 ὑμᾶς,
1633 907 1808 946 προελέγομεν

1045 953 1122 989 ὑμῖν,
1140 951 1180 980 ὅτι
1196 951 1326 989 μέλλομεν
1347 951 1480 979 Ολίὸεσθαι
1493 963 1498 968 ·
1522 951 1593 988 ὅμως
1613 952 1810 988 ἐπελήσθησαν,

1044 998 1088 1025 καὶ
1105 998 1184 1026 πάλιν
1200 996 1291 1029 αὐτοὺς
1305 996 1420 1034 στηρίξει
1433 996 1476 1025 διὰ
1491 999 1543 1025 τῶν
1556 997 1729 1035 γραμμάτων·
1744 997 1810 1026 οὕτω

1044 1043 1156 1081 καὶπερὶ
1167 1045 1214 1078 τῆς
1221 1042 1364 1079 παρουσίας
1373 1046 1417 1071 τοῦ
1428 1043 1543 1081 Χριστοῦ
1553 1043 1719 1079 ἀκούσαντες,
1730 1043 1810 1072 πάλιν

1044 1088 1146 1117 ἐδέοντο
1159 1088 1325 1128 γραμμάτων
1348 1090 1398 1116 τῶν
1415 1088 1588 1126 ῥυθμιζόντων
1607 1088 1708 1122 αὐτούς.
1734 1087 1809 1118 Ἀνα-

1045 1134 1188 1172 μιμνήσκει
1205 1138 1265 1173 γοῦν
1283 1133 1384 1168 αὐτοὺς,
1399 1134 1443 1162 καὶ
1458 1134 1584 1163 δείκνυσιν
1597 1134 1637 1163 ὅτι
1651 1134 1723 1164 οὐδὲν
1739 1133 1808 1168 ξένον

1044 1180 1125 1218 λέγει,
1148 1181 1206 1209 ἀλλ’
1230 1180 1298 1219 ἅπερ
1318 1180 1359 1208 ἀεὶ
1378 1180 1460 1218 ἔλεγε.
1483 1179 1612 1218 Καθάπερ
1635 1179 1685 1220 γὰρ
1699 1179 1742 1209 ἐπὶ
1757 1182 1810 1209 τῶν

1044 1228 1167 1265 γεωργῶν
1184 1226 1218 1254 τὰ
1234 1225 1373 1264 σπέρματα
1391 1225 1586 1254 καταὸάλλεται
1609 1225 1655 1264 μὲν
1680 1225 1761 1261 ἅπαξ,
1782 1228 1811 1254 οὐ

1046 1271 1117 1308 μένει
1129 1272 1156 1300 δὲ
1172 1272 1321 1307 διαπαντὸς,
1331 1271 1398 1300 om&
1413 1272 1511 1306 πολλῆς
1520 1272 1602 1300 δεῖται
1617 1273 1664 1306 τῆς
1675 1283 1810 1310 συγκατα-

1046 1320 1149 1354 σκευῆς,
1159 1318 1207 1346 κᾶν
1216 1317 1251 1355 μὴ
1262 1316 1308 1352 τὴν
1317 1319 1364 1355 γῆν
1375 1315 1616 1356 ἀναμοχλεύσαντες
1628 1317 1812 1357 περιστείλωσι

1044 1362 1078 1391 τὰ
1089 1362 1309 1400 καταὸαλλόμενα
1317 1385 1325 1398 ,
1340 1366 1394 1394 τοῖς
1405 1363 1596 1400 σπερμολόγοις
1609 1363 1708 1401 ὀρνέοις
1722 1363 1812 1392 ἔσπει-

1047 1420 1092 1446 ραν
1105 1420 1111 1426 ·
1127 1408 1194 1437 οὕτω
1214 1409 1259 1436 καὶ
1279 1411 1372 1444 ἡμεῖς,
1396 1407 1426 1435 ἂν
1441 1407 1478 1444 μὴ
1493 1410 1525 1446 τῇ
1549 1413 1652 1447 συνεχεῖ
1667 1409 1760 1448 μνήμῃ
1777 1409 1811 1437 τὰ

251 1455 424 1495 dejiciuntur,
435 1456 600 1484 seminarunt
610 1455 813 1484 avibussemina
822 1456 988 1494 legentibus:
1010 1459 1027 1482 F
1045 1453 1244 1489 καταὸληθέντα
1258 1454 1481 1492 περιστειλωμεν,
1503 1455 1538 1486 εἷς
1562 1454 1605 1482 τὸν
1631 1455 1696 1493 ἀέρα
1724 1455 1811 1483 πάντα

251 1502 289 1530 ita
301 1512 348 1530 nos
357 1512 463 1540 quoque
475 1502 526 1530 nisi
538 1502 665 1530 continua
677 1502 859 1531 recozdatione
869 1510 991 1541 protexe-

253 1547 338 1575 rimus
353 1557 382 1575 ea
396 1557 457 1585 quae
472 1553 534 1575 sunt
554 1546 668 1586 dejecta,
683 1546 711 1575 in
724 1558 811 1576 aerem
827 1548 915 1586 omnia
928 1559 991 1587 pro-

249 1592 367 1631 jicimus.
378 1592 512 1620 Diabolus
523 1592 594 1620 enim
605 1592 687 1631 rapit,
702 1599 727 1620 et
742 1599 829 1621 nostra
842 1593 930 1632 perdit
941 1604 989 1622 ne-

1044 1499 1197 1539 ἔρρίψαμεν.
1209 1499 1261 1528 Καὶ
1274 1499 1325 1537 γὰρ
1339 1500 1384 1527 καὶ
1399 1502 1413 1528 ὁ
1430 1499 1550 1532 διάὸολος
1561 1500 1717 1539 ἐξαρπάζει,
1737 1501 1782 1529 καὶ
1792 1503 1809 1536 ἡ

1044 1545 1161 1584 ἡμετέρα
1190 1545 1305 1584 ῥᾳθυμία
1332 1545 1477 1581 ἀπόλλυσι,
1503 1546 1548 1574 καὶ
1580 1545 1654 1581 ἥλιος
1680 1546 1811 1586 ξηραίνει,

1001 1621 1036 1638 5⁴³6
1046 1591 1091 1620 καὶ
1116 1592 1188 1623 ὑετὸς
1215 1590 1368 1626 ἐπικλύζει,
1396 1591 1441 1619 καὶ
1470 1591 1582 1620 ἄκανθαι
1611 1591 1810 1631 ἀποπνίγουσιν.

253 1638 393 1677 gligentia,
407 1645 432 1666 et
441 1638 479 1666 sol
493 1637 619 1675 exsiccat,
627 1645 652 1666 et
663 1638 749 1666 imber
761 1638 862 1673 obruit,
873 1646 898 1668 et
910 1639 991 1678 spinae
1011 1635 1030 1669 Ᾱ
1045 1635 1128 1665 Ὥστε
1150 1639 1197 1665 οὒκ
1217 1637 1291 1674 ἀρκεῖ
1317 1636 1395 1674 μόνον
1424 1636 1494 1670 ἅπαξ
1508 1637 1694 1666 κατᾱῧαλόντᾰ
1721 1639 1812 1672 οἷ’Νηλ-

254 1686 393 1714 sufl'ocant.
407 1685 590 1720 Quamobrem
601 1695 653 1713 non
667 1685 768 1714 sufficit
779 1696 841 1714 cum
856 1687 936 1715 semel
946 1686 993 1715 de-

250 1731 346 1770 jeceris
362 1730 509 1766 discedere,
526 1730 574 1759 sed
595 1737 624 1758 ut
638 1731 755 1759 fructum
779 1731 876 1760 reseras
897 1742 993 1771 magna

253 1788 321 1816 opus
333 1784 371 1806 est
382 1777 548 1813 assiduitate,
557 1787 620 1805 aves
634 1776 776 1815 abigendo,
782 1777 872 1816 spinas
883 1779 994 1807 exscin-

254 1823 352 1858 dendo,
364 1823 494 1862 petricosa
506 1823 590 1851 multa
606 1829 673 1851 terra
686 1822 821 1862 replendo,
832 1834 910 1852 omne
921 1824 993 1863 quod

254 1869 383 1898 damnum
397 1869 475 1897 affert
496 1869 611 1897 arcendo
625 1876 651 1897 et
669 1869 796 1898 tollendo.
810 1869 862 1898 Sed
880 1870 906 1899 in
925 1877 995 1900 terra

256 1914 365 1953 quidem
379 1914 534 1943 universum
557 1921 596 1942 est
617 1914 757 1953 agricolae;
774 1915 820 1943 illa
835 1915 907 1944 enim
925 1916 996 1955 jacet

256 1971 347 1989 carens
362 1960 460 1997 anima,
472 1960 507 1989 ad
518 1960 675 2000 patiendum
687 1961 775 1989 solum
789 1968 897 2000 parata:
908 1962 935 1990 in
945 1962 996 1991 hac

256 2013 345 2035 autem
357 2013 428 2035 terra
452 2006 587 2046 spirituali
609 2017 779 2045 nequaquam
796 2019 802 2034 :
816 2018 868 2036 non
882 2015 920 2037 est
935 2009 996 2037 uni-

256 2062 364 2081 versum
377 2052 517 2081 doctorum
532 2063 562 2081 ac
574 2052 763 2091 magistrorum
774 2065 782 2091 3
798 2053 844 2082 sed
859 2055 943 2083 sinon
957 2062 996 2084 est

258 2108 320 2137 pars
342 2098 473 2135 maxima,
489 2097 636 2126 dimidium
653 2098 761 2136 quidem
777 2106 847 2128 certe
861 2107 898 2129 est
909 2101 994 2130 disci-

257 2143 393 2182 pulorum.
410 2145 497 2182 Atque
518 2150 640 2172 nostrum
661 2144 771 2182 quidem
791 2152 830 2174 est
853 2154 996 2176 sementem

257 2189 383 2229 dejicere,
397 2198 516 2220 vestrum
527 2198 616 2219 autem
630 2198 669 2220 est
684 2192 770 2221 facere
783 2204 841 2231 quae
854 2193 994 2232 dicuntur,

258 2238 392 2266 memoriae
407 2248 455 2276 per
465 2237 533 2266 sacta
549 2238 650 2266 fructus
663 2238 808 2276 ostendere,
821 2240 913 2279 spinas
924 2241 995 2270 radi-

259 2281 327 2310 citus
341 2283 454 2311 evellere
466 2283 564 2322 :spinae
578 2282 649 2311 enirn
674 2290 736 2312 sunt
762 2295 854 2313 revera
878 2285 994 2321 divitiae,

258 2327 363 2355 nullum
384 2327 511 2356 habentes
531 2328 666 2365 fructum,
687 2329 747 2357 visu
762 2329 905 2368 deformes,
923 2338 948 2360 et
961 2331 996 2361 ad

260 2382 337 2400 usum
354 2372 517 2411 injucundae,
538 2383 582 2402 eos
596 2374 643 2412 qui
667 2380 780 2413 tangunt
794 2376 915 2405 molestia
929 2377 994 2406 assi-

289 2487 298 2497 ·
317 2478 396 2511 [Hoec
415 2481 498 2504 omnia
518 2484 656 2514 participia
669 2487 775 2515 fimena,
787 2488 890 2515 islone„
913 2492 935 2510 el
949 2492 1007 2516 cclv,

256 2518 343 2541 melius
355 2520 490 2542 accusativi
500 2528 571 2543 cll-sui
583 2540 588 2551 ,
600 2523 713 2552 quamuis
727 2523 855 2548 antecedat
867 2532 897 2557 τῷ
913 2528 1010 2556 μελλον-

1047 1682 1158 1721 λείχῡαι,
1179 1682 1247 1710 ἀλλὰ
1271 1683 1370 1716 πολλῆς
1393 1682 1432 1710 δεῖ
1455 1685 1502 1717 τῆς
1522 1683 1674 1721 ἐπιμελείας
1696 1684 1741 1712 καὶ
1767 1686 1813 1718 τῆς

1047 1728 1216 1768 προσεδρείας
1239 1730 1276 1766 τῷ
1304 1728 1424 1766 μέλλοντι
1454 1728 1512 1761 τοὺς
1538 1729 1654 1768 καρποὺς
1686 1730 1813 1768 συγκομί-

1048 1776 1116 1809 ζειν,
1139 1773 1333 1802 ὃοἰποσοὲοῧντι
1353 1774 1386 1802 τὰ
1411 1775 1534 1810 πετεινὰ,
1553 1775 1600 1808 τὰς
1628 1775 1743 1808 ἀκάνθας
1766 1777 1814 1804 ἐκ·
1856 1793 1860 1796 ·

1048 1821 1187 1855 κόπτοντι,
1202 1820 1235 1849 τὰ
1254 1820 1375 1859 πετρώδη
1387 1823 1435 1859 γῆς
1445 1823 1586 1860 πληροῦντι
1599 1822 1711 1857 πολλῆς,
1725 1827 1812 1852 πᾶσαν

1048 1866 1134 1904 λύμην
1155 1865 1283 1894 κωλύοντι
1301 1866 1346 1894 καὶ
1373 1866 1563 1906 ἀπο-τειχίζοντι
1585 1867 1630 1895 καὶ
1655 1870 1813 1907 ἀναιροῦντι.

1050 1912 1118 1941 Ἀλλ’
1134 1912 1178 1940 ἐπὶ
1194 1911 1241 1949 μὲν
1255 1914 1303 1946 τῆς
1320 1915 1368 1949 γῆς
1382 1913 1412 1941 τὸ
1425 1917 1478 1941 πᾶν
1499 1915 1544 1941 τοῦ
1561 1916 1676 1953 γεωργοῦ
1696 1913 1813 1951 γίνεται·

1049 1958 1150 1996 ἄψυχος
1173 1958 1224 1996 γὰρ
1246 1958 1331 1992 ἐκείνη
1352 1958 1506 1993 ὑπόκειται,
1520 1958 1584 1998 πρὸς
1597 1959 1627 1987 τὸ
1640 1962 1732 1988 παθεῖν
1747 1959 1815 1988 ἕτοι-

1051 2015 1097 2040 μος
1112 1999 1176 2032 οῧσα
1192 2003 1269 2041 μόνον
1279 2015 1284 2020 ·
1303 2003 1346 2032 ἐπὶ
1361 2003 1388 2033 δὲ
1404 2003 1503 2038 ταύτης
1516 2006 1562 2039 τῆς
1573 2005 1622 2043 γῆς
1632 2006 1680 2039 τῆς
1696 2015 1814 2042 πνευμα-

1049 2051 1125 2084 τικῆς
1134 2050 1254 2086 οὐδαμῶς
1266 2061 1271 2066 ·
1285 2051 1313 2078 οὗ
1323 2052 1374 2078 τῶν
1388 2050 1552 2079 διδασκάλων
1566 2050 1620 2079 ἐστὶ
1632 2049 1662 2078 τὸ
1673 2055 1736 2086 πᾶν,
1746 2051 1815 2085 ἀλλ’,

1051 2095 1073 2123 εἷ
1088 2094 1124 2132 μὴ
1148 2094 1177 2123 τὸ
1192 2095 1271 2124 πλέον
1282 2117 1289 2130 ,
1314 2096 1344 2124 τὸ
1358 2099 1418 2132 γοῦν
1434 2095 1517 2132 ἥμισυ
1541 2096 1587 2124 καὶ
1605 2097 1656 2124 τῶν
1680 2098 1813 2133 μαθητῶν.

1051 2139 1144 2177 Ἥμῶν
1162 2139 1209 2177 μὲν
1231 2136 1274 2168 οὖν
1297 2140 1456 2169 καταὸαλεῐν
1478 2142 1533 2169 ἐστι
1551 2141 1594 2169 τὸν
1620 2141 1729 2180 σπόρον,
1743 2143 1816 2179 ὑμῶν

1051 2185 1077 2214 δὲ
1092 2190 1174 2214 ποιεῖν
1191 2185 1224 2214 τὰ
1235 2186 1372 2224 λεγόμενα,
1384 2188 1417 2223 τῇ
1433 2186 1524 2225 μνήμῃ
1541 2185 1584 2214 διὰ
1597 2188 1649 2215 τῶν
1663 2187 1745 2225 ἔργων
1758 2189 1816 2216 ε’πι-

1050 2230 1196 2259 δείκνυσθαι
1222 2230 1281 2263 τοὺς
1302 2230 1430 2269 καρποὺς,
1453 2231 1501 2264 τὰς
1526 2232 1641 2264 ἀκάνθας
1664 2232 1816 2272 προῤῥίζους

1050 2279 1179 2317 ἀνασπᾷν.
1194 2278 1308 2308 Ἄκανθα
1323 2279 1373 2318 γὰρ
1388 2279 1467 2311 ὅντως
1480 2282 1493 2308 ὃ
1506 2282 1631 2316 πλοῦτος,
1645 2281 1735 2310 οὐδένα
1751 2293 1815 2319 καρ-

1049 2328 1098 2356 πὸν
1125 2328 1208 2368 ἔχων,
1232 2328 1351 2363 δυσειὸὴς
1374 2329 1418 2358 καὶ
1445 2331 1572 2368 ὀφθῆναι,
1596 2330 1641 2358 καὶ
1664 2331 1815 2370 χρήσασθαι

1050 2378 1146 2413 ἀηδὴς,
1164 2380 1254 2407 λυπῶν
1275 2379 1332 2411 τοὺς
1352 2379 1528 2416 ἁπτομένους,
1542 2381 1570 2409 οὗ
1587 2380 1664 2418 μόνον
1679 2381 1755 2414 αὐτὸς
1769 2383 1814 2410 οὐκ

1061 2499 1090 2512 τι.
1108 2488 1221 2511 Dunaeus.
1236 2487 1271 2511 El
1282 2490 1316 2512 sic
1327 2487 1397 2511 Edit.
1413 2488 1509 2513 chn.
1526 2487 1583 2512 [Vos
1602 2496 1632 2510 οι
1655 2487 1810 2520 ⁴Augustam·

1060 2527 1112 2550 Ms.
1128 2528 1289 2560 mutavimus,
1304 2527 1373 2560 cnjus
1380 2527 1437 2560 jum
1448 2535 1524 2560 prope
1537 2528 1650 2559 poenitet.
1663 2525 1750 2559 Savi!.]
