1893 2860
66 497 152 518 fllaltln.
167 496 203 516 2⁴5.

221 148 286 190 ²73
562 157 590 178 s.

218 222 345 260 colloquii
359 244 365 254 ,
381 219 563 253 contubernii,
587 228 675 246 rcruin
698 217 818 246 omnium
834 227 907 255 a‘que
925 227 955 245 ae

217 268 302 296 caeicri
325 266 454 305 particeps
469 275 534 292 eras.
559 263 681 291 Haeccine
702 262 765 291 satis
782 273 833 291 uon
849 263 956 291 suerunt

217 322 276 348 quae
291 317 316 337 te
330 309 487 337 cohiberent
499 307 511 335 Ξ)
525 317 606 345 quam
621 306 705 344 igitur
716 306 751 334 ol)
765 316 871 334 causam
893 316 955 344 pro-

217 356 311 384 didisti
327 353 332 382 l
347 354 415 392 quid
434 354 533 382 habens
544 375 551 388 ,
566 351 639 391 quod
657 352 777 390 queraris
790 374 797 387 ,
821 352 930 381 sceleste
944 351 956 379 Ρ

220 402 261 429 wel
277 400 366 440 potius
375 399 500 438 quoniam
515 398 645 427 beneficio
657 398 768 426 affectus
782 408 833 426 non
845 398 932 425 sucras
945 397 957 424 ἷ’

218 447 334 474 Noverat
344 451 458 473 mentem
468 451 540 472 tuam
550 455 556 480 3
567 454 619 471 non
631 442 733 471 destitit
745 453 804 481 qua*
819 454 867 471 sua
881 449 955 470 erant

218 499 360 532 pra-sturm
380 502 450 530 scope
472 490 543 519 dixit
556 512 562 526 ‚
585 492 667 518 Unus
690 500 726 517 ex
749 491 836 518 vobis
859 490 954 517 tradet

218 550 262 567 me
274 552 282 569 ,·
296 549 364 577 sa‘pe
378 537 480 566 notavit
490 559 497 573 ‚
512 547 542 565 ac
552 536 600 565 tibi
616 543 701 564 tamen
711 535 828 575 pepercit
838 547 846 571 ;
857 542 882 563 et
895 545 955 563 cum

218 585 295 613 talem
309 592 332 613 te
346 594 401 612 esse
415 583 510 619 sciret,
525 593 559 611 ex
580 582 661 610 choro
685 592 736 610 non
760 581 852 620 ejecit:
868 580 956 609 adhuc

218 630 317 658 ferebat
328 651 336 665 ‚
351 629 440 658 adhuc
453 636 481 657 ut
497 628 646 666 legitimum
657 634 735 665 atquc
752 638 834 655 unuin
845 637 878 655 ex
893 626 957 654 duo-

218 673 305 702 decim
317 695 324 707 ,
348 673 382 701 ita
405 673 552 701 honorabat
562 693 569 707 ,
593 672 629 699 ita
652 671 792 709 diligebat.
817 670 939 708 Denique
949 692 956 706 ,

218 728 234 746 o
248 715 349 746 scelus!
364 717 445 745 linteo
458 717 538 744 etiam
553 722 640 744 sumto
652 738 659 751 ‚
673 715 747 754 puris
764 715 818 743 illis
830 714 956 742 manibus

219 763 338 802 impuros
352 762 432 801 pedes
448 769 507 790 tuos
523 762 604 798 lavit3
618 772 702 799 neque
714 760 740 788 id
756 760 835 789 etiam
849 767 873 788 te
885 759 958 787 cohi-

219 808 287 836 buit.
302 808 446 836 Furabaris
461 818 489 835 ca
503 830 509 842 ,
525 818 583 845 quae
604 817 751 846 pauperum
770 813 844 834 erant
860 819 866 840 ;
880 812 958 843 atque

219 854 288 882 istud
305 855 384 882 etiam
396 877 404 889 ,
422 865 454 882 nc
466 853 498 881 ad
513 854 599 891 majus
611 852 721 890 aliquod
736 852 836 880 malum
849 862 958 890 progre-

218 901 439 933 dereris,serebat
453 912 458 927 τ
472 900 517 928 sed
530 899 598 928 nihil
610 899 729 927 animum
744 905 820 926 tuum
831 898 957 925 mutavit.

219 948 287 974 Nam
297 946 399 974 etiamsi
409 946 461 973 sera
474 956 552 977 esses.
562 944 665 972 etiamsi
678 943 755 982 lapis⁷
769 954 854 971 nonne
862 943 961 970 benesi-

219 992 267 1020 ciis
276 992 302 1020 in
317 998 341 1019 te
350 991 464 1025 collatis,
475 1000 561 1019 nonne
574 989 713 1017 miraculis
722 1011 729 1023 ,
740 999 826 1016 nonne
836 988 959 1016 doctrina

219 1037 262 1065 illa
271 1037 339 1065 flecti
347 1044 371 1064 te
379 1035 538 1075 oportebat?
547 1036 650 1064 Verum
659 1044 742 1072 usque
750 1033 815 1062 adeo
823 1033 961 1061 efferatum

219 1082 307 1111 adhuc
323 1082 444 1115 vocabat,
455 1088 480 1109 et
492 1079 622 1108 mirandis
638 1079 763 1118 operibus
775 1079 909 1107 alliciebat
921 1078 962 1106 la-

220 1129 332 1168 pidibus
345 1128 409 1167 ipsis
421 1127 584 1155 hebetiorem
601 1138 606 1153 :
623 1125 668 1154 sed
691 1125 758 1154 nihil
783 1125 878 1153 horum
893 1124 961 1160 fuit,

219 1174 292 1212 quod
301 1181 325 1202 te
337 1174 474 1202 meliorem
484 1172 614 1200 redderet.
628 1171 750 1199 Forsitan
758 1170 893 1199 miramini
903 1177 962 1198 tan-

221 1228 244 1249 ta
250 1232 274 1249 ni
281 1221 435 1260 proditioris
442 1219 594 1248 amentiam.
604 1220 708 1246 Motum
717 1218 798 1256 igitur
805 1217 962 1246 vobisincu-

221 1266 269 1293 tiat
280 1265 352 1293 illius
364 1265 462 1293 vulnus
476 1275 481 1291 :
497 1263 597 1302 argenti
614 1262 750 1301 cupiditas
762 1284 769 1297 ‚
786 1261 960 1300 pecuniarum

221 1322 297 1339 amor
307 1310 387 1339 talem
399 1308 528 1338 reddidit.
546 1308 640 1337 Evelle
652 1308 723 1336 hune
736 1307 861 1335 affectum
874 1318 881 1343 3
899 1306 963 1334 tales

222 1356 293 1384 cuim
315 1356 423 1384 morbos
439 1355 527 1393 parit,
551 1353 649 1392 impios
663 1353 726 1381 facit
738 1365 744 1379 :
756 1360 834 1390 atque
861 1363 890 1380 eo
917 1362 964 1379 nos

222 1402 344 1437 adducit,
355 1409 383 1430 ut
395 1400 497 1430 etiamsi
507 1400 638 1428 sexcentis
649 1399 786 1427 beneficiis
800 1399 962 1434 afficiamur,

223 1447 312 1474 Deum
329 1446 493 1484 ignoremus.
512 1444 606 1473 Evelle
621 1466 627 1479 ‚
640 1443 749 1471 obsecro
763 1454 768 1469 :
782 1453 833 1470 non
849 1449 887 1470 est
898 1442 964 1470 levis

224 1491 334 1520 morbus
348 1513 357 1525 ‚
385 1496 521 1518 sexcentas
540 1488 726 1517 acerbissimas
751 1494 849 1516 mortes
870 1488 965 1515 asscrre

226 1537 310 1566 novit.
323 1535 451 1566 Vidimus
463 1534 540 1565 Judae
551 1534 677 1563 morbum
689 1545 695 1560 :
708 1540 857 1562 metuamus
869 1544 901 1561 ne
914 1532 963 1571 ipsi
975 1548 1010 1566 ῃ,

984 1576 1003 1597 Λ
1022 1567 1063 1595 ἵνα
1083 1570 1154 1606 ἡμᾶς
1169 1566 1359 1606 σωφρονίσωσι,
1384 1565 1524 1605 Πόρρωθεν
1552 1567 1642 1603 φεῦγε·
1666 1564 1712 1592 οῦκ
1736 1562 1793 1590 ἔστι

224 1592 330 1621 quoque
346 1582 373 1609 in
392 1581 484 1609 eadem
508 1579 668 1608 incidamus.
687 1578 752 1607 Ideo
767 1579 867 1617 scripta
882 1585 943 1606 sunt
958 1600 965 1611 ‚

225 1639 258 1657 ne
270 1627 366 1656 iisdem
377 1637 424 1655 nos
445 1637 551 1664 quoque
571 1625 650 1653 malis
669 1625 837 1653 afficiamur:
852 1624 910 1652 ideo
932 1624 966 1652 ab

227 1671 352 1701 omnibus
372 1670 542 1708 evangelistis
551 1669 577 1698 id
590 1675 727 1697 narratum
738 1675 787 1705 est,
801 1675 830 1696 ut
843 1678 890 1696 nos
900 1675 969 1696 tem-

227 1717 375 1757 perantiam
391 1716 525 1744 docerent.
544 1714 641 1743 Procul
656 1715 718 1752 fuge
731 1726 736 1741 :
750 1725 803 1742 non
815 1714 865 1742 hoe
882 1714 969 1741 solum

227 1761 339 1790 avaritia
353 1767 391 1789 est
403 1783 411 1797 ,
434 1760 531 1788 multas
546 1758 671 1798 pecunias
696 1768 792 1797 cupere
804 1780 811 1794 ‚
825 1757 870 1785 sed
890 1757 970 1785 etiam

228 1807 353 1847 pecunias
367 1806 474 1835 omnino
490 1815 593 1844 cupere.
613 1804 714 1833 Gravis
729 1803 842 1832 avaritia
857 1810 895 1831 est
910 1803 971 1841 plus

228 1863 349 1892 poscere,
364 1863 444 1890 quam
460 1862 528 1889 opus
542 1851 584 1879 sit.
610 1851 682 1879 Num
706 1850 804 1878 talenta
826 1849 885 1878 auri
912 1850 970 1877 sue-

229 1905 310 1934 runt,
327 1908 386 1935 qua„¹
402 1896 567 1936 proditorem
595 1895 622 1923 in
638 1895 706 1923 lianc
721 1901 836 1923 mentem
852 1895 973 1933 impelle—

230 1944 308 1973 rent?
326 1942 452 1981 Triginta
465 1942 551 1970 solum
566 1941 702 1979 argentei:
718 1940 827 1979 triginta
836 1940 969 1978 argenteis

230 1990 320 2029 ipsum
343 1988 464 2028 prodidit
487 1988 644 2016 Dominum.
668 1989 708 2014 An
725 1986 852 2015 memoria
877 1987 973 2015 tenetis

231 2033 304 2072 quod
317 2040 393 2061 antea
404 2032 541 2067 dicebam,
555 2031 757 2059 immoderatam
769 2030 885 2058 habendi
899 2031 974 2069 cupi-

231 2079 342 2108 ditatem
357 2089 408 2106 non
427 2078 453 2106 in
465 2088 495 2105 eo
507 2077 594 2105 solum
610 2087 638 2104 se
654 2075 809 2110 ostendere,
825 2075 899 2113 quod
920 2087 975 2104 ma-

232 2135 283 2163 gna
296 2124 473 2163 accipiantur,
486 2122 533 2150 scd
545 2121 629 2160 magis
644 2121 723 2150 etiam
737 2121 807 2159 quod
821 2122 922 2160 parva?
934 2121 974 2149 En

231 2177 362 2208 quantum
384 2169 470 2197 scelus
485 2168 533 2196 iste
555 2167 689 2195 commisit
705 2166 820 2205 pauculo
837 2177 902 2194 auro
927 2165 975 2194 ad-

233 2217 340 2253 ductus,
356 2216 399 2245 vel
413 2216 502 2254 potius
515 2225 567 2242 non
582 2225 658 2250 auro,
674 2214 719 2242 sed
734 2214 872 2251 argenteis.
887 2214 976 2251 Nefas,

234 2264 306 2291 nefas
317 2263 396 2302 plane
409 2269 447 2290 est
461 2260 598 2289 hominem
612 2270 725 2288 avarum
737 2270 865 2297 umquam
879 2261 976 2289 intueri

234 2309 328 2337 faciem
350 2308 450 2337 Christi
468 2319 474 2336 :
489 2307 540 2335 hoc
561 2313 598 2335 est
622 2316 706 2334 unum
728 2316 762 2334 ex
777 2305 826 2341 iis,
841 2317 900 2343 quae
917 2306 976 2335 sieri

236 2354 346 2382 minime
369 2360 487 2392 possunt.
514 2351 605 2381 Radix
628 2352 761 2380 malorum
785 2358 834 2379 est.
856 2352 937 2387 Quod
953 2351 974 2379 si

236 2399 282 2438 qui
310 2399 352 2427 vel
370 2399 415 2426 uni
439 2398 510 2426 malo
531 2397 663 2425 obnoxius
686 2403 740 2433 est,
768 2396 881 2434 gloriam
901 2397 976 2425 illam

619 156 655 178 JO
664 155 758 177 xNNts
784 154 964 176 cnnvsos'T.

995 155 1078 177 ,ancti
1085 156 1090 176 Ι
1097 155 1135 177 ΕΡ
1142 169 1149 177 .
1173 154 1296 177 ΕΟΝΞΤᾹ
1306 153 1425 176 ΝΓΙΝΟΡ
1432 167 1439 174 .

1008 228 1053 246 σου
1076 217 1122 252 τὴν
1149 217 1275 251 διάνοιαν,
1305 218 1351 245 οὒκ
1378 216 1512 244 ἐπαύσατο
1535 216 1568 242 τὰ
1594 214 1657 252 παρ’
1681 213 1771 240 ἑαυτοῦ

1010 266 1144 306 εἶσφέρωψ
1159 266 1286 298 πολλάκις
1302 261 1383 301 εἶπεν,
1398 265 1438 294 ὅτι
1452 261 1499 297 Εἷς
1513 263 1538 297 ἐξ
1554 264 1626 301 ὑμῶν
1644 260 1771 300 παραδώ-

1012 328 1050 345 σει
1072 328 1118 354 με·
1131 315 1258 349 πολλάκις
1278 315 1373 351 ἔστιξε,
1389 315 1433 343 καὶ
1455 313 1576 354 ἐφείσατο
1591 325 1652 346 σου,
1667 311 1712 340 καὶ
1734 312 1773 339 εἶ-

973 367 991 388 D
1011 365 1059 399 δώς
1075 377 1103 394 σε
1118 368 1242 399 τοιοῦτον,
1258 365 1304 392 οὐκ
1320 364 1425 397 ἐξέῧαλέ
1442 376 1470 393 σε
1484 366 1529 392 τοῦ
1553 365 1647 402 χοροῦ·
1661 361 1700 390 ἔτι
1722 361 1773 389 διε-

1010 416 1148 450 ἔῗοίσταζεν,
1168 414 1206 442 ἔτι
1221 416 1255 447 ὡς
1270 414 1374 453 γνήσιον
1399 414 1443 442 καὶ
1460 413 1505 442 ἕνα
1528 416 1579 442 τῶν
1595 412 1696 441 δώδεκα
1708 432 1717 444 ,
1733 411 1775 439 οὔ·

1009 477 1059 498 τως
1074 465 1153 503 ἐτίμα
1163 486 1170 499 ,
1186 463 1265 496 οὕτως
1281 463 1372 502 ἐφίλει.
1389 463 1429 492 Τὸ
1440 464 1597 498 τελευταῖον,
1609 463 1630 490 ὢ
1644 465 1690 497 τῆς
1711 473 1776 499 μια-

1012 515 1066 554 ρίας
1078 537 1084 551 ,
1097 514 1142 543 καὶ
1153 515 1251 543 λέντιον
1263 513 1351 541 λαίὼν
1365 512 1435 551 ἔνιψε
1447 516 1502 545 ταῖς
1517 513 1655 551 ἀχράντοις
1668 510 1778 542 ἐκείναις

1009 565 1084 604 χερσὶ
1100 564 1158 597 τοὺς
1174 563 1282 603 μιαρούς
1296 575 1340 592 σου
1356 562 1437 595 πόδας
1449 562 1510 598 ,καὶ
1524 561 1582 590 οὐδὲ
1596 561 1674 590 τοῦτό
1690 572 1719 589 σε
1729 571 1778 588 κα-

1010 615 1111 654 τέσχεν.
1124 614 1271 647 ἼΞκλεπτες
1298 613 1332 642 τὰ
1358 614 1410 641 τῶν
1441 611 1576 646 πενήτων·
1601 610 1646 639 καὶ
1671 610 1714 639 ἵνα
1738 609 1778 648 μὴ

1011 665 1139 703 προέλθῃς
1166 666 1201 697 εἷς
1237 665 1323 701 μεῖζον
1356 663 1436 691 κακὸν
1450 684 1457 698 ,
1490 662 1535 691 καὶ
1569 664 1645 690 τοῦτο
1673 661 1762 700 ἔφερεν
1773 672 1779 678 ·

1012 715 1069 742 ἀλλ’
1091 714 1162 743 οὐδέν
1185 726 1214 742 σε
1237 713 1347 742 ἔπεισεν·
1371 714 1403 742 Εἰ
1423 712 1474 751 γὰρ
1500 711 1587 751 θηρίον
1611 707 1658 750 ἧς,
1688 712 1712 740 εἰ
1730 710 1781 750 γὰρ

1010 764 1096 799 λίθος,
1122 766 1150 793 οὐ
1167 769 1223 796 ταῖς
1241 763 1400 802 εὐεργεσίαις
1420 766 1476 794 ταῖς
1490 763 1524 793 εἷς
1539 760 1584 797 σὲ,
1600 762 1628 790 οὐ
1644 765 1697 793 τοῖς
1715 761 1781 789 θαύ-

1013 826 1092 852 μασιν
1104 837 1111 850 ,
1142 816 1170 843 οὐ
1196 819 1252 846 ταῖς
1280 812 1459 845 διδασκαλίαις
1481 812 1534 840 ἔδει
1563 811 1780 849 μεταὸληθῆναι;

1013 865 1092 894 Ἀλλὰ
1119 865 1163 893 καὶ
1191 864 1272 897 οὕτως
1296 862 1520 902 ἐκτεθηριωμένον
1537 861 1643 898 ἐκάλει,
1669 862 1714 890 καὶ
1737 861 1781 890 διὰ

1013 917 1065 942 τῶν
1087 913 1238 951 Θαυμασίων
1260 913 1340 952 ἔργων
1368 912 1481 951 ἐπήγετό
1496 924 1525 940 σε
1540 911 1582 940 τὸν
1607 911 1685 940 λίθων
1707 913 1780 940 ἀναι-

1015 966 1179 1005 σθητότερον.
1203 965 1242 994 Σὺ
1259 965 1286 993 δὲ
1309 965 1390 993 οὐδενὶ
1415 964 1513 992 τούτων
1529 963 1637 1002 γέγονας
1663 962 1781 1001 βελτίων.

1015 1017 1173 1053 Θαυμάζετε
1187 1015 1249 1048 ἴσως
1269 1015 1316 1050 τὴν
1336 1015 1464 1050 τοσαύτην
1482 1014 1570 1042 ἄνοιαν
1584 1017 1630 1042 τοῦ
1646 1013 1782 1052 προδότου.

1016 1068 1118 1096 Οὐκοῦν
1133 1066 1265 1105 φοὲήθητε
1279 1066 1308 1094 τὸ
1330 1065 1428 1094 ἐκείνου
1443 1067 1564 1104 τραῦμα·
1587 1064 1639 1093 ἀπὸ
1655 1065 1784 1102 φιλαργυ-

1017 1116 1072 1155 ρίας
1084 1119 1198 1148 τοιοῦτος
1215 1115 1334 1153 ἐγένετο,
1353 1114 1405 1143 ἀπὸ
1419 1118 1464 1144 τοῦ
1482 1117 1534 1143 τῶν
1548 1114 1695 1154 χρημάτων
1717 1113 1785 1153 ἔρω-

1016 1179 1071 1199 τος.
1088 1165 1221 1205 ’Έκκοψον
1243 1166 1273 1195 τὸ
1295 1166 1389 1198 πάθος
1404 1168 1514 1195 τοιαῦτα
1536 1164 1586 1203 γὰρ
1609 1163 1693 1192 τίκτει
1708 1163 1786 1198 νοσή-

1019 1229 1102 1254 ματα·
1128 1216 1230 1248 ἀσεὸεῑς
1254 1220 1343 1249 ποιεῖ,
1375 1215 1418 1243 καὶ
1447 1215 1490 1243 τὸν
1519 1215 1587 1243 Θεὸν
1608 1216 1710 1252 ἀγνοεῖν
1735 1223 1787 1241 πα-

983 1275 999 1296 F
1019 1266 1191 1307 ρασκευάζει,
1210 1266 1258 1294 κᾶν
1274 1265 1395 1305 μυριάκις
1407 1266 1626 1304 εὐεργετηθῶμεν.
1642 1262 1786 1301 Ἐκκοψον,

1018 1317 1182 1355 παρακαλῶ·
1205 1316 1250 1344 οὐκ
1273 1315 1328 1344 ἔστι
1345 1317 1396 1343 τῶν
1419 1314 1562 1354 τυχόντων,
1586 1311 1710 1344 θανάτους
1735 1306 1788 1339 οἶδε

1019 1366 1115 1394 τίκτειν
1130 1365 1260 1405 ὀλεθρίους
1273 1365 1387 1404 μυρίους.
1410 1365 1523 1402 Εἴδομεν
1536 1364 1565 1392 τὸ
1580 1363 1678 1392 ἐκείνου
1692 1361 1788 1394 πάθος·

1020 1416 1176 1455 φοὲηθῶμεν
1199 1415 1235 1454 μὴ
1258 1420 1311 1448 τοῖς
1327 1417 1411 1448 αὐτοῖς
1433 1415 1505 1443 αὐτοὶ
1527 1413 1721 1454 περιπέσωμεν.
1737 1410 1788 1440 Διὰ

1020 1470 1095 1495 τοῦτο
1105 1466 1266 1505 γέγραπται,
1278 1466 1320 1493 ἵνα
1336 1465 1371 1503 μὴ
1386 1465 1419 1493 τὰ
1429 1466 1494 1493 αὐτὰ
1502 1465 1627 1502 πάθωμεν
1643 1462 1689 1491 καὶ
1703 1465 1788 1500 ἡμεῖς·

1000 1549 1010 1560 .,
1021 1517 1063 1546 διὰ
1077 1521 1152 1546 τοῦτο
1167 1517 1262 1549 πάντες
1283 1518 1307 1544 οἱ
1322 1515 1503 1555 εὖαγγελισταὶ
1516 1518 1591 1544 τοῦτο
1610 1512 1770 1551 διηγήσαντο
1782 1532 1789 1546 ,

1021 1620 1097 1646 τοῦτο
1112 1616 1188 1655 μόνον
1212 1615 1386 1656 φιλαργυρία,
1407 1615 1437 1643 τὸ
1453 1615 1557 1644 πολλῶν
1581 1615 1652 1653 ἐρᾷν,
1678 1612 1747 1642 ἀλλὰ
1762 1612 1792 1641 τὸ

1023 1667 1089 1700 ὅλως
1111 1667 1256 1707 χρημάτων
1273 1667 1343 1704 ε’ρᾷν,
1371 1664 1541 1705 Φιλαργυρία
1565 1663 1650 1700 δεινὴ,
1665 1663 1695 1692 τὸ
1712 1662 1791 1697 πλέον

1024 1720 1071 1752 τ’ἠς
1088 1717 1178 1756 χρείας
1195 1719 1285 1745 αἰτεῖν.
1309 1716 1354 1751 Μὴ
1373 1716 1422 1755 γὰρ
1437 1716 1553 1744 τάλαντα
1575 1717 1672 1754 χρυσοῦ
1687 1711 1718 1750 ἦν
1734 1714 1793 1743 τότε

1025 1768 1057 1796 τὰ
1069 1768 1197 1796 πείσαντα
1209 1767 1252 1795 τὸν
1264 1765 1394 1805 προδότην
1406 1779 1413 1801 ;
1428 1766 1578 1806 Τρίακοντα
1591 1761 1658 1800 ἦσαν
1673 1763 1793 1804 ἀργύρια·

1026 1818 1165 1857 τριάκοντα
1186 1816 1316 1856 ἀργυρίων
1337 1816 1469 1854 προέδωκε
1489 1816 1532 1845 τὸν
1563 1816 1710 1849 Δεσπότην.
1727 1809 1794 1852 Ἆρα

1028 1868 1160 1905 μέμνησθε
1169 1889 1175 1901 ,
1188 1865 1230 1894 ὅτε
1244 1865 1330 1903 ἔλεγον
1343 1866 1394 1904 πρὸ
1406 1865 1496 1894 τούτου
1506 1888 1513 1901 ,
1523 1865 1563 1894 ὅτι
1575 1866 1621 1893 οὐκ
1633 1866 1658 1892 ἐν
1672 1865 1709 1902 τῷ
1723 1865 1792 1901 λαμ-

1028 1918 1115 1947 &dvm
1126 1916 1210 1946 πολλὰ
1222 1919 1239 1951 ἡ
1250 1915 1384 1949 πλεονεξία
1395 1916 1539 1950 δείκνυται,
1551 1915 1619 1944 ἀλλὰ
1629 1915 1719 1953 πολλῷ
1731 1915 1796 1952 μᾶλ-

1027 1967 1071 1995 λον
1083 1967 1107 1994 ἐν
1120 1967 1157 2004 τῷ
1170 1965 1258 2004 ὄλίγα;
1271 1965 1337 1993 Ἰδοὺ
1350 1965 1408 1994 ὅσον
1424 1965 1503 1993 κακὸν
1516 1961 1588 1996 οὗτος
1605 1963 1744 2002 εἰργάσατο
1760 1963 1793 1990 δι’

993 2026 1009 2048 Β
1028 2017 1113 2055 ὀλίγον
1134 2015 1255 2055 χρυσίον·
1272 2016 1371 2053 μᾶλλον
1385 2015 1411 2044 δὲ
1426 2016 1454 2043 οὐ
1470 2014 1512 2044 διὰ
1532 2014 1650 2053 χρυσίον,
1671 2012 1738 2042 ἀλλὰ
1761 2013 1795 2041 δι’

1029 2067 1150 2108 ἀργύρια.
1171 2068 1230 2095 Οὔκ
1259 2066 1344 2101 ἔστιν,
1369 2066 1416 2094 οὐκ
1438 2064 1508 2093 ἔστιν
1535 2065 1617 2103 ἄνδρα
1637 2063 1795 2102 φιλάργυρον

1030 2119 1090 2147 ἰδεῖν
1102 2129 1166 2146 ποτε
1188 2119 1232 2145 τοῦ
1249 2118 1362 2155 Χριστοῦ
1379 2116 1409 2144 τὸ
1422 2115 1561 2154 πρόσωπον
1573 2126 1578 2131 ·
1590 2114 1616 2142 ἓν
1633 2116 1683 2143 τῶν
1701 2113 1795 2142 ἀδυνά-

1029 2180 1080 2196 των
1095 2170 1180 2196 τοῦτο.
1197 2167 1273 2199 Ῥίζα
1294 2166 1349 2195 ἐστὶ
1361 2168 1411 2194 τῶν
1424 2166 1521 2193 κακῶν.
1539 2164 1570 2192 Ei.
1585 2163 1611 2192 δὲ
1628 2163 1654 2192 ἕν
1668 2176 1706 2195 τις
1728 2163 1795 2202 ἔχων

1030 2217 1119 2252 κακὸν,
1132 2216 1253 2246 ἐκπίπτει
1275 2217 1322 2249 τῆς
1339 2214 1412 2249 δόξης
1427 2213 1541 2248 ἐκείνης,
1557 2215 1569 2241 ὁ
1585 2212 1632 2247 τὴν
1646 2213 1718 2252 ῥίζαν
1737 2213 1796 2241 ἐπι-

1030 2263 1169 2303 φερόμενος
1193 2265 1242 2290 ποῢ
1262 2261 1403 2295 στήσεται;
1425 2261 1482 2288 Οὐκ
1508 2258 1563 2286 ἔστι
1581 2259 1625 2287 τὸν
1650 2258 1796 2297 χρημάτων

1029 2310 1091 2338 ὄντα
1105 2309 1204 2343 δοῦλον,
1219 2308 1306 2336 δοῦλον
1329 2301 1393 2334 εἶναι
1422 2306 1537 2343 Χριστοῦ
1551 2304 1665 2342 γνήσιον.
1686 2303 1770 2335 Αὐτὸς
1784 2305 1798 2332 ὁ

1031 2353 1141 2393 Χριστὸς
1169 2352 1333 2391 ἀπεφήνατο,
1358 2350 1398 2379 ὅτι
1414 2350 1444 2378 τὸ
1461 2354 1572 2390 πρᾶγμα
1594 2349 1732 2378 ἀδύνατον*
1756 2349 1795 2377 OC·

1030 2400 1157 2434 δύνασθε,
1172 2397 1249 2437 φησὶ,
1266 2398 1328 2435 Θεῷ
1357 2396 1486 2424 δουλεύειν
1510 2395 1553 2423 καὶ
1580 2399 1708 2433 μαμωνᾷ·
1735 2394 1797 2427 καὶ,

235 2444 348 2480 amittit,
366 2443 412 2480 qui
427 2443 543 2471 radicem
560 2445 645 2481 ipsam
659 2452 749 2470 secum
763 2442 840 2471 affert
856 2442 902 2470 ubi
918 2443 974 2471 col-
993 2456 1011 2477 (2
1030 2445 1123 2477 Οὐδεὶς
1148 2443 1256 2472 δύναται
1272 2441 1328 2470 δυσὶ
1343 2441 1439 2480 κυρίοις
1455 2440 1593 2469 δουλεύειν.
1607 2439 1733 2468 Ἐναντία
1746 2439 1797 2478 γὰρ

236 2489 387 2518 locabitur?
403 2490 460 2517 Non
476 2495 560 2527 potest
575 2488 748 2527 pecuniarum
762 2499 854 2517 servus
870 2499 976 2527 germa-

239 2546 287 2564 nus
301 2545 356 2564 esse
366 2533 464 2563 Christi
476 2544 576 2563 servus,
587 2533 711 2561 Christus
726 2533 781 2572 ipse
791 2535 975 2573 pronuntiavit

1031 2489 1222 2519 ἐπιτάττουσιν.
1234 2487 1267 2516 Ὁ
1281 2487 1391 2526 Χριστὸς
1411 2487 1498 2524 λέγει,
1519 2485 1606 2524 φείδου
1621 2487 1672 2514 τῶν
1682 2484 1798 2522 πενομέ-

1031 2547 1080 2564 νων
1091 2547 1097 2552 ·
1113 2538 1126 2564 ὃ
1142 2538 1269 2572 μαμωνᾶς
1288 2533 1374 2570 λέγει,
1394 2532 1523 2561 ἀπόδυσον
1545 2531 1588 2560 καὶ
1611 2531 1676 2559 αὐτὰ
1691 2530 1706 2559 ἃ
1719 2529 1796 2569 ἔχου-
