1893 2860
105 1730 199 1760 Ac1.17.
209 1738 246 1754 22.

107 1913 142 1934 lb.
160 1914 194 1937 13.
212 1920 246 1937 10.

258 142 302 186 47
310 152 326 173 2
597 151 625 174 s.
653 150 792 174 1015515
817 151 996 175 euersos-r.

257 222 338 248 retur,
349 213 393 242 hic
405 223 467 242 vero
480 213 587 247 minus;
602 212 649 241 sed
664 219 772 252 propter
781 212 994 241 imbecillitatem

257 258 301 285 hic
312 257 422 295 quidem
442 257 544 285 seratur
551 279 560 294 ,
574 256 620 284 ille
631 267 695 286 vero
708 267 762 285 non
778 257 851 285 item.
868 256 995 295 Exempli

255 314 332 332 causa
342 326 351 338 ,
363 303 414 331 nisi
429 303 464 331 sit
478 313 567 340 causa,
579 304 705 332 Graecum
719 314 752 332 ne
763 314 841 332 voces
852 313 996 332 exsecran-

254 350 330 385 dum,
343 359 426 387 neque
438 349 473 377 sis
488 349 711 387 contumeliosus;
726 350 771 379 sed
785 350 807 378 si
821 350 854 379 de
868 350 996 389 dogmate

255 394 366 432 quidem
376 395 492 433 rogeris,
507 395 639 434 responde
652 396 682 424 id
693 406 749 425 esse
763 397 955 425 exsecrandum
969 404 994 426 et

255 441 370 479 impium
381 452 387 467 :
402 441 424 469 si
435 451 513 469 nemo
523 448 612 470 autem
624 448 701 480 roget
711 464 718 477 ,
731 453 815 480 neque
827 449 904 482 cogat
916 442 993 471 dice-

254 498 292 522 re,
301 497 353 515 non
362 493 466 526 oportet
476 494 574 516 temere
584 487 754 517 inimicitiam
766 489 908 528 suscipere.
918 489 994 524 Quid

1025 152 1043 174 A
1049 153 1167 177 RCHIEP
1173 170 1180 176 .
1210 154 1463 180 CONSTANTINOP
1469 151 1481 178 .’

1047 214 1123 252 μένος
1144 217 1158 244 ὁ
1177 215 1269 253 λόγος,
1284 217 1333 245 κᾶν
1355 219 1391 251 εἷς
1415 217 1584 257 διαρρέουσαν
1600 217 1703 255 ἐμπέσῃ
1717 217 1817 256 ψυχὴν,

1045 253 1191 293 ἐπισφίγξει
1209 255 1257 290 τὴν
1269 256 1371 294 χαύνην
1384 269 1390 274 ·
1405 256 1454 286 κᾶν
1476 258 1513 289 εἷς
1526 262 1662 297 τραχεῖαν,
1685 258 1772 286 λεανεῖ
1784 258 1815 286 τὸ

1045 300 1169 339 σκληρόν.
1190 300 1332 340 Ἐπίχαρις
1353 302 1399 337 ὧν,
1425 303 1492 340 μήτε
1512 303 1634 342 φορτικὸς
1650 302 1732 338 ἔστω,
1749 302 1816 340 μήτε

1045 346 1124 375 πάλιν
1139 341 1235 385 χαῦνος
1243 369 1250 382 ,
1262 346 1330 375 ἀλλὰ
1343 347 1388 376 καὶ
1400 347 1429 376 τὸ
1442 352 1536 387 στῦφον
1550 348 1634 387 ἐχέτω
1642 371 1649 384 ,
1659 348 1705 377 καὶ
1717 347 1747 376 τὸ
1759 348 1815 386 μεθ’

1044 394 1204 430 ἡδονῆςπἈν
1217 406 1244 422 τε
1259 394 1310 434 γὰρ
1324 395 1444 434 ἀμέτρως
1459 395 1589 435 ἐπιστύψῃ
1601 417 1609 431 ,
1625 397 1724 433 μᾶλλον
1737 395 1817 423 ἔὸλα-

1044 442 1092 479 ψεν
1105 440 1121 475 ἢ
1133 440 1267 479 ὠφέλησεν
1277 453 1283 458 ·
1295 440 1340 469 ἐὰν
1353 441 1380 469 δὲ
1393 441 1512 480 ἀμέτρως
1522 441 1738 480 χαριεντίσηται,
1750 442 1816 479 μᾶλ-

1043 487 1087 515 λον
1112 486 1241 520 ἐλύπησεν
1257 486 1274 520 ἢ
1290 485 1389 520 ὤνησεν
1400 498 1406 503 ·
1422 485 1492 514 ὥστε
1513 489 1650 526 πανταχοῦ
1668 486 1752 525 μέτρα
1776 488 1816 515 δεῖ

254 533 325 561 enim
349 543 453 561 necesse
475 539 515 561 est
538 543 750 573 supervacaneas
768 534 822 563 sibi
837 545 994 574 comparare
1009 539 1026 561 F
1043 527 1119 560 εἶναι.
1132 532 1210 566 Μήτε
1224 531 1344 570 κατηφὴς
1360 531 1403 560 ἔσο
1414 531 1458 560 καὶ
1472 532 1625 570 σκυθρωπός
1637 543 1643 549 ·
1656 531 1735 567 ἀηδὲς
1748 532 1815 570 γάρ·

254 580 428 609 inimicitias?
443 582 561 617 Rursus,
573 581 596 609 si
609 582 763 621 quempiam
774 582 904 611 catechesi
914 583 992 611 insti-

1044 578 1111 616 μήτε
1131 577 1335 617 διακεχυμένος·
1351 577 1576 616 εὐκαταφρόνητον
1590 577 1642 617 γὰρ
1661 577 1707 606 καὶ
1727 589 1816 606 πεπα-

254 630 313 652 tuas
324 647 332 661 ‚
353 624 397 652 dic
413 631 442 653 ut
467 625 586 664 postulat
610 626 761 665 subjectum
782 633 971 665 argumentum
986 623 1156 666 5403vmas'v0v
1168 636 1174 641 ·
1190 625 1248 652 ἀλλ’
1270 623 1394 662 ἑκατέρου
1410 622 1457 657 τὴν
1474 622 1570 662 ἀρετὴν
1585 622 1686 659 λαθὼν,
1701 622 1750 658 τὴν
1767 634 1816 651 κα-

254 670 355 708 alioqui
375 677 440 699 tace.
455 671 484 699 Si
500 681 586 699 sermo
605 671 639 700 sit
660 672 714 700 sale
730 672 853 701 conditus
864 695 873 710 ‚
888 673 992 702 etiamsi
1009 675 1029 696 A
1045 669 1104 699 κίαν
1127 669 1207 709 φύγε,
1223 669 1344 707 καθάπερ
1359 672 1375 704 ἡ
1393 668 1504 706 μέλιττα
1518 671 1563 697 τοῦ
1580 668 1628 706 μὲν
1643 669 1673 697 τὸ
1695 667 1815 708 φαιδρὸν,

255 714 282 742 111
296 713 463 743 diffluentem
479 714 605 743 inciderit
618 715 751 753 animam,
765 716 874 744 mollem
884 717 993 745 restrin-

256 758 313 796 git3
327 758 431 787 etiamsi
456 759 484 787 in
504 770 646 799 asperam,
662 760 763 799 levigat
786 760 923 789 duritiem.
949 761 994 790 Sis

255 802 386 840 gratiosus
398 825 406 839 7
424 813 472 831 nec
486 803 628 840 molestus;
644 814 691 832 nec
707 814 801 832 rursus
823 804 928 839 mollis,
945 804 994 832 sed

254 853 280 874 et
290 846 471 874 austeritatem
485 847 584 875 habeas
596 854 620 875 et
633 847 809 886 voluptatem.
820 849 891 876 Nam
900 848 922 876 si
933 849 993 886 quis

254 894 289 921 sit
303 904 384 932 supra
406 894 520 922 modum
537 901 678 931 austerus,
700 895 786 933 magis
811 895 886 923 laedit
911 906 994 933 quam

254 940 361 978 prodest
368 953 376 978 ς
387 941 428 969 5111
441 948 530 969 autem
539 941 574 970 sit
586 952 667 980 supra
675 942 787 970 modum
797 943 926 979 urbanus,
939 953 995 972 ma-

254 987 295 1025 gis
317 994 357 1015 est
380 987 507 1016 molestus
521 998 603 1025 quam
614 989 702 1027 juvat.
716 988 900 1023 Quamobrem
913 999 994 1028 opor-

254 1039 291 1061 tet
305 1033 404 1071 ubique
418 1043 473 1061 esse
488 1033 610 1062 modum.
633 1035 688 1063 Nec
709 1034 745 1062 sis
765 1034 850 1063 tristis
863 1042 889 1063 et
912 1042 989 1064 torvo

254 1078 349 1116 vultu3
367 1086 407 1108 est
423 1079 494 1107 enim
516 1080 713 1119 injucundum:
728 1091 813 1119 neque
832 1080 949 1110 diffusus
963 1092 994 1110 ac

253 1123 421 1162 dissolutu53
446 1132 485 1154 est
510 1126 580 1155 enim
609 1126 746 1166 despectui
769 1126 935 1164 obnoxium3
949 1128 995 1157 sed

254 1173 394 1211 utriusque
420 1180 528 1213 accepta
552 1173 652 1203 virtute
662 1197 671 1212 ‚
695 1175 758 1213 fuge
782 1174 881 1203 vitium
894 1197 902 1212 ,
925 1175 994 1204 sicut

254 1220 313 1259 apis
329 1219 411 1258 hujus
426 1219 535 1257 quidem
548 1220 673 1248 laetitiam
685 1227 710 1249 et
726 1221 905 1258 alacritatem,
920 1222 995 1250 illius

256 1277 320 1295 vero
346 1276 456 1305 carpens
480 1266 648 1304 gravitatem.
666 1267 735 1295 Nam
758 1267 781 1295 si
799 1267 920 1297 medicus
941 1279 994 1297 non

255 1313 381 1343 similiter
392 1313 518 1342 omnibus
537 1313 623 1342 utitur
645 1314 818 1353 corporibus,
837 1315 923 1343 multo
936 1325 997 1343 ma-

255 1361 296 1399 gis
306 1361 448 1399 magister:
464 1372 627 1400 quamquam
642 1372 695 1390 11011
709 1363 893 1392 convenientia
907 1364 995 1392 medi-

255 1411 375 1433 camenta
397 1405 484 1443 magis
508 1405 620 1434 tulerint
646 1416 778 1445 corpora,
802 1418 883 1445 quam
906 1408 995 1436 anima

259 1458 417 1476 sermonem.
441 1448 528 1477 Verbi
553 1449 638 1487 gratia
651 1471 658 1486 ‚
682 1450 783 1479 accedit
810 1452 921 1480 Graecus
934 1474 942 1486 ‚
969 1459 994 1480 et

256 1493 307 1522 tibi
322 1493 354 1521 fit
367 1493 488 1522 amicus?
503 1493 537 1522 de
551 1494 596 1522 illa
618 1505 646 1523 re
662 1506 724 1524 cum
746 1497 804 1536 ipso
822 1497 892 1525 nihil
907 1497 995 1526 disse—

257 1539 344 1568 rueris
356 1562 363 1576 ,
378 1539 462 1567 donec
476 1550 537 1568 cum
550 1550 579 1568 eo
591 1546 678 1569 tecum
696 1552 793 1581 magna
807 1543 888 1571 fuerit
899 1543 994 1571 amici-

257 1585 314 1622 tia;
331 1592 427 1614 etcum
443 1585 539 1622 fuerit,
552 1586 694 1624 paulatim.

297 1632 326 1660 5.
343 1631 415 1662 Vide.
434 1632 540 1669 quando
566 1632 666 1661 Paulus
688 1633 761 1662 venit
785 1634 912 1670 Athenas,
928 1646 997 1673 quo-

258 1677 339 1706 modo
351 1689 413 1706 cum
426 1678 463 1707 eis
472 1678 626 1707 disserebat.
639 1680 697 1707 Non
711 1679 829 1717 dicebat,
842 1681 866 1709 O
879 1681 1000 1709 scelerati

259 1730 283 1752 et
300 1724 377 1763 plane
394 1725 551 1753 exsecrandi
564 1724 571 1754 ἶ
588 1724 633 1753 sed
649 1724 737 1763 quid.o
753 1727 816 1754 Viri
829 1726 1000 1755 Athenien-

258 1779 315 1805 ses,
328 1780 380 1798 vos
390 1781 442 1808 per
453 1772 553 1798 omnia
567 1771 655 1799 video
668 1781 730 1799 esse
741 1778 892 1811 tamquam
903 1783 1000 1812 super-

258 1817 436 1844 stitiosiores.
456 1817 560 1844 Rursus
573 1816 681 1854 quando
693 1816 800 1855 probris
810 1819 948 1857 oportebat
960 1820 1002 1847 af-

258 1860 355 1897 ficere,
383 1871 435 1889 non
465 1862 614 1899 recusavit,
642 1862 688 1890 sed
716 1873 778 1891 cum
802 1874 898 1902 magna
919 1864 1002 1893 rehe—

260 1906 358 1934 mentia
386 1905 492 1935 dicebat
520 1907 626 1946 Elymae
639 1919 645 1934 :
661 1908 754 1936 Plene
778 1911 858 1937 omni
880 1910 948 1938 dolo
973 1917 1000 1939 et

261 1955 340 1980 omni
368 1953 499 1992 fallacia
510 1976 519 1991 ,
541 1954 590 1992 fili
613 1954 745 1989 diaboli,
767 1957 883 1983 inimice
907 1958 1000 1984 omnis

254 1999 388 2036 justitioe.
407 1999 477 2027 Nam
501 1999 571 2028 sicut
590 1999 650 2028 illos
674 2000 772 2038 probro
794 2001 912 2030 affecisse
932 2001 1002 2030 insi-

259 2042 366 2081 pientiae
382 2043 474 2072 fuisset
486 2066 493 2079 ‚
509 2044 546 2072 ita
556 2044 629 2073 hunc
644 2055 696 2073 non
713 2046 832 2075 affecisse
844 2047 937 2075 fuisset
949 2058 1002 2086 pu-

260 2088 314 2117 silli
326 2096 352 2117 et
370 2089 468 2129 abjecti
481 2090 574 2118 animi.
590 2091 705 2129 Rursus,
723 2091 758 2120 ad
772 2092 960 2131 magistratum
975 2103 1002 2121 es

260 2134 392 2163 adductus
406 2143 517 2175 propter
531 2136 691 2175 negotium?
709 2137 807 2166 exhibe
821 2149 888 2176 quos
902 2149 951 2178 par
964 2144 1003 2167 est

260 2179 384 2209 honores.
401 2183 519 2219 Omnia,
546 2181 642 2220 inquit,
660 2193 724 2221 quae
744 2184 790 2212 hic
814 2191 893 2219 sunt,
918 2186 1003 2213 vobis

262 2227 467 2266 notasacienc.
483 2228 572 2263 Quam
585 2228 620 2257 ob
635 2239 743 2257 causam
755 2252 763 2266 ,
778 2229 877 2268 inquit,
893 2241 945 2259 non
967 2231 1004 2259 si-

1043 719 1089 745 τοῧ
1103 715 1129 744 δὲ
1151 715 1181 743 τὸ
1201 714 1304 752 σεμνόν.
1329 715 1361 743 Ei
1385 714 1436 752 γὰρ
1462 713 1550 752 ἰατρὸς
1574 714 1623 752 οὐχ
1637 713 1734 751 ὁμοίως
1747 718 1814 742 πᾶσι

1044 762 1174 801 χρήσεται
1195 765 1249 792 τοῖς
1272 760 1395 798 σώμασι,
1411 761 1502 798 πολλῷ
1526 761 1625 797 μᾶλλον
1647 759 1813 791 διδάσκαλος.

1045 807 1139 836 Καίτοι
1154 807 1252 844 μᾶλλον
1269 806 1298 833 ἂν
1317 805 1350 834 τὰ
1369 805 1481 840 σώματα
1498 805 1671 839 ἀκατάλληλα
1684 804 1814 844 φάρμακα

1046 853 1164 890 ἐνέγκοι,
1180 851 1196 885 ἢ
1212 851 1283 890 ψυχὴ
1303 850 1396 889 λόγον·
1414 847 1477 886 οἷον,
1491 850 1627 889 πρόσεισιν
1639 849 1754 885 ἽΞλλην,
1766 850 1812 878 καὶ

1044 897 1145 935 γίνεταί
1161 909 1201 925 σοι
1213 897 1301 935 φίλοςς
1313 895 1394 934 μηδὲν
1405 898 1475 935 αὐτῷ
1486 896 1546 932 περὶ
1554 895 1645 924 τούτου
1657 897 1812 934 διαλεχθῇς,

1046 942 1095 975 ἕως
1107 942 1137 970 ἂν
1153 943 1260 981 γένηται
1271 942 1340 971 πάνυ
1351 941 1424 980 φίλος
1434 953 1440 958 ·
1451 941 1496 970 καὶ
1507 941 1569 971 ὅταν
1579 941 1702 979 γένηται,
1714 940 1812 981 ἠρέμα.

1090 1632 1162 1671 νΟρα
1176 1632 1227 1672 γὰρ
1244 1632 1288 1661 καὶ
1303 1635 1316 1661 ὁ
1330 1633 1436 1666 Παῦλος
1446 1631 1526 1668 ἡνίκα
1540 1632 1576 1667 εἷς
1590 1631 1637 1666 τὰς
1650 1632 1758 1670 Ἀθήνας
1766 1644 1818 1664 πα·

1053 1678 1182 1717 ρεγένετο,
1202 1680 1260 1710 πῶς
1275 1679 1361 1711 αὐτοῖς
1379 1679 1518 1716 διελέγετο.
1545 1681 1603 1708 Οὔκ
1617 1675 1700 1716 εἶπεν,
1712 1675 1735 1709 ἵζ’»
1750 1693 1819 1719 μια-

1054 1724 1093 1764 ροὶ
1103 1724 1147 1752 καὶ
1161 1724 1327 1763 παμμίαροι,
1342 1724 1410 1752 ἀλλὰ
1422 1724 1461 1760 τί,
1475 1725 1581 1764 Ἄνδρες
1596 1725 1738 1762 Ἀθηναῖοι,
1750 1726 1821 1755 κατὰ

1017 1774 1035 1796 Β
1052 1771 1139 1799 πάντα
1159 1772 1194 1802 ὣς
1215 1770 1503 1808 δεισιδαιμονεστέρους
1524 1773 1594 1808 ὑμᾶς
1606 1773 1706 1810 θεωρῶ.
1733 1771 1820 1800 Πάλιν

1053 1816 1095 1845 ὅτε
1110 1815 1217 1855 ὑδρία-αι
1233 1817 1313 1854 ἐχρῆν
1323 1837 1331 1850 ,
1344 1816 1373 1843 οὗ
1389 1815 1579 1854 παρῃτήσατο·
1596 1816 1665 1845 ἀλλὰ
1679 1816 1748 1853 μετὰ
1761 1818 1823 1845 πολ-

1053 1863 1102 1896 λῆς
1121 1863 1168 1896 τ’ἧς
1192 1860 1367 1900 σφοδρότητος
1381 1860 1454 1898 ἔλεγε
1469 1863 1507 1900 τῷ
1521 1861 1642 1901 Ἐλύμᾳ,
1665 1861 1703 1890 Ὦ
1719 1862 1823 1900 πλήρης

1053 1906 1150 1939 παντὸς
1165 1906 1239 1935 δόλου
1259 1905 1304 1934 καὶ
1318 1906 1406 1940 πάσης
1421 1906 1603 1945 ῥᾳδιουργίας,
1629 1906 1668 1936 υἱὲ
1688 1907 1822 1943 διαὸόλου,

1053 1951 1129 1992 ἐχθρὲ
1141 1952 1229 1987 πάρ-ης
1242 1951 1416 1986 δικαιοσύνης.
1436 1950 1544 1990 ζὨσπερ
1557 1952 1608 1992 γὰρ
1620 1951 1733 1985 ἐκείνους
1746 1953 1823 1992 ὗὸρί-

1054 2011 1099 2028 σαι
1112 1998 1200 2031 ἀνοίας
1214 1993 1246 2032 ἦν
1255 2021 1263 2034 ,
1277 1997 1344 2026 οὕτω
1357 2001 1447 2027 τοῦτον
1462 1997 1498 2036 μὴ
1514 1998 1622 2038 ὑδρία-αι
1637 1998 1772 2037 μαλακίας
1781 1995 1823 2034 ἦν.

1054 2044 1161 2081 Πάλιν,
1182 2043 1309 2082 εἰσήχθης
1330 2043 1395 2082 πρὸς
1414 2044 1532 2082 ἄρχοντα
1557 2043 1601 2072 διὰ
1621 2049 1750 2082 πρᾶγμα;
1777 2044 1825 2077 τὰς

1054 2090 1240 2131 προσηκούσας
1260 2089 1403 2127 ἀπόνειμαι
1416 2089 1505 2128 τιμάς.
1526 2090 1622 2119 Πάντα
1641 2091 1719 2128 ὑμῖν,
1747 2090 1822 2129 φησὶ,

1054 2140 1194 2176 γνωριοῖῐσι
1209 2135 1242 2164 τὰ
1253 2131 1313 2164 ὧδε.
1333 2136 1385 2164 Διὰ
1400 2135 1426 2164 τί
1440 2135 1476 2174 μὴ
1491 2137 1643 2171 ῧσυνῆλθον,
1661 2135 1736 2175 φησί;
1749 2136 1786 2165 Τί
1797 2136 1826 2165 δέ

1055 2185 1128 2219 ἐστι,
1144 2182 1238 2212 Πάντα
1255 2185 1316 2220 ὑμῖν
1330 2184 1471 2221 γνωριόῠσι
1484 2181 1518 2210 τὰ
1534 2177 1600 2218 ὧδε;
1621 2181 1768 2216 Τουτέστι,
1791 2181 1826 2211 τὰ

1019 2238 1038 2261 c
1055 2228 1149 2267 δεσμὰ,
1163 2228 1208 2257 καὶ
1223 2228 1255 2257 τὰ
1271 2228 1339 2257 ἄλλα
1351 2226 1438 2256 πάντα
1449 2226 1483 2255 τὰ
1494 2226 1643 2266 κατέχοντά
1657 2239 1699 2265 με.
1722 2227 1783 2256 Οὗκ
1794 2226 1825 2256 ἂν

262 2272 319 2300 mul
332 2273 543 2309 venerim.Quid
555 2280 594 2302 est
605 2281 705 2312 autem,
717 2276 825 2304 Omnia
837 2278 922 2305 vobis
935 2283 1005 2306 nola
1055 2272 1099 2304 οῧν
1115 2278 1129 2304 ὁ
1143 2274 1353 2315 προσευχόμενος
1365 2273 1457 2306 αὐτοὺς
1472 2274 1545 2310 ἰδεῖν,
1560 2275 1576 2302 ὁ
1586 2273 1632 2302 καὶ
1645 2273 1749 2313 ἑτέρους
1760 2275 1827 2303 ἀπο·

253 2318 373 2355 sacient
385 2321 398 2345 Ρ
414 2318 472 2347 Hoc
485 2326 536 2357 est,
552 2319 672 2357 vincula,
682 2326 707 2348 et
719 2320 771 2348 alia
787 2321 877 2350 omnia
891 2332 950 2360 quae
963 2333 1005 2351 me
1057 2323 1171 2351 στέλλων
1184 2343 1192 2357 ,
1208 2321 1283 2353 αὐτὸς
1298 2320 1440 2359 ὑστέρησα,
1455 2319 1492 2358 μὴ
1515 2319 1631 2358 μεγάλης
1647 2331 1680 2358 με
1693 2319 1826 2358 κατεχού-

295 2429 305 2440 ”
322 2423 366 2454 [Β-
387 2428 499 2453 ‘mma-zv.
519 2424 596 2450 Panto
614 2432 671 2450 ante
689 2431 720 2452 τά
743 2435 773 2451 ex
795 2426 878 2452 codd.
899 2433 925 2452 et
941 2427 1020 2454 savit.
1071 2435 1152 2460 marg.
1174 2425 1252 2452 Savil.
1287 2430 1460 2460 ἀπανθρωπίας,
1484 2424 1554 2458 quod
1573 2423 1640 2449 unde
1663 2429 1748 2448 ortum
1777 2424 1825 2454 sit,

262 2460 418 2486 inseruimus.
441 2463 522 2494 Supra
542 2466 571 2490 Β.
592 2469 707 2496 ἀπένειμε.
728 2467 758 2490 Α.
781 2470 889 2498 ἀπὸμενε.
905 2467 938 2490 Et
955 2475 1023 2498 prae-
1072 2468 1162 2499 cuique
1185 2465 1278 2498 patet]

262 2505 313 2523 stat
334 2501 443 2525 activum
461 2502 552 2528 medio.
573 2504 654 2528 Media
675 2503 721 2528 sub
744 2504 814 2529 litera
834 2506 862 2529 B.
882 2514 928 2537 pro
946 2510 1021 2534 ἀνοίας
