1893 2860
424 149 456 170 lx
491 147 599 170 EPlsT.
629 146 674 168 AD
702 145 836 168 COLOSS.

40 217 134 244 τοῦντα
149 214 270 253 εὔχεσθαι
294 212 363 242 κατὰ
387 212 507 251 καρδίαν,
519 212 564 240 καὶ
586 212 640 240 ἅνω
666 205 741 239 εἶναι.
757 210 810 239 Καὶ

40 264 92 287 πᾶν
104 258 120 287 ὁ’
132 270 157 286 τι
169 258 199 286 ἂν
212 259 317 292 ποιῆτε,
334 256 422 296 φησὶν,
432 257 459 284 ἓν
473 255 558 294 λόγῳ,
571 255 588 290 ἢ
603 257 629 284 ἐν
642 255 710 294 ἔργῳ
719 277 726 290 ,
740 255 808 284 ποίν-

39 316 73 333 τα
88 305 114 333 ἐν
126 304 237 342 ὀνόματι
248 305 292 332 τοῦ
308 302 407 341 Κυρίου
422 304 498 339 ἡμῶν
514 303 601 337 ἸησοῦΙ
614 303 729 340 Χριστοῦ
739 324 746 337 ‚
766 302 808 330 εῦ-

39 353 223 389 χαριστοῦντες
242 351 279 387 τῷ
296 350 357 388 Θεῷ
369 348 414 376 καὶ
426 347 513 386 Πατρὶ
526 348 559 376 δι’
575 349 662 376 αὐτοῦ.
680 347 744 376 Ἱὲὰν
760 347 811 387 γὰρ

40 395 107 424 οὕτω
118 397 246 433 ποιῶμεν,
262 394 333 423 οὐδὲν
354 393 428 422 ἔσται
445 393 548 431 μιαρὸν,
566 392 638 422 οὐδὲν
651 393 810 431 ἀκάθαρτον,

41 441 102 470 ἔνθα
117 440 148 469 ἂν
165 443 178 469 ὁ
194 440 308 479 Χριστὸς
328 442 452 474 καλῆται.
467 439 531 468 Ἐὰν
544 439 645 478 ἐσθίῃς,
661 439 705 468 ἐὰν
720 438 809 477 πίνῃς,

41 489 86 518 ἐὰν
111 491 215 528 γαμῇς,
232 488 276 517 ἐὰν
306 489 460 526 ἀποδημῇς,
482 487 570 516 πάντα
591 489 616 515 ἐν
640 486 750 524 ὀνόματι
765 488 810 514 τοῦ

41 536 111 563 Θεοῦ
142 540 242 573 πρᾶττε
251 547 256 552 ·
282 535 415 564 τουτέστιν
424 557 431 569 ,
463 533 541 562 αὐτὸν
576 533 663 561 καλῶν
696 532 790 570 βοηθόν
803 543 810 550 ·

41 579 85 608 ἐπὶ
111 580 217 609 πάντων
242 580 368 620 πρότερον
384 581 454 618 αὐτῷ
482 578 619 616 εὐχόμενος
629 600 637 614 ,
652 577 736 605 ἅπτου
759 579 811 605 τῶν

41 626 215 664 πραγμάτιον.
242 626 334 655 Βούλει
364 638 390 654 τι
423 624 581 663 φθέγξασθαι
595 634 602 657 ;
634 625 710 650 τοῦτο
743 622 809 660 πρό-

41 683 131 700 τασσε.
157 672 222 701 “Διὰ
241 674 317 701 τοῦτο
342 671 387 700 καὶ
407 673 482 706 ἡμεῖς
507 670 558 696 τῶν
577 669 722 696 ἐπιστολῶν
745 679 810 705 προ-

42 717 173 755 τάσσομεν
201 718 231 746 τὸ
256 718 339 754 ὄνομα
361 716 467 756 Κυρίου.
481 713 566 744 Ἔνθα
583 713 613 741 ἂν
639 709 656 751 ᾖ
681 713 712 742 τὸ
726 715 810 751 ὄνομα

42 764 140 801 Κυρίου
152 786 159 798 ,
186 763 272 791 πάντα
298 762 382 790 αἴσια.
419 762 453 790 Εἰ
481 759 533 800 γὰρ
558 759 664 788 ὑπάτων
693 758 810 796 ὀνόματα

41 810 146 847 ἀσφαλῆ
169 807 202 836 τὰ
224 812 394 846 γραμματεῖα
415 810 496 842 ποιεῖ,
520 807 611 845 πολλῷ
637 807 737 843 μᾶλλον
764 807 809 834 τοῦ

41 855 157 894 Χριστοῦ
169 854 198 882 τὸ
213 854 305 892 ὄνομα.
322 851 359 882 Ἣ
374 853 450 882 τοῦτό
466 864 546 892 φησι,
559 852 628 880 κατὰ
641 852 708 881 Θεὸν
723 853 810 881 πάντα

41 900 86 928 καὶ
106 899 211 939 λέγετε,
233 900 277 928 καὶ
292 899 436 938 πράττετε·
459 898 496 937 μὴ
507 898 566 930 τοὺς
579 898 705 937 ἀγγέλους
722 900 811 928 ε’πεισ-

43 946 128 985 άγετε.
138 945 266 982 Ἐσθίεις;
284 944 474 984 εὐχαρίστησον
484 946 522 984 τῷ
534 946 596 984 Θεῷ
607 967 614 981 ‚
635 945 679 973 καὶ
695 944 808 983 μέλλων,

42 992 87 1021 καὶ
110 991 177 1029 μετὰ
188 994 279 1020 ταῦτα.
293 991 448 1027 Καθεύδεις;
473 991 663 1029 εὐχαρίστησον
679 994 716 1031 τῷ
731 993 793 1030 Θεῷ
804 1014 811 1028 ,

43 1038 88 1067 καὶ
102 1037 217 1076 μέλλων,
231 1038 275 1066 καὶ
291 1037 358 1076 μετὰ
371 1041 468 1066 ταῦτα.
486 1038 533 1069 Εἷς
545 1037 642 1076 ἀγορὰν
656 1038 812 1075 ἒμὸάλλεις;

42 1084 136 1112 ταύτὸν
153 1083 234 1112 ποίει·
250 1084 331 1121 μηδὲν
344 1083 480 1122 κοσμικὸν,
498 1083 580 1121 μηδὲν
595 1084 717 1121 βιωτικόν
727 1095 733 1101 ·
746 1085 813 1113 πάν-

42 1141 76 1158 τα
93 1131 119 1158 ἐν
133 1129 241 1167 ὀνόματι
253 1129 350 1169 Κυρίου
363 1129 450 1165 ποίει,
463 1129 507 1158 καὶ
523 1129 611 1158 πάντα
622 1142 662 1158 σοι
677 1131 812 1166 εὐοδωθή-

43 1188 126 1205 σεται.
137 1175 225 1204 ”Οπου
237 1175 267 1204 ἂν
281 1177 388 1214 ἐπιτεθῇ
404 1176 433 1204 τὸ
445 1176 527 1214 ὄνομα
548 1179 593 1205 τοῦ
617 1178 687 1205 Θεοῦ
696 1199 703 1211 ,
725 1177 812 1206 πάντα

45 1222 126 1251 αἴσια.
149 1222 184 1251 Εἴ
207 1221 332 1260 δαίμονας
355 1221 494 1255 ἐκὸοίλλει,
511 1223 534 1250 εἰ
549 1222 639 1254 νόσους
652 1223 812 1259 ἀπελαύνει,

43 1269 134 1306 πολλῷ
149 1268 248 1306 μᾶλλον
265 1267 384 1296 εὐκολίαν
400 1268 565 1306 πραγμάτων
589 1268 704 1303 ποιήσει.
720 1269 773 1297 Καὶ
788 1269 813 1297 τί

44 1314 100 1341 ἐστι
116 1314 226 1347 ποιῆσαι
240 1314 265 1341 ἐν
281 1312 368 1352 λόγῳ,
396 1312 413 1347 ἢ
431 1315 456 1342 ἐν
473 1314 558 1353 ἔργῳ,
575 1312 612 1342 Ἢ
634 1313 756 1347 ἀξιοῦντα
767 1338 774 1350 ‚
795 1314 812 1349 ἢ

44 1361 127 1388 ὁτιοῦν
144 1362 277 1388 ποιοῦντα.
292 1358 414 1388 Ἄκουσον
432 1361 488 1393 πῶς
500 1362 513 1388 ὃ
528 1359 648 1399 Ἀέραὰμ
662 1361 688 1388 ἐν
703 1361 813 1399 ὀνόματι

44 1406 113 1434 Θεοῦ
124 1405 166 1434 τὸν
181 1405 283 1440 οἰκέτην
295 1405 457 1441 ἀπέστειλεν,
470 1409 483 1435 ὁ
493 1406 574 1434 Annuit?
583 1408 608 1434 ἐν
624 1406 732 1443 ὀνόματι
743 1409 813 1436 Θεοῦ

44 1450 87 1479 τὸν
105 1451 201 1480 Γολιὰθ
215 1452 328 1480 καθεῖλε.
343 1452 506 1490 Θαυμαστὸν
520 1452 550 1480 τὸ
565 1452 646 1490 ὄνομα
673 1454 751 1481 αὐτοῦ
768 1454 813 1482 καὶ

45 1496 124 1534 μέγα.
143 1496 228 1526 Πάλιν
245 1500 259 1526 ὁ
273 1496 371 1526 Ἰακὼὸ
385 1497 444 1530 τοὺς
458 1497 526 1530 υἱοὺς
540 1498 664 1536 πέμπων,
685 1499 749 1538 φησί
761 1511 766 1516 ·
779 1499 812 1528 Ὀ

46 1541 73 1571 δὲ
89 1541 155 1575 Θεός
171 1555 219 1580 μου
233 1543 287 1582 δῴη
301 1545 362 1581 ὑμῖν
385 1543 462 1583 χάριν
477 1544 588 1572 ἐνώπιον
603 1547 648 1573 τοῦ
664 1545 811 1583 ἀνθρώπου.

45 1587 79 1616 Ὁ
102 1587 153 1627 γὰρ
179 1591 256 1617 τοῦτο
279 1591 371 1624 ποιῶν,
393 1589 448 1628 ἔχει
469 1589 608 1629 σύμμαχον
632 1590 676 1619 τὸν
688 1591 766 1626 Θεὸν,
784 1587 813 1620 οῦ

44 1634 125 1674 χωρὶς
139 1634 211 1664 οὐδὲν
225 1634 354 1673 ἐτόλμησε
368 1637 487 1670 ποιῆσαι.
505 1635 567 1664 ‘'A-re
580 1632 622 1665 οῦν
636 1637 756 1674 τιμηθεὶς
776 1639 813 1676 τῷ

45 1681 187 1716 κληθῆναι,
204 1681 369 1718 ἀντιτιμήσει
381 1683 418 1720 τῷ
433 1681 603 1720 ἐξευμαρίσαι
615 1681 648 1711 τὰ
657 1682 813 1721 πράγματα.

45 1726 127 1755 Κάλει
140 1727 183 1754 τὸν
198 1727 272 1762 Υῖὸν,
285 1726 436 1766 εὐχαρίστει
459 1729 497 1766 τῷ
517 1728 617 1767 Πατρί.
634 1729 687 1758 Καὶ
704 1729 754 1768 γὰρ
767 1731 812 1758 τοῦ

45 1771 109 1801 Υίοῦ
124 1772 283 1810 καλουμένου
298 1774 311 1800 ὁ
323 1772 419 1811 Πατὴρ
430 1774 564 1810 καλεῖται,
578 1773 623 1802 καὶ
642 1776 721 1803 αὐτοῦ
734 1777 812 1814 εὐγα-

45 1817 210 1856 ριστουμένου
225 1819 238 1846 ὃ
250 1817 311 1851 Υἱὸς
325 1820 528 1858 εὐχαριστεῑται.
553 1821 647 1848 Ταῦτα
670 1810 811 1858 μανθάνω-

45 1874 91 1900 μεν
112 1863 148 1901 μὴ
163 1863 242 1903 μέχρι
260 1864 400 1903 ῥημάτων,
427 1864 495 1893 ἀλλὰ
519 1865 565 1894 καὶ
589 1866 633 1894 διὰ
655 1868 707 1895 τῶν
727 1867 810 1906 ἔργων

43 1909 170 1947 πληροῦν.
192 1909 276 1938 Οὐδὲν
297 1913 341 1938 τοῦ
366 1910 494 1947 ὀνόματος
519 1910 611 1939 τούτου
635 1912 690 1940 ἴσον
703 1924 709 1930 ·
735 1915 812 1942 τοῦτο

44 1957 180 1992 πανταχοῦ
190 1954 335 1992 θαυμάσιον
347 1966 353 1972 ·
366 1955 464 1993 Μόρον,
475 1956 566 1994 φησὶν,
579 1957 718 1987 ἐκκενωθὲν
730 1959 812 1996 ὄνομα

46 2009 100 2027 σου.
115 1998 149 2027 ‘0
169 2001 246 2027 τοῦτο
261 1999 341 2027 εἰπὼν
357 2000 448 2032 εὐθέως
463 2000 570 2033 εὐωδίας
585 2002 741 2038 ἐνεπλήσθη.
756 2006 811 2033 Οὐ-

45 2045 97 2077 δεὶς
111 2044 219 2072 δύναται
236 2046 318 2073 εἰπεῖν
330 2044 423 2083 Κύριον
439 2045 550 2081 Ἰησοῦν,
567 2047 655 2085 φησὶν,
670 2049 693 2076 εἷ
720 2049 756 2086 μὴ
785 2051 811 2078 ἐν

45 2090 183 2128 Πνεύματι
203 2091 278 2130 ἁγίῳ.
293 2092 380 2119 Τοῦτο
394 2091 424 2119 τὸ
437 2092 520 2129 ὄνομα
536 2096 650 2121 τοσαῦτα
665 2095 811 2133 ἐργάζεται.

45 2136 110 2165 Ἐὰν
131 2137 206 2175 εἴπῃς
216 2159 223 2171 ,
238 2137 284 2165 Ἐν
297 2138 405 2175 ὀνόματι
417 2138 521 2176 Πατρὸς
535 2139 579 2167 καὶ
600 2140 664 2168 Υἳοῦ
679 2141 724 2168 καὶ
739 2141 812 2178 ἁγίου

45 2183 200 2220 Πνεύματος
209 2206 216 2218 ,
227 2183 294 2220 μετὰ
308 2183 420 2216 πίστεως
428 2207 435 2220 ,
446 2184 532 2213 πάντα
546 2186 651 2220 ἤνυσας.
662 2186 732 2225 ”Ορα
744 2187 814 2216 πόσα

44 2228 182 2263 ἐποίησας·
198 2229 405 2269 ἐδημιούργησας
416 2230 562 2269 ἄνθρωπον,
571 2231 615 2259 καὶ
630 2232 713 2260 τᾶλλα
727 2233 813 2261 πάντα

45 2275 97 2302 ἀπὸ
108 2278 152 2303 τοῦ
163 2275 346 2313 βαπτίσματος
359 2275 481 2314 εἰργάσω.
497 2275 576 2305 Οὕτω
588 2281 645 2310 ταῖς
657 2277 740 2310 νόσοις
757 2279 814 2307 ἐπι-

44 2324 204 2363 τασσόμενον
220 2325 328 2364 φοὸερὸν
344 2326 373 2355 τὸ
385 2326 474 2364 ὄνομα.
500 2326 551 2355 Διὰ
568 2330 652 2356 ταῦτα
666 2330 679 2356 ὃ
694 2329 814 2362 &offlam

45 2374 79 2403 τὰ
94 2376 145 2403 τῶν
158 2375 276 2414 ἀγγέλων
289 2376 447 2415 ἐπεισήγαγε
457 2398 464 2412 ,
476 2377 626 2415 βασκαίνων
641 2381 704 2416 ἡμῖν
717 2382 763 2415 ri<
774 2393 813 2409 τι-
832 2389 848 2412 F

81 2477 92 2488 ⁸
109 2470 148 2501 [A.
159 2475 180 2495 el
194 2479 272 2503 marg.
285 2470 362 2496 Saxi).
381 2473 418 2497 διὰ
434 2476 500 2498 τοῦτο
517 2477 554 2499 καὶ
566 2477 655 2503 Παῦλος
664 2482 708 2500 τῶν
723 2478 803 2502 ἑαυτοῦ

49 2510 168 2535 ἐπιττολῶν
180 2515 299 2543 προτάσσει
318 2515 385 2536 τοῦτο
405 2515 431 2536 τὸ
450 2515 534 2544 ὄνομα,
554 2515 614 2541 εἰδὼς
632 2517 665 2539 ὅτι
678 2517 729 2540 ἔνθα
743 2519 801 2544 inff-

866 146 943 168 CAP.
974 145 1020 168 111.
1044 145 1161 167 nomn„
1193 145 1239 167 [N.
1533 144 1601 173 41¹)

860 209 944 238 ditur.
963 209 1023 238 Non
1039 209 1074 238 ad
1087 208 1288 238 ostentationem
1301 230 1308 243 ,
1327 207 1423 245 inquit.
1442 206 1553 235 Etiamsi
1568 207 1604 234 sis

861 256 888 284 in
903 256 976 290 soro,
993 262 1067 294 potes
1089 255 1202 294 teipsum
1218 261 1385 289 convertere,
1402 260 1427 282 et
1441 253 1498 281 Deo
1513 262 1606 281 cauere

862 302 967 330 nemine
982 301 1114 330 audiente.
1129 302 1198 330 Nam
1209 301 1247 329 sic
1262 310 1368 338 quoque
1382 299 1476 328 orabat
1488 299 1606 337 Moyses,

861 352 885 374 et
908 346 959 375 fuit
977 346 1105 375 auditus:
1130 345 1196 374 dicit
1215 345 1303 381 enim,
1322 345 1399 382 Quid
1420 344 1460 372 ad
1485 353 1529 371 me
1542 343 1604 371 cla-

862 395 949 420 mas?
969 391 1049 429 Atqui
1063 391 1130 420 nihil
1152 391 1257 419 dicebat
1269 413 1278 425 ,
1300 390 1346 418 sed
1367 396 1455 418 mente
1473 388 1606 417 clamabat

862 449 921 467 cuin
937 439 1016 467 corde
1037 439 1150 467 contrito
1169 450 1174 465 :
1192 438 1365 476 quamobrem
1383 438 1455 465 Deus
1468 436 1541 464 solus
1554 446 1605 464 ex-

861 484 957 512 audiit.
981 484 1056 512 Nihil
1075 484 1147 512 enim
1170 490 1241 512 vetat
1261 483 1405 521 quominus
1425 489 1449 510 et
1464 481 1605 510 ambulans

863 529 942 558 corde
955 536 1027 566 oret,
1051 536 1076 557 et
1099 540 1205 557 sursum
1223 529 1266 557 sit.
1289 531 1382 557 Omne
1403 528 1606 566 quodcumque

859 579 974 616 facitis,
1000 577 1103 614 inquit,
1126 579 1157 604 in
1173 578 1262 603 verbo
1277 582 1328 603 aut
1344 578 1375 603 in
1390 586 1490 614 opere,
1506 577 1606 602 omnia

858 625 953 662 facite
963 625 994 650 ιἰι
1010 625 1126 650 nomine
1138 622 1259 649 Domini
1271 622 1343 648 Jesu
1356 621 1482 656 Christi,
1493 622 1607 658 gratias

862 675 980 708 agentes
994 669 1058 696 Deo
1072 674 1098 695 et
1111 667 1197 695 Patri
1208 677 1260 705 per
1274 668 1378 704 ipsum.
1392 666 1461 694 Nam
1475 665 1497 692 si
1511 665 1549 693 sic
1564 666 1607 693 sa-

861 715 979 749 ciamus,
1002 713 1071 742 nihil
1086 713 1135 741 erit
1155 713 1309 748 scelestum,
1323 711 1393 739 nihil
1412 710 1583 739 immundum
1597 733 1605 748 ,

862 759 909 787 ubi
924 758 1048 787 Christus
1062 757 1214 786 invocatur.
1229 756 1259 785 Si
1280 754 1419 795 comedas,
1437 755 1458 783 si
1477 754 1570 790 bibas,
1584 754 1607 782 si

863 814 975 832 uxorem
985 803 1078 840 ducas,
1094 802 1116 830 si
1132 811 1244 840 peregre
1257 799 1447 839 proficiscaris,
1461 799 1488 827 in
1501 798 1609 827 nomine

862 850 913 879 Dei
933 851 974 878 fac
988 849 1157 886 omnia5110c
1178 854 1230 883 est,
1245 856 1307 875 eum
1324 856 1421 875 vocans
1435 844 1586 884 adjutorem
1602 856 1608 871 :

863 897 889 926 in
905 896 1030 925 omnibus
1045 906 1105 924 eum
1125 895 1201 934 prius
1217 904 1309 930 orans,
1332 903 1373 921 res
1388 891 1541 930 aggredere.
1558 891 1610 920 Vis

863 943 968 982 aliquid
981 942 1080 981 loqui?
1097 942 1146 970 hoc
1162 951 1296 981 praepone.
1314 939 1349 968 Et
1366 938 1425 967 ideo
1441 949 1489 967 nos
1504 948 1611 976 quoque

864 991 891 1020 in
904 990 1023 1030 epistolis
1038 1000 1134 1019 nomen
1148 987 1256 1017 Domini
1271 986 1464 1026 praeponimus.
1481 985 1537 1014 Ubi
1552 985 1609 1013 fue-

864 1038 899 1067 rit
915 1048 1010 1066 nomen
1031 1035 1161 1074 Domini,
1178 1034 1266 1063 omnia
1283 1040 1345 1061 sunt
1366 1032 1453 1060 fausta
1469 1038 1494 1060 et
1509 1031 1607 1059 felicia.

865 1087 935 1114 Nam
955 1085 977 1113 si
993 1083 1140 1112 Consulum
1156 1081 1264 1110 nomina
1279 1079 1399 1109 efficiunt
1413 1085 1444 1107 ut
1458 1079 1570 1106 firmata:
1585 1085 1610 1106 et

865 1133 962 1162 validm
974 1132 1027 1160 sint
1043 1131 1148 1160 tabellae
1159 1152 1167 1167 ‚
1184 1128 1270 1157 multo
1285 1127 1372 1165 magis
1388 1137 1483 1155 nomen
1499 1125 1610 1154 Christi.

866 1180 921 1205 Aut
935 1177 985 1205 hoc
999 1176 1082 1211 dicit,
1099 1173 1254 1204 Secundum
1273 1173 1362 1200 Deum
1377 1170 1466 1199 omnia
1479 1176 1503 1198 et
1519 1169 1611 1205 dicite,

866 1231 890 1251 et
909 1224 980 1262 agite
1003 1235 1009 1250 :
1030 1222 1112 1250 nolite
1131 1220 1240 1259 angelos
1260 1216 1437 1247 introducere.
1462 1215 1611 1244 Comedis?

867 1272 923 1299 Deo
946 1280 995 1309 age
1019 1269 1131 1308 gratias,
1155 1274 1180 1295 ct
1200 1265 1294 1294 itidem
1314 1270 1405 1303 postea
1428 1262 1456 1291 id
1481 1263 1609 1290 facturus.

866 1317 976 1345 Dormis
990 1317 1002 1345 ἶ)
1027 1326 1076 1355 age
1090 1314 1202 1353 gratim,
1223 1319 1248 1341 et
1267 1311 1361 1339 itidem
1375 1316 1465 1350 postea
1481 1308 1550 1338 idem
1565 1309 1609 1336 sa-

866 1369 966 1391 cturus.
990 1361 1078 1391 Vadis
1091 1361 1124 1388 ad
1140 1358 1252 1387 forum?
1267 1358 1308 1385 fac
1322 1356 1413 1393 idem,
1434 1355 1504 1383 nihil
1526 1365 1608 1382 mun-

865 1409 984 1444 danum,
1008 1407 1078 1436 nihil
1099 1405 1171 1444 quod
1188 1404 1222 1433 ad
1246 1404 1330 1432 vitam
1353 1408 1509 1442 praesentem
1525 1401 1610 1440 perti-

866 1461 934 1483 neat.
952 1455 1004 1482 Fac
1015 1452 1104 1481 onmia
1120 1451 1147 1479 in
1160 1449 1267 1479 nomine
1281 1447 1410 1483 Domini,
1423 1453 1448 1475 et
1458 1447 1547 1474 omnia
1561 1445 1609 1474 tibi

866 1507 936 1529 recte
956 1498 1106 1528 succedent.
1128 1496 1299 1533 Ubicumque
1322 1493 1439 1533 positum
1460 1492 1539 1520 suerit
1560 1490 1612 1519 Dei

866 1557 961 1576 nomen
971 1569 979 1583 ,
996 1545 1085 1574 omnia
1100 1550 1161 1572 sunt
1175 1543 1260 1571 fausta
1275 1549 1300 1569 et
1310 1540 1408 1569 felicia.
1429 1539 1458 1568 Si
1475 1538 1611 1567 daemones

866 1594 994 1634 expellit,
1006 1594 1027 1621 si
1044 1590 1152 1620 morbos
1164 1588 1315 1629 propulsat,
1333 1586 1418 1615 multo
1434 1586 1520 1624 magis
1532 1585 1612 1614 rebus

866 1643 943 1670 affert
962 1640 1125 1669 facilitatem.
1141 1638 1216 1675 Quid
1240 1643 1296 1673 est,
1318 1635 1416 1663 Facere
1431 1634 1456 1662 in
1472 1633 1555 1662 rerbo
1566 1640 1613 1661 aut

867 1689 894 1717 in
911 1687 1013 1728 opere?
1031 1686 1083 1716 Vel
1097 1691 1239 1714 exeuntem
1251 1707 1260 1722 ,
1276 1682 1320 1712 vel
1334 1681 1444 1720 quidvis
1458 1681 1612 1709 facientem.

869 1735 939 1764 Audi
955 1732 1090 1773 quomodo
1111 1731 1248 1761 Abraham
1269 1728 1402 1758 famulum
1419 1737 1497 1755 suum
1521 1726 1548 1754 in
1563 1737 1611 1754 no-

866 1782 938 1811 mine
958 1780 1008 1809 Dei
1025 1779 1098 1808 misit
1118 1791 1124 1805 :
1145 1776 1237 1807 David
1259 1776 1286 1804 in
1302 1774 1409 1803 nominc
1424 1773 1474 1802 Dei
1497 1772 1610 1802 Goliath

865 1826 1010 1857 interemit.
1025 1823 1195 1854 Admirabile
1204 1829 1242 1850 est
1258 1832 1353 1850 nomen
1365 1820 1423 1858 ejus
1437 1826 1461 1848 et
1471 1829 1608 1857 magnum.

865 1875 901 1903 Et
913 1883 1005 1902 rursus
1018 1871 1102 1901 Jacob
1117 1869 1188 1898 filios
1200 1879 1262 1897 suos
1277 1867 1385 1896 mittens
1396 1888 1404 1903 ‚
1421 1866 1487 1893 dicit
1505 1878 1510 1893 z
1528 1866 1609 1893 Deus
1623 1882 1765 1913 Gen.43.=1.

865 1927 964 1950 antem
981 1927 1060 1946 meus
1072 1917 1119 1944 det
1130 1917 1214 1943 vobis
1227 1915 1354 1953 gratiam
1370 1922 1469 1940 coram
1482 1912 1608 1939 homine.

830 1970 848 1992 Ε
860 1968 930 1996 Nam
945 1964 992 2003 qui
1006 1964 1058 1991 hoc
1072 1961 1155 1998 facit,
1168 1961 1258 1988 Deum
1273 1958 1355 1987 habet
1369 1957 1519 1996 adjutorem
1530 1979 1538 1993 ‚
1553 1957 1610 1985 sine

865 2023 919 2051 quo
933 2010 1003 2040 nihil
1017 2018 1098 2037 ausus
1110 2014 1149 2035 est
1160 2007 1253 2034 facere.
1268 2005 1368 2043 Utpote
1382 2013 1444 2041 ergo
1455 2002 1610 2036 honoratus,

866 2069 927 2087 cum
950 2057 1001 2085 suit
1016 2055 1168 2088 invocatus,
1182 2050 1303 2080 vicissim
1315 2049 1456 2078 honorabit
1476 2049 1556 2077 rebus
1569 2049 1611 2076 as-

866 2105 952 2133 serens
973 2101 1140 2131 facilitatem.
1166 2099 1265 2126 Invoco
1291 2097 1391 2125 Filium
1406 2119 1412 2130 ,
1438 2095 1537 2134 gratias
1562 2106 1611 2134 age

867 2150 949 2179 Patri.
966 2149 1033 2177 Nam
1048 2146 1114 2174 dum
1138 2144 1277 2173 invocatur
1299 2142 1386 2170 Filius
1398 2164 1406 2176 ‚
1430 2142 1572 2172 invocatur
1586 2148 1611 2169 et

868 2197 961 2233 Pater5
978 2201 1003 2223 et
1025 2193 1091 2221 dum
1105 2191 1127 2220 ei
1144 2197 1261 2229 aguntur
1276 2189 1368 2228 gratim
1379 2212 1387 2224 ,
1414 2188 1484 2216 Filio
1505 2198 1611 2226 quoque

867 2242 959 2281 gratiae
981 2245 1105 2278 aguntur⁴
1123 2237 1185 2265 Haec
1199 2235 1335 2264 discamus
1355 2245 1406 2263 non
1422 2234 1502 2262 verbo
1518 2240 1610 2270 tenus,

867 2288 913 2317 sed
934 2297 982 2326 per
1005 2286 1074 2313 saeta
1096 2282 1217 2322 implere.
1241 2281 1312 2309 Huic
1325 2280 1426 2309 nomini
1444 2280 1511 2308 nihil
1525 2287 1611 2319 potest

867 2330 1027 2372 aequiparari
1052 2342 1058 2357 :
1078 2329 1128 2357 hoc
1150 2328 1248 2366 ubique
1270 2334 1309 2356 est
1331 2325 1492 2355 admirabile
1513 2337 1519 2353 ε

867 2385 1020 2419 guentam,
1034 2376 1140 2415 inquit,
1165 2375 1296 2415 effusum
1317 2383 1421 2402 nomen
1443 2379 1532 2402 tuum.
1554 2372 1609 2408 Qui

852 2475 930 2501 Paulo
941 2480 998 2499 ante
1012 2473 1086 2499 Snvil.
1102 2476 1180 2498 τοῦτον
1193 2470 1326 2505 πράττετε]

1547 2327 1606 2354 bn*
1622 2342 1689 2363 Cant.
1705 2347 1724 2364 1.
1739 2347 1761 2362 2.
