1893 2860
101 525 202 553 Philus-p.
221 531 239 546 Ι.

102 562 139 576 21-

102 617 168 638 Psal.
189 623 239 645 ¹¹7·

104 648 137 669 15.

258 173 326 217 (375
588 181 615 203 s.
646 180 784 203 somnis
811 182 991 205 CHRYSOST.

256 261 306 279 non
328 249 428 287 aliquid
448 248 552 283 simile:
570 247 615 275 sed
631 246 709 286 plena
724 247 812 275 omnia
827 248 992 277 orationibus

253 303 325 327 sunt,
349 294 467 333 hymnis,
491 292 626 331 spirituali
649 292 793 330 fragrantia
815 304 821 321 ε
843 293 912 321 nihil
935 293 992 322 illic

253 341 366 369 carnale.
397 340 501 367 Furum
529 338 694 366 incursiones
715 348 767 367 non
790 338 901 375 timent;
923 339 992 368 nihil

253 386 322 414 roim
342 385 440 413 habent
462 383 534 422 quod
553 383 703 423 periculum
722 384 814 412 subeat
834 396 840 412 :
861 395 914 413 non
931 392 993 414 sunt

252 431 377 471 pecuniae,
402 429 448 459 sed
473 440 568 468 corpus
588 429 677 458 solum
697 436 722 458 et
742 429 831 458 anima
855 442 861 458 :
880 431 902 459 si
925 431 994 460 hanc

251 478 382 511 auferant,
396 486 448 505 non
466 475 608 512 damnum,
630 474 677 504 sed
697 475 805 504 lucrum
824 476 971 505 intulerunt
986 489 992 504 :

252 527 330 554 Mihi
345 527 420 554 enirn
438 527 538 552 vivere
550 524 683 552 Christus
694 530 754 561 est,
764 523 862 562 inquit,
877 531 905 554 et
920 527 994 553 mori

253 573 375 601 lucrum.
391 570 525 600 Omnibus
540 569 581 598 illi
595 579 623 598 se
636 568 752 599 vinculis
762 570 909 600 solverunt.
922 572 994 601 Vere

255 619 316 648 Vox
331 618 539 647 exsultationis
552 618 584 644 in
595 617 794 645 tabernaculis
802 619 960 656 justorum.

293 665 321 693 5.
332 664 392 692 Non
407 661 462 690 illic
472 661 590 689 ululatus
604 671 731 699 umquam
744 660 863 695 auditur,
878 671 930 690 non
945 672 992 701 ge·
1011 665 1029 688 E

251 710 334 739 mitus
351 722 356 737 :
377 709 419 738 his
442 707 572 738 molestiis
591 719 708 737 vacuum
729 714 767 736 est
787 714 887 737 tectum
914 709 992 745 illud,

251 756 312 785 talis
331 755 455 784 clamoris
473 764 579 793 expers.
595 754 751 783 Moriuntur
770 754 850 783 etiam
871 755 899 783 in
919 755 989 787 illis;

251 812 335 840 neque
344 802 415 830 enim
429 811 539 840 corpore
550 800 714 830 immortales
725 807 804 838 sunt;
821 801 866 830 sed
879 808 991 830 mortem

250 857 302 875 non
318 856 366 887 pro
381 854 465 876 morte
477 846 585 875 habent.
605 846 660 875 Eos
676 844 722 884 qui
741 844 910 874 decesserunt
929 856 990 874 eum

251 891 360 930 hymnis
379 891 492 919 efferunt
509 902 515 917 :
533 890 562 918 id
579 899 644 919 vero
663 898 715 917 non
733 889 873 918 elationem
887 890 926 918 illi
938 901 989 920 vo-

250 943 331 973 cant,
348 936 393 965 sed
416 947 604 975 propompam.
624 935 654 964 Si
676 929 828 964 nuntiatum
849 936 930 964 suerit
946 943 990 964 ta-

251 982 302 1010 lem
317 983 359 1011 vel
373 983 453 1011 talem
470 993 525 1012 esse
536 989 684 1018 mortuum,
699 992 826 1021 magnum
839 981 969 1021 gaudium
979 1005 988 1020 ,

250 1038 346 1067 magna
360 1029 487 1067 voluptas
502 1028 575 1057 adest
583 1039 591 1064 3
606 1028 661 1056 imo
673 1037 737 1056 vero
748 1037 825 1055 nemo
839 1027 927 1056 dicere
940 1038 990 1056 au-

249 1073 295 1109 sit,
312 1074 361 1102 Ille
375 1081 413 1102 est
427 1081 567 1111 mortuus3
583 1073 647 1108 sed,
663 1073 713 1102 Ille·
725 1079 763 1101 est
779 1079 989 1102 consummatus.
1009 1074 1026 1096 F

249 1120 353 1149 Deinde
366 1121 512 1159 gratiarum
527 1120 655 1155 actiones,
671 1118 756 1158 gloria
770 1118 866 1154 multa,
881 1118 990 1154 laetitia,

249 1166 419 1205 precantibus
436 1166 549 1205 singulis
568 1173 597 1194 ut
611 1165 693 1193 talem
713 1171 739 1193 et
756 1163 809 1203 ipsi
827 1163 944 1192 habeant
957 1164 989 1192 fi·
1000 1185 1036 1203 εὖ,

250 1222 323 1249 nem,
340 1218 365 1240 et
380 1212 418 1240 sic
439 1223 472 1240 cx
489 1211 632 1241 certamine
646 1216 759 1244 exeant,
776 1216 806 1237 ut
824 1209 904 1237 finem
916 1209 990 1238 labo·
1010 1214 1028 1235 A

250 1268 310 1286 rum
328 1265 354 1287 et
367 1269 485 1297 agonum
505 1258 650 1294 inveniant,
667 1256 858 1293 Christumque
872 1255 990 1284 videant.

249 1303 279 1332 Si
290 1303 351 1342 quis
366 1304 528 1341 infirmetur,
542 1314 595 1332 non
607 1303 670 1332 hinc
680 1302 818 1341 lacrymae,
828 1311 880 1329 non
893 1301 991 1338 luctus,

249 1348 295 1377 sed
319 1360 411 1378 rursus
432 1360 522 1390 preces
541 1349 703 1378 emittuntur
721 1359 728 1376 z
751 1358 805 1377 non
825 1347 992 1376 medicorum

250 1405 354 1432 manus,
374 1395 420 1424 sed
441 1395 508 1424 fides
527 1406 597 1435 saepe
619 1395 760 1423 infirmum
779 1400 863 1423 sanat.
882 1393 912 1422 Si
927 1403 991 1422 vero

248 1441 392 1479 aliquando
409 1442 520 1470 medicis
536 1442 570 1471 sit
586 1451 664 1480 opus,
678 1450 774 1479 magna
786 1439 831 1468 hic
842 1439 992 1468 ostenditur

249 1486 433 1527 philosophia,
454 1487 539 1516 multa
562 1486 690 1526 patientia
713 1498 719 1513 :
745 1495 799 1514 non
824 1484 897 1513 adest
921 1494 992 1512 uxor

250 1533 344 1562 solutis
365 1534 493 1570 crinibus,
516 1544 603 1572 neque
623 1533 673 1561 filii
691 1532 737 1570 qui
759 1531 902 1560 orbitatem
924 1540 991 1559 non-

250 1578 315 1607 dum
329 1579 432 1618 experti
449 1580 644 1615 lamententur,
657 1587 710 1606 non
724 1577 794 1606 servi
809 1582 930 1615 rogantes
944 1586 991 1604 ex-

252 1625 396 1664 spirantem
415 1626 526 1661 herum,
546 1624 597 1654 sibi
615 1624 784 1653 securitatem
804 1623 924 1661 aliquam
944 1622 992 1651 tri-

252 1670 317 1699 buat
328 1683 335 1706 ;
348 1670 394 1699 sed
410 1670 453 1698 his
467 1670 592 1699 omnibus
601 1670 686 1698 libera
698 1669 796 1703 anima,
807 1679 891 1696 unum
907 1667 994 1707 respie
1012 1673 1028 1695 B

254 1717 290 1746 cit
304 1717 400 1753 solum,
415 1723 445 1745 ut
460 1717 487 1745 in
504 1724 623 1745 extremo
637 1716 723 1744 halitu
736 1716 793 1744 Deo
807 1715 892 1743 amica
909 1714 993 1743 disce-

253 1762 309 1791 dat.
330 1763 360 1792 Si
378 1762 488 1790 morbus
505 1761 618 1798 accidat,
635 1771 687 1789 non
703 1761 737 1789 ab
751 1760 881 1799 ingluvie,
897 1760 938 1788 vel
949 1759 994 1789 vi-

253 1808 368 1837 nolentia
389 1807 524 1847 gignitur,
544 1807 590 1836 sed
611 1814 636 1835 et
653 1807 717 1845 ipsae
738 1805 894 1834 morborum
910 1816 994 1834 causae

252 1853 333 1882 laude
349 1854 433 1893 plenae
454 1860 527 1888 sunt,
548 1863 601 1881 non
623 1852 713 1892 culpa,
735 1859 764 1880 ut
783 1851 850 1880 istae.
867 1852 937 1880 Nam
950 1852 995 1880 vel

253 1910 287 1928 ex
301 1899 413 1937 vigitiis,
432 1899 474 1928 vel
491 1909 525 1928 ex
541 1898 705 1938 jejuniorum
720 1897 869 1936 frequentia
880 1897 994 1936 pariun-

253 1954 307 1984 tur,
322 1946 364 1976 vel
376 1946 443 1985 quid
457 1946 547 1974 simile
560 1946 667 1974 morbos
683 1945 781 1982 efficit5
800 1945 914 1983 ideoque
928 1945 995 1974 faci-

252 1993 278 2022 le
291 2000 418 2022 curantur
432 2005 438 2020 :
453 1992 518 2021 satis
531 1993 602 2021 enim
613 1999 652 2020 est
668 1991 702 2020 ad
718 1990 891 2030 aegritudines
903 1990 995 2030 depel-

254 2039 353 2075 lendas,
368 2039 391 2067 si
405 2044 551 2077 temperent
566 2048 581 2066 a
591 2037 683 2066 labore
693 2037 786 2065 nimio.

293 2093 322 2121 6.
336 2091 387 2120 Dic
400 2091 482 2130 igitur
496 2090 574 2126 mihi,
584 2089 697 2128 inquies,
713 2089 734 2118 si
749 2095 903 2118 sanctorum
914 2088 995 2128 pedes

255 2139 354 2177 aliquis
374 2138 443 2167 lavit
460 2138 489 2166 in
504 2137 625 2174 ecclesia,
650 2147 684 2165 an
703 2136 806 2176 possint
826 2135 871 2164 hic
890 2146 996 2175 quoque

255 2185 322 2213 tales
340 2183 465 2213 inveniri.
485 2183 600 2211 Possunt
621 2189 707 2219 certe,
728 2181 836 2210 omnino
853 2188 965 2221 possunt
987 2193 993 2209 :
1013 2181 1031 2204 C

255 2237 360 2258 tantum
383 2236 463 2269 peto,
491 2239 535 2266 ne,
561 2228 623 2267 quia
651 2227 781 2265 illorum,
805 2227 995 2256 monachorum

255 2286 360 2315 nempe,
382 2275 467 2304 vitam
488 2274 687 2309 recensuimus,
713 2283 768 2311 eos,
795 2273 887 2311 quiin
911 2273 996 2302 eccle-

257 2321 303 2350 siis
314 2328 384 2357 sunt,
398 2319 585 2360 despiciamus.
604 2319 687 2348 Multi
699 2329 768 2358 saepe
780 2319 845 2347 tales
859 2319 886 2347 in
897 2318 994 2347 mediis

257 2368 373 2396 ecclesiis
391 2373 466 2403 sunt,
484 2366 530 2395 sed
549 2366 639 2395 latent.
660 2367 720 2395 Non
736 2364 806 2393 enim
823 2365 885 2403 quia
900 2364 993 2394 domos

259 2413 422 2441 circumeunt
435 2419 461 2441 et
482 2413 510 2441 in
529 2413 618 2441 forum
640 2411 752 2448 vadunt,
772 2421 820 2439 nec
839 2411 903 2449 quia
924 2422 994 2451 prae-

292 2523 302 2533 ²
319 2515 486 2547 Propompam
497 2516 522 2540 in
535 2515 722 2540 celebritatibus
735 2515 862 2540 vocabant
874 2521 969 2540 coetum
982 2516 1012 2540 il-

259 2554 320 2583 lum,
334 2554 375 2585 qui
388 2562 506 2586 pompam
516 2554 566 2579 sive
579 2555 757 2586 processionem
769 2554 936 2587 praecedebat.

1024 183 1106 205 ARCH
1114 185 1119 206 Ι
1127 184 1164 206 Et·
1171 199 1177 206 .

1208 186 1332 208 CONSTA
1341 186 1460 208 N't'm'ov
1468 202 1474 208 .

1048 243 1088 271 δέν
1101 255 1106 261 ·
1123 244 1191 272 ἀλλὰ
1205 245 1292 273 πάντα
1310 247 1390 285 εὐχῆς
1404 247 1494 285 γέμει,
1511 246 1598 276 πάντα
1612 246 1709 284 ὕμνων,
1724 247 1810 276 πάντα

1047 288 1154 321 εὐωδίας
1169 293 1364 327 πνευματικῆς,
1377 291 1450 320 οὐδὲν
1473 294 1526 321 ἐκεῖ
1542 292 1677 332 σαρκικόν.
1694 294 1810 330 Λῃστῶν

1046 334 1152 373 ἐφόδους
1172 335 1200 363 οὗ
1221 335 1365 364 δεδοίκασιν
1376 348 1382 354 ·
1398 339 1426 365 οὗ
1447 337 1498 377 γὰρ
1519 338 1622 376 ἔχουσιν
1637 337 1695 366 ὅτου
1709 339 1811 375 ζημιω-

1047 381 1113 408 θῶσι
1123 390 1129 396 ·
1144 379 1272 418 χρήματα
1288 382 1334 408 οὐκ
1346 381 1416 416 ἔστι,
1429 383 1508 419 σῶμά
1529 384 1584 412 ἐστι
1606 383 1650 412 καὶ
1669 383 1741 422 ψυχή
1755 394 1761 400 ·
1779 382 1810 410 ἂν

1046 423 1142 459 ταύτην
1170 424 1333 463 ἀφέλωνται,
1357 427 1403 454 οὐκ
1429 427 1588 464 ἐζημίωσαν,
1614 429 1672 457 ἀλλ’
1698 428 1811 462 ὤνησαν.

1047 468 1126 507 Ἐμοὶ
1137 469 1188 509 γὰρ
1203 470 1232 499 τὸ
1245 472 1301 509 ζῇν,
1320 471 1399 509 φησὶ,
1421 472 1551 511 Χριστὸς,
1565 473 1609 501 καὶ
1627 473 1658 502 τὸ
1672 475 1810 502 ἀποθανεῖν

1046 514 1145 555 κέρδος.
1158 514 1302 544 {tn-{hem
1313 518 1364 544 τῶν
1383 517 1484 554 δεσμῶν
1497 517 1602 550 ἑαυτοὺς
1613 518 1729 548 πάντων.
1743 518 1810 547 Ὄν-

1047 572 1097 593 τως
1108 560 1190 596 Φωνὴ
1205 561 1386 599 &sandicem
1398 563 1424 591 ἐν
1437 567 1544 598 σκηναῖς
1556 563 1673 593 δικαίων.

1087 660 1146 688 Οὐκ
1158 659 1228 688 ἔστιν
1245 661 1298 688 ἐκεῖ
1312 661 1437 699 ὀλολυγῆς
1452 661 1561 690 ἀκοῦσαί
1580 673 1643 690 ποτε
1657 662 1714 691 οῦδὲ
1726 675 1810 692 κωκυ-

1045 707 1103 734 τοῦ·
1118 704 1231 743 καθαρὸς
1246 705 1344 734 τούτων
1363 708 1415 735 τῶν
1432 708 1530 742 ἇηὸιῶν
1545 709 1558 736 ὁ
1572 707 1677 747 ὄροφος,
1699 710 1811 748 καθαρὸς

1045 753 1091 785 τῆς
1106 752 1222 789 κραυγῆς
1237 751 1341 786 ταύτης.
1357 752 1564 788 Ἀποθνήσκουσι
1579 753 1626 791 μὲν
1642 753 1693 794 γὰρ
1716 755 1761 783 καὶ
1784 757 1810 784 ἐν

1045 798 1144 829 αὐτοῖς·
1165 798 1193 825 οὗ
1210 797 1260 836 γάρ
1286 799 1350 827 εἷο-ιν
1374 798 1498 827 ἀθάνατοι
1519 799 1549 828 τὸ
1574 802 1666 838 σῶμα·
1682 801 1741 829 ἀλλ’
1765 802 1812 830 οὔκ

1043 842 1115 870 ἴσασι
1130 842 1239 871 θάνατον
1253 843 1296 871 τὸν
1311 844 1432 873 θάνατον.
1446 846 1511 873 Μεθ’
1527 845 1615 883 ὕμνων
1625 846 1812 884 προπέμπουσι

1043 886 1102 920 τοὺς
1118 887 1276 921 ἀπελθόντας
1286 901 1292 906 ·
1315 889 1493 928 3προπομπὴν
1505 890 1535 919 τὸ
1553 894 1667 920 τοιοῦτον
1679 892 1812 926 καλοῦσιν,

1043 935 1089 962 οὐκ
1100 933 1221 972 ἐκφοράν.
1234 934 1290 962 Κᾶν
1304 936 1466 973 ἀπαγγελθῇ,
1477 935 1517 964 ὅτι
1528 937 1541 964 ὁ
1552 937 1623 964 δεῖνα
1633 936 1812 971 τετελεύτηκε,

1042 978 1127 1013 πολλὴ
1143 981 1159 1013 ἡ
1172 979 1334 1018 εὐφροσύνη,
1352 979 1437 1014 πολλὴ
1452 983 1468 1015 ἡ
1481 981 1562 1015 ἡδονή
1573 993 1579 999 ·
1595 982 1692 1019 μᾶλλον
1711 982 1738 1010 δὲ
1753 982 1810 1011 οὖδὲ

1042 1025 1129 1062 τολμᾷ
1139 1036 1178 1056 τις
1188 1026 1281 1057 εἰπεῖν,
1297 1023 1337 1053 ὅτι
1347 1027 1361 1053 ὁ
1374 1026 1446 1053 δεῖνα
1457 1026 1651 1062 τετελεύτηκεν,
1662 1027 1721 1056 ἀλλ’
1733 1029 1747 1055 ὁ
1761 1027 1813 1056 δεῖ·

1043 1082 1075 1098 να
1088 1069 1262 1098 τετελείωται.
1272 1065 1340 1099 Εἶτα
1351 1070 1517 1110 εὖχαριστία,
1531 1071 1592 1104 δόξα
1604 1071 1707 1109 πολλὴ,
1721 1074 1810 1113 εὖφρο-

1045 1115 1107 1150 σύνη
1117 1138 1125 1151 ,
1138 1115 1249 1144 ἑκάστου
1265 1115 1408 1154 εὐχομένου
1422 1117 1496 1149 τέλος
1505 1120 1619 1147 τοιοῦτον
1631 1117 1732 1154 λαὸεῖν,
1744 1118 1813 1148 οὕτω

1044 1161 1087 1190 τὸν
1099 1163 1189 1200 ἀγῶνα
1202 1164 1294 1190 τοῦτον
1309 1161 1429 1198 ἐξελθεῖν,
1443 1162 1645 1192 ἀναπαύσασθαι
1658 1166 1711 1193 τῶν
1726 1164 1812 1194 πόνων

1045 1207 1090 1236 καὶ
1100 1209 1151 1236 τῶν
1162 1206 1280 1246 ἀγώνων,
1293 1208 1356 1236 ἰδεῖν
1366 1208 1409 1236 τὸν
1420 1208 1545 1248 Χριστόν.
1559 1208 1571 1224 ¹³
1579 1209 1635 1238 Κᾶν
1645 1210 1813 1250 ἀῤῥωστήσῃ,

1045 1254 1073 1281 οὐ
1088 1253 1189 1293 δάκρυα
1198 1276 1205 1288 ,
1219 1253 1248 1281 οὐ
1262 1254 1354 1292 θρῆνος
1363 1275 1371 1289 ,
1386 1255 1444 1282 ἀλλ’
1459 1254 1535 1293 εὐχαὶ
1546 1254 1627 1284 πάλιν
1638 1267 1644 1273 ·
1658 1257 1706 1284 οὐκ
1716 1257 1813 1296 ἰατρῶν

1044 1303 1144 1337 χεῖρες,
1160 1298 1228 1327 ἀλλὰ
1239 1298 1328 1331 πίστις
1339 1298 1405 1337 μόνη
1417 1300 1545 1332 πολλάκις
1559 1300 1694 1336 ἀπήλλαξε
1707 1301 1751 1330 τὸν
1766 1302 1814 1340 ἆῤ-

1046 1347 1156 1383 ῥωστον.
1179 1345 1214 1373 Εἰ
1230 1344 1256 1374 δὲ
1276 1344 1322 1373 καὶ
1343 1346 1439 1384 ἰατρῶν
1459 1345 1578 1382 δεηθείη,
1599 1345 1684 1381 πολλὴ
1708 1346 1754 1376 καὶ
1769 1348 1814 1376 ἔν-

1044 1392 1127 1418 eavea
1143 1392 1160 1424 ἦ
1175 1389 1328 1428 φιλοσοφία,
1340 1390 1425 1425 πολλὴ
1439 1393 1455 1425 ἡ
1468 1391 1611 1430 καρτερία·
1623 1393 1652 1420 οὗ
1663 1392 1814 1431 παρέστηκε

1043 1434 1109 1472 γυνὴ
1129 1435 1227 1463 λύουσα
1248 1434 1297 1467 τὰς
1319 1435 1428 1474 τρίχας,
1451 1435 1510 1465 οὐδὲ
1529 1435 1624 1466 παιδία
1643 1438 1691 1473 τὴν
1713 1438 1814 1468 οὐδέπω

1043 1480 1185 1518 γενομένην
1207 1480 1332 1519 ὀρφανίαν
1350 1481 1549 1520 ἀποδυρόμενα,
1564 1482 1622 1511 οὐδὲ
1636 1483 1736 1512 οἰκέται
1757 1496 1814 1512 πα-

1045 1526 1218 1565 ρακαλοῦντες
1232 1525 1277 1554 τὸν
1291 1525 1456 1554 ἀποπνέοντα
1478 1527 1546 1564 μετὰ
1564 1528 1709 1568 ἀσφαλείας
1721 1529 1814 1563 αὖτούς

1044 1583 1096 1599 τινι
1118 1571 1372 1611 παρακαταθέσθαι·
1387 1572 1455 1600 ἀλλὰ
1475 1572 1582 1602 πάντων
1604 1573 1814 1611 τούτων“ἄπηλ-

1043 1617 1162 1655 λαγμένη
1177 1619 1193 1652 ἦ
1210 1617 1297 1656 ψυχὴ,
1316 1617 1342 1645 ἓν
1363 1622 1455 1646 σκοπεῖ
1471 1618 1548 1656 μόνον
1571 1621 1608 1653 εἷς
1626 1620 1674 1656 τὴν
1698 1621 1814 1661 ἐσχάτην

1045 1662 1188 1698 ἀναπνοὴν,
1201 1662 1271 1695 ὅπως
1287 1662 1388 1700 ἀπέλθῃ
1411 1665 1448 1702 τῷ
1471 1665 1533 1703 Θεῷ
1548 1664 1622 1704 φίλη.
1637 1665 1694 1694 Κᾶν
1707 1666 1815 1705 γένηται

1045 1708 1072 1737 δὲ
1093 1708 1182 1743 νόσος,
1204 1709 1232 1737 οὗ
1248 1707 1348 1745 γίνεται
1365 1708 1417 1736 ἀπὸ
1430 1710 1658 1750 γαστριμαργίας,
1684 1710 1742 1740 οῦδὲ
1763 1712 1816 1741 ἀπὸ

1049 1753 1229 1793 καρηὸαρίας,
1242 1753 1310 1782 ἀλλὰ
1325 1753 1369 1782 καὶ
1382 1754 1458 1782 αὐταὶ
1474 1756 1501 1783 αἱ
1520 1757 1573 1784 τῶν
1585 1755 1667 1785 νόσων
1682 1757 1816 1790 ὑποθέσεις

1045 1799 1182 1838 ἐγκωμίων
1205 1799 1338 1837 γέμουσιν,
1357 1799 1416 1838 οὐχὶ
1434 1800 1611 1839 κατηγορίας,
1635 1803 1671 1834 ὡς
1691 1797 1784 1831 αῧται·
1796 1803 1814 1838 ἢ

1045 1844 1096 1884 γὰρ
1110 1845 1254 1883 ἀγρυπνίας
1263 1867 1271 1880 ,
1285 1844 1302 1879 ἢ
1317 1845 1438 1879 νηστείας
1454 1845 1573 1879 ἐπίτασις
1583 1869 1591 1882 ,
1602 1846 1620 1881 ἦ
1631 1858 1657 1875 τι
1667 1850 1719 1876 τῶν
1731 1848 1815 1877 τοιού-

1046 1903 1097 1919 των
1106 1891 1153 1923 τὰς
1162 1890 1253 1922 νόσους
1263 1891 1400 1930 ἐργάζεται
1412 1903 1418 1909 ·
1434 1892 1490 1919 ὅθεν
1505 1892 1550 1920 καὶ
1565 1892 1760 1922 εὖαπάλλακτοι
1769 1894 1814 1932 γί-

1045 1947 1149 1964 νονται·
1174 1937 1250 1974 ἀρκεῖ
1270 1935 1322 1974 γὰρ
1341 1937 1436 1974 μηκέτι
1449 1937 1582 1975 καμόντας
1598 1938 1694 1976 ὁμοίως
1709 1938 1814 1968 πάντων

1047 1981 1219 2020 ἀπηλλάχθαι
1232 1982 1284 2009 τῶν
1300 1982 1401 2011 δεινῶν.

1086 2083 1154 2112 Εἰπὲ
1166 2078 1209 2113 οῧν
1227 2096 1288 2122 μοι,
1304 2084 1392 2123 φησὶν,
1405 2086 1427 2113 εἷ
1443 2084 1524 2123 ἁγίων
1538 2097 1578 2118 τις
1592 2085 1674 2120 πόδας
1687 2087 1773 2127 ἔνιψεν
1788 2089 1814 2117 ἓν

1048 2131 1080 2168 τῇ
1101 2129 1230 2169 ἐκκλησίᾳ
1239 2151 1246 2164 ,
1272 2131 1294 2158 εἷ
1311 2130 1394 2159 ἔνεστι
1419 2131 1463 2159 καὶ
1487 2133 1598 2160 ἐνταῦθα
1624 2132 1752 2166 τοιούτους
1776 2136 1817 2162 εὓ-

1049 2180 1111 2214 ρεῖν.
1131 2174 1258 2213 Ἔνεστι,
1281 2177 1325 2205 καὶ
1339 2176 1407 2205 πάνυ
1422 2176 1523 2206 ἔνεστι·
1540 2178 1617 2216 μόνον
1648 2178 1705 2217 μὴ,
1726 2180 1816 2216 ἐπειδὴ

1049 2221 1154 2250 ἐκείνων
1166 2221 1209 2250 τὸν
1222 2222 1276 2260 βίον
1289 2221 1482 2260 διηγησάμεθα,
1495 2224 1547 2251 τῶν
1559 2225 1585 2252 ἓν
1595 2228 1652 2257 ταῖς
1664 2225 1820 2260 ἐκκλησίαις

1051 2269 1266 2306 καταιρρονῶμεν.
1285 2268 1385 2297 Πολλοὶ
1401 2269 1527 2302 πολλάκις
1539 2273 1650 2299 τοιοῦτοι
1669 2271 1715 2299 καὶ
1728 2271 1755 2299 ἐν
1771 2271 1818 2310 με’-

1050 2325 1108 2346 σαις
1118 2317 1175 2346 ταῖς
1189 2313 1340 2349 ἐκκλησίαις
1352 2315 1426 2350 εἰσὶν,
1440 2315 1500 2343 ἀλλ’
1511 2316 1538 2344 ἐν
1547 2317 1585 2354 τῷ
1596 2315 1758 2346 λανθάνοντι.
1770 2317 1816 2351 Μὴ

1049 2361 1100 2401 γὰρ
1111 2362 1202 2398 ἐπειδὴ
1217 2363 1300 2396 οἰκίας
1311 2369 1511 2403 περινοστοῦσι,
1526 2365 1594 2404 μηδὲ
1604 2366 1694 2402 ἐπειδὴ
1709 2368 1746 2400 εἷς
1756 2368 1817 2406 ἆγο-

1051 2412 1097 2452 ρὸιν
1110 2413 1270 2452 ἐμὸάλλουσι
1279 2435 1290 2452 ,
1305 2414 1371 2453 μηδὲ
1382 2415 1472 2451 ἐπειδὴ
1483 2415 1674 2455 προΐστανται,
1685 2428 1817 2456 καταφρο-

1095 2519 1107 2536 t,
1124 2519 1204 2550 [Fert
1216 2523 1255 2544 κᾶν
1268 2521 1321 2553 ἀῤῥ.
1335 2531 1374 2548 τις.
1387 2518 1514 2553 Dunaeus.]
