1893 2860
52 1851 106 1871 Cir.
120 1855 156 1870 ιιι.

200 157 272 190 (ὶιῦ
546 167 574 188 S.

200 231 246 259 ¹6.
262 230 429 258 exhortetur
445 227 534 255 corda
548 233 660 263 vestra,
676 233 703 256 et
730 228 881 267 confirmet
902 230 934 256 in

199 278 278 303 omni
291 284 372 313 opere
392 280 418 301 et
443 283 572 302 sermone
591 274 674 301 bono.
691 273 794 302 Rursus
814 274 933 314 precatio
952 279 970 303 C
989 276 1065 303 τοῦτο
1077 275 1128 314 γάρ
1143 277 1212 304 ἐστιν
1228 277 1307 310 ὅντως
1322 280 1432 315 βοηθεῖν.

199 327 257 359 post
277 318 508 347 adhortationem:
523 318 574 347 hoc
599 319 670 347 enim
691 325 728 347 cst
740 329 831 348 revera
854 330 932 358 opem

197 366 275 394 scri-c.
292 364 457 402 Quidilexit
472 374 533 398 nos,
545 364 640 403 inquit,
655 371 681 393 et
701 365 781 393 dedic
797 366 935 394 consola-

198 414 304 439 tionem
331 416 479 446 oeternam,
495 416 523 438 et
546 420 624 449 spem
651 412 758 439 bonam
781 412 813 439 in
827 413 934 450 gratia.

198 457 252 486 Ubi
266 467 335 485 nunc
346 463 407 485 sunt
426 457 471 494 qui
488 457 588 485 Filium
599 457 692 485 dicunt
714 467 770 486 esse
788 457 928 493 minorem,

197 503 321 541 quoniam
333 509 392 541 post
404 502 510 530 Patrem
519 502 672 531 nominatur
685 504 711 531 in
722 502 807 541 gratia
817 503 938 532 lavacri?

197 548 266 577 Ecce
279 548 348 576 enim
362 548 406 576 hic
417 555 458 577 est
468 549 630 577 contrarium
647 560 653 575 :
666 548 723 588 ipsc
742 549 862 588 primum
874 549 911 577 ait
924 571 932 586 ,

197 595 343 624 Dominus
353 601 449 624 noster
460 596 545 624 Jesus
565 596 709 631 Christus,
724 595 831 631 deinde,
853 597 935 625 Deus

196 647 224 669 et
249 642 341 669 Pater
357 642 477 669 Domini
497 643 596 669 nostri.
624 642 679 679 Qui
699 642 803 670 dilexit
825 652 887 676 nos,
908 648 935 670 et

196 686 276 714 dedic
289 686 516 714 consolationem
528 691 674 714 oeternam.
687 686 838 721 Quamnam
846 694 935 715 autem

197 742 256 760 cnm
271 732 283 760 Ξ)
299 732 379 771 Spem
404 733 565 760 futurorum.
581 733 666 762 Vides
683 733 818 771 quomodo
844 744 934 772 preca-

198 777 278 805 tionis
291 777 370 806 modo
381 784 481 806 mentes
491 788 582 806 eorum
594 778 691 806 excitat
704 801 711 815 ,
724 779 869 808 ineffabilis
883 779 933 807 Dei

199 832 268 851 curae
291 823 402 862 pignora
418 833 518 862 ponens
543 830 567 851 et
578 823 661 861 signa.
677 825 869 859 Biz-hortetur,
890 824 932 853 in-

198 869 266 906 quit,
280 869 370 897 corda
382 875 482 897 vestra
505 870 536 896 in
556 871 636 896 omni
659 879 742 907 opere
764 876 791 898 et
803 880 936 898 sermone

198 916 272 941 bono
281 925 291 941 .-
303 913 353 942 hoc
364 920 401 942 est
414 924 462 952 per
472 924 550 942 omne
557 924 623 952 opus
631 921 656 942 et
664 925 811 943 sermonem
821 915 932 944 bonum.

199 959 411 987 Christianorum
427 959 498 987 enim
518 959 574 987 haec
588 966 626 988 est
649 959 810 997 adhortatio,
832 968 862 989 ut
883 972 934 990 non

197 1005 283 1034 solum
298 1005 401 1043 aliquid
421 1005 485 1034 boni
505 1005 612 1039 faciant,
639 1006 685 1034 sed
696 1006 777 1035 etiam
795 1007 867 1045 quod
878 1009 936 1037 Deo

197 1051 307 1089 placeat.
329 1050 401 1079 Vide
418 1050 551 1088 quomodo
565 1061 657 1079 eorum
684 1052 805 1091 reprimit
826 1053 933 1082 fastum.

201 1098 258 1135 Qui
271 1097 360 1131 dedit,
376 1096 475 1135 inquit,
492 1097 732 1133 consolationem,
747 1105 773 1127 et
790 1109 868 1137 spem
883 1101 934 1127 bo·

200 1153 268 1171 narn
295 1145 326 1170 in
348 1145 454 1181 gracia.
470 1142 558 1171 Simul
583 1143 663 1171 etiam
682 1143 764 1172 efficit
787 1151 817 1172 ut
836 1145 934 1173 bonam

198 1199 272 1227 spem
293 1188 407 1216 habeant
427 1187 460 1216 de
483 1188 592 1217 suturis.
615 1189 644 1218 Si
669 1189 740 1217 enim
760 1197 798 1218 tot
814 1196 839 1218 et
863 1197 936 1219 tanta

198 1235 273 1263 dedit
284 1235 310 1263 in
322 1235 416 1273 gratia,
431 1235 516 1264 multo
532 1235 617 1274 magis
635 1236 735 1265 futura.
754 1236 812 1275 Ego
827 1237 937 1275 quidem

198 1287 278 1318 certe,
294 1281 390 1319 inquit,
402 1281 439 1310 ita
453 1281 528 1317 dixi;
539 1288 625 1310 totum
636 1289 725 1311 autem
739 1290 777 1311 est
786 1284 845 1312 Dei.
858 1284 937 1313 Con-

194 1327 310 1365 firmet;
324 1327 487 1365 corroboret,
501 1334 530 1356 ut
547 1338 599 1356 non
614 1328 735 1357 labemus
754 1339 838 1367 neque
852 1329 938 1358 decli-

198 1384 291 1403 nemus
307 1385 313 1401 :
329 1373 380 1403 hoc
387 1374 457 1403 enim
465 1381 504 1404 est
516 1382 541 1403 et
555 1382 674 1404 nostrum
689 1383 715 1404 et
736 1376 830 1415 ipsius.
850 1377 938 1416 Igitur

199 1425 224 1448 et
238 1426 345 1459 propter
357 1419 482 1459 dogmata
496 1427 521 1449 et
542 1428 651 1460 propter
673 1422 789 1451 actiones
803 1422 831 1451 id
849 1423 917 1451 dicit
931 1435 937 1450 :

198 1464 249 1493 hoc
269 1467 340 1493 enim
360 1472 398 1494 est
418 1466 582 1503 exhortatio,
596 1474 625 1495 ut
639 1467 841 1496 confirmemur.
866 1469 936 1497 Nam

198 1510 306 1548 quando
331 1511 464 1549 quispiam
490 1520 542 1539 non
566 1511 720 1541 dimovetur
742 1524 789 1544 nec
813 1514 936 1553 vacillat,

197 1556 332 1594 quidquid
346 1556 484 1593 acciderit,
500 1567 560 1585 cum
573 1567 669 1596 magna
681 1559 775 1587 tolerat
790 1558 916 1598 patientia
929 1571 935 1587 ε

199 1600 271 1638 quod
285 1600 307 1628 si
322 1600 440 1629 dimotus
454 1607 479 1629 et
491 1601 664 1631 labefactatus
678 1603 760 1631 fuerit
774 1604 890 1642 animus,
903 1604 937 1633 de

198 1653 292 1675 caetero
305 1646 374 1674 nihil
385 1647 466 1675 efficit
479 1647 581 1676 bonum
592 1655 617 1676 et
630 1650 805 1688 praeclarum,
819 1650 867 1679 sed
885 1661 937 1679 non

199 1702 274 1721 secus
285 1699 364 1730 atque
375 1693 397 1721 si
414 1693 532 1732 cuipiam
545 1694 660 1723 remissae
674 1702 699 1724 et
719 1695 819 1724 luxaiae
838 1697 938 1725 suerint

199 1749 304 1775 manus,
324 1739 360 1767 ita
375 1739 454 1767 ctiam
471 1740 587 1768 labescat
609 1741 724 1778 animus,
746 1742 856 1780 quando
884 1754 937 1772 non

200 1785 279 1812 suerit
292 1784 315 1813 ei
327 1795 482 1823 persuasum
494 1785 564 1823 quod
573 1786 608 1814 ad
616 1786 717 1815 bonum
728 1787 845 1826 aliquem
855 1789 935 1817 finem

199 1831 234 1860 sit
250 1838 434 1870 perventurus
457 1833 468 1859 1
480 1854 485 1859 .
510 1833 556 1860 De
576 1839 691 1869 coetero,
705 1835 834 1872 fratres,
856 1841 939 1863 orate

199 1887 252 1917 pro
262 1879 354 1911 nobis,
363 1883 395 1905 ut
404 1887 497 1906 ser-mo
506 1878 629 1906 Domini
639 1886 738 1908 currat
751 1886 778 1908 et
791 1880 937 1920 glorifice-

202 1930 259 1957 tur,
273 1925 348 1951 sicut
365 1928 393 1950 et
402 1923 482 1961 apud
494 1933 558 1953 vos.

243 1970 270 1997 5.
285 1969 347 2008 Ipse
360 1968 469 2007 quidem
484 1980 533 2008 pro
551 1969 584 1998 iis
598 1977 721 2009 precatus
741 1979 780 2001 est
797 1979 827 2002 ut
841 1974 971 2029 confir-5

205 2021 357 2051 marentur;
380 2024 450 2042 nunc
470 2021 558 2043 autem
577 2015 639 2043 ab
632 2016 698 2055 lpsis
713 2018 778 2056 petit
792 2028 889 2057 rogans
912 2011 960 2048 ut⁵

204 2070 254 2099 pro
265 2069 296 2088 eo
307 2066 392 2094 orent,
409 2070 460 2088 non
473 2067 502 2088 ut
515 2071 566 2089 non
582 2061 767 2100 periclitetur,
784 2064 812 2092 in
826 2074 857 2093 eo
868 2065 940 2094 enim

205 2114 260 2136 erat
283 2108 401 2146 positus;
423 2107 470 2136 sed
501 2109 539 2136 Ut
552 2119 646 2137 sermo
660 2110 781 2139 Domini
801 2119 900 2141 currat
914 2120 941 2141 et

204 2154 393 2193 glorificetur,
410 2156 483 2183 sicut
501 2161 529 2183 et
543 2156 622 2194 apud
634 2166 696 2185 vos.
712 2157 810 2186 Petitio
828 2165 867 2187 est
880 2169 943 2188 con-

203 2201 296 2238 juncta
316 2210 377 2228 cum
398 2199 478 2228 laude
498 2212 504 2227 :
526 2201 605 2229 Sicut
626 2208 653 2230 et
668 2203 747 2241 apud
761 2213 824 2240 vos,
841 2204 939 2243 inquit.

207 2247 233 2273 2
251 2247 292 2274 Et
303 2252 334 2274 ut
349 2245 504 2274 liberemur
514 2248 551 2275 ab
566 2248 739 2285 importunis
750 2255 778 2277 et
792 2251 880 2279 malis
891 2252 942 2279 Ιιο-

208 2293 332 2320 minibus
343 2303 351 2318 .-
367 2302 427 2321 non
442 2298 484 2322 est
499 2294 575 2321 enim
590 2295 715 2322 omnium
727 2295 817 2334 fides.
834 2296 890 2325 Hoc
903 2303 943 2325 est

243 2408 252 2418 π
272 2399 437 2433 [παρκικὶέηι
454 2408 509 2424 cum
534 2399 739 2429 cni1›1.,0mme1.
758 2406 782 2424 et
794 2400 873 2425 savit.
885 2401 962 2433 Lege-

212 2439 284 2462 batur
296 2442 447 2473 παρακαλέσει
457 2458 463 2469 ,
481 2445 507 2463 ut
519 2439 594 2463 habet
607 2439 680 2464 Colb.
694 2440 735 2464 Sic
748 2439 811 2464 infra
825 2439 891 2464 idem
906 2452 961 2468 ατη-

211 2483 266 2512 ρίξίι
276 2486 321 2509 pro
331 2477 451 2511 στηρίξαι]

247 2520 256 2534 b
276 2515 420 2547 [colb-1751
432 2520 473 2547 μὲν
486 2519 567 2545 θῦτως,
581 2523 605 2540 Εἰ
623 2516 685 2540 infra
706 2521 802 2551 ατηριξ-ῑι
813 2537 819 2548 ,
840 2521 942 2544 τουτέστι
954 2537 961 2549 ,

603 166 659 188 JOA
666 166 684 188 N
691 166 741 188 le
768 166 947 189 etim'SOST.

977 167 1117 191 Aucmffl‘
1124 184 1130 191 .
1159 170 1220 192 CON
1227 170 1285 193 su
1291 171 1411 194 NTINOP
1418 186 1424 192 .

989 229 1057 268 ἔργῳ
1068 230 1112 258 καὶ
1126 230 1195 269 λόγῳ
1208 233 1309 270 ἀγαθῷ.
1330 233 1415 261 Πάλιν
1428 232 1492 272 εὐχὴ
1507 233 1575 270 μετὰ
1588 232 1749 271 παραίνεσιν·

1458 278 1492 307 ‘O
1511 278 1650 317 ἀγαπήσας
1670 281 1750 315 ἡμᾶς,

990 319 1070 357 φησὶ,
1087 320 1132 348 καὶ
1147 319 1202 352 δοὺς
1221 322 1386 360 παράκλησιν
1405 323 1507 352 αἰώνιον
1523 324 1567 352 καὶ
1582 324 1675 352 ἐλπίδα
1685 325 1751 362 ἀγα-

990 366 1035 400 θὴν
1051 367 1077 393 ἐν
1096 366 1195 405 χάριτι.
1222 368 1278 395 Ποῦ
1295 369 1337 395 νῦν
1352 369 1416 396 εἰσιν
1433 371 1455 397 οἱ
1470 369 1513 398 τὸν
1532 370 1594 398 Υἱὸν
1610 371 1751 398 ἐλαττοῦν-

991 423 1041 445 τες,
1052 411 1141 445 ἐπειδὴ
1154 411 1221 449 μετὰ
1232 412 1276 440 τὸν
1286 412 1394 451 Πατέρα
1404 415 1430 442 ἐν
1442 416 1474 453 τῇ
1486 414 1574 454 χάριτι
1585 418 1630 443 τοῦ
1641 416 1751 454 λουτροῦ

990 456 1159 493 ὀνομάζεται5
1175 456 1228 485 ἷδου
1249 457 1300 496 γὰρ
1320 459 1430 487 ἐνταυθα
1449 459 1595 489 τούναντίον
1609 460 1691 489 ἐστίν·
1706 462 1751 489 αὖ·

990 503 1032 534 τός
1046 515 1110 542 φησι
1130 515 1242 542 πρωτον,
1262 503 1296 532 O
1310 504 1406 542 Κύριος
1418 506 1493 539 ἡμῶν
1508 504 1609 539 Ἰησους
1623 506 1750 544 xpm-edg-

990 543 1066 584 Εἶτα,
1080 547 1114 577 Ο
1126 548 1173 577 ΘΞ
1155 559 1193 580 ‘oq
1207 560 1251 576 και
1264 548 1359 588 Πατὴρ
1371 551 1416 577 τοῦ
1429 548 1547 588 Kopiou‘
1535 552 1622 588 ημῶν.
1637 550 1672 579 ‘O
1686 553 1752 589 ἀγα·

990 605 1077 629 πησας
1099 595 1185 631 ἡμᾶς,
1207 593 1251 622 καὶ
1271 593 1329 627 δους
1348 594 1513 633 παράκλησιν
1531 596 1642 625 αιώνιον.
1666 596 1750 625 Ποίαν

990 639 1022 675 δὴ
1036 639 1151 675 ταύτην;
1168 640 1192 668 Τ
1193 639 1224 675 ἢν
1242 640 1336 668 ἐλπίδα
1355 642 1406 668 τῶν
1425 641 1581 678 μελλόντων.
1601 641 1683 682 <Ορᾷς
1695 644 1752 673 πῶς

990 687 1016 714 ἐν
1043 684 1113 717 τάξει
1135 686 1213 723 εὐχῆς
1231 685 1393 720 διανίστησιν
1417 687 1502 715 αὐτῶν
1517 686 1565 722 τὴν
1582 687 1706 723 διάνοιαν,
1719 686 1753 715 τὰ

953 737 972 758 D
990 733 1036 765 τῆς
1050 730 1207 767 κηδεμονίας
1221 734 1266 760 τοῦ
1281 732 1350 761 Θεοῧ
1367 734 1414 767 τῆς
1435 732 1534 771 ἀφάτου
1549 733 1627 766 τιθεὶς
1644 732 1753 771 ἐνέχυρα

990 777 1035 805 καὶ
1048 776 1192 814 τεκμήριας
1207 778 1426 816 ’Παρακαλέσαῃ
1441 779 1528 817 φησὶν,
1541 780 1614 817 ὑμῶν
1628 778 1674 811 τὰς
1689 788 1754 816 καρ-

991 823 1046 855 δίας
1060 824 1086 850 ἐν
1102 823 1181 851 παντὶ
1199 822 1267 863 ἔργῳ
1284 824 1328 852 καὶ
1348 824 1418 863 λόγῳ
1438 826 1543 864 ἀγαθῷ’
1565 824 1694 860 τουτέστι,
1709 823 1753 853 διὰ

990 869 1086 900 παντὸς
1096 869 1170 907 ἔργου
1182 868 1227 897 καὶ
1238 869 1314 907 λόγου
1327 871 1433 907 ἀγαθοῦ.
1446 871 1610 909 Χριστιανῶν
1621 871 1672 910 γὰρ
1685 870 1751 905 αὕτη

991 913 1171 954 παράκλησις,
1190 913 1220 942 τὸ
1235 914 1270 951 μὴ
1286 914 1363 952 μόνον
1376 916 1486 949 ποιῆσαί
1496 927 1521 944 τι
1535 917 1650 955 χρηστὸν
1663 915 1753 954 βούλε-

991 962 1064 995 σθαι,
1079 958 1147 987 ἀλλὰ
1161 960 1205 987 καὶ
1218 961 1256 998 τῷ
1267 962 1328 998 Θεῷ
1341 961 1441 989 δοκοῦν.
1462 960 1535 1000 υΟρα
1544 964 1601 994 πῶς
1610 963 1693 990 αὐτῶν
1706 972 1752 990 κα-

990 1005 1127 1034 ταστέλλει
1152 1004 1181 1033 τὸ
1202 1005 1332 1043 φρόνημα.
1355 1005 1389 1034 Ὁ
1409 1005 1466 1038 δοὺς
1486 1007 1663 1045 παράκλησιν,
1679 1007 1760 1045 φησὶ,-

991 1051 1035 1079 καὶ
1054 1050 1147 1080 ἐλπίδα
1164 1051 1263 1088 ἀγαθὴν
1284 1053 1310 1079 ἐν
1331 1052 1430 1090 χάριτι.
1462 1052 1531 1090 Ἅμα
1550 1052 1595 1081 καὶ
1616 1052 1754 1085 εὐέλπιδας

991 1096 1056 1136 υπὲρ
1069 1099 1120 1125 τῶν
1143 1107 1174 1133 με
1164 1096 1290 1125 ελλόντων
1306 1102 1384 1126 ποιεῖ.
1415 1099 1448 1126 Ei
1468 1098 1519 1137 γὰρ
1533 1110 1648 1127 τοσαυτα
1663 1098 1755 1138 χάριτι

954 1158 973 1181 Ε
992 1142 1086 1179 ἔδωκε,
1107 1143 1197 1171 πολλῶ
1217 1144 1316 1180 μᾶλλον
1337 1144 1370 1172 τὰ
1387 1144 1524 1181 μέλλοντα.
1549 1143 1562 1159 ¹²
1572 1144 1644 1183 Ἐγὼ
1666 1144 1754 1182 μέντοι

992 1188 1073 1221 οὕτως
1085 1191 1166 1223 εἷπον,
1182 1189 1254 1227 φησὶ,
1268 1189 1298 1217 τὸ
1313 1189 1339 1218 δὲ
1356 1194 1407 1217 πᾶν
1419 1201 1464 1218 του
1478 1190 1574 1219 Θεοῧ’
1563 1201 1628 1219 εστι.
1654 1190 1755 1228 Empt-

992 1235 1048 1268 ξαι
1064 1234 1226 1273 βεὸαιώσαι,
1243 1235 1311 1264 ‹tm-„e
1323 1248 1359 1273 μη
1373 1236 1528 1265 σαλεύεσθαι
1544 1235 1610 1274 μηδὲ
1621 1235 1762 1276 παρακλίε

991 1283 1095 1309 νεα-θαι·
1112 1280 1157 1309 καὶ
1171 1280 1221 1319 γὰρ
1236 1282 1313 1318 ἡμῶν
1327 1281 1372 1310 καὶ
1387 1282 1465 1310 αὐτοῦ
1476 1281 1553 1311 τοῦτό
1571 1283 1650 1310 ἐστιν.
1671 1280 1756 1309 σΩστε

993 1327 1038 1355 καὶ
1049 1326 1197 1364 δογμάτων,
1210 1327 1255 1355 καὶ
1268 1327 1403 1366 επράξεων
1418 1327 1515 1356 ἕνεκεν.
1537 1328 1624 1357 Τοῦτο
1634 1326 1685 1365 γάρ
1700 1328 1756 1356 ἐστι

993 1371 1175 1410 παράκλησις,
1194 1373 1224 1401 τὸ
1237 1372 1402 1411 ἔστηρίχθαι.
1427 1372 1514 1402 ιὍταν
1532 1373 1584 1412 γάρ
1594 1385 1634 1405 τις
1647 1372 1685 1410 μὴ
1699 1384 1754 1401 πα-

994 1417 1137 1456 ραφέρηται
1148 1439 1155 1453 ,
1167 1417 1264 1453 πάντα,
1275 1417 1374 1457 ὅσαπερ
1386 1417 1416 1445 ἂν
1428 1417 1509 1456 πάθῃ,
1522 1418 1590 1455 μετὰ
1603 1419 1701 1453 πολλῆς
1711 1418 1757 1457 φέ-

994 1474 1032 1501 ρει
1045 1465 1091 1497 τῆς
1106 1462 1300 1503 μακροθυμίας·
1316 1465 1351 1496 ὡς
1361 1463 1405 1492 ἐὰν
1414 1465 1601 1503 παρασαλευθῇ
1615 1466 1632 1499 ἡ
1646 1464 1756 1499 διάνοια,

992 1507 1063 1537 οὐδὲν
1084 1508 1174 1537 λοιπὸν
1196 1508 1334 1548 ἐργάσεται
1358 1511 1409 1537 τῶν
1435 1511 1539 1547 ἀγαθῶν
1561 1510 1606 1538 καὶ
1631 1511 1756 1548 γενναίων

993 1554 1123 1592 πράξεων,
1149 1555 1205 1582 ἀλλ’
1228 1557 1262 1587 ὡς
1277 1555 1308 1583 ἄν
1323 1566 1362 1586 τις
1377 1554 1423 1587 τὰς
1442 1560 1532 1595 χεῖρας
1553 1557 1648 1593 ἐκλυθῇ
1660 1579 1668 1592 ,
1688 1556 1757 1585 οὕτω

958 1620 975 1642 F
992 1599 1036 1627 καὶ
1051 1599 1123 1638 ψυχὴ
1143 1600 1374 1638 παρασαλεύεται,
1391 1601 1452 1630 ὅταν
1469 1601 1505 1639 μὴ
1521 1606 1709 1630 πεπιστευκυῑα
1723 1598 1757 1641 ᾖ,

993 1645 1032 1674 ὅτι
1047 1645 1090 1674 ἐπί
1108 1658 1134 1674 τι
1155 1647 1270 1685 χρηστὸν
1291 1648 1396 1685 ἀπαντᾷ
1414 1647 1496 1680 τέλος.
1513 1648 1553 1676 Τὸ
1567 1647 1658 1676 λοιπὸν
1673 1659 1757 1687 προσ-

993 1691 1098 1730 εὔχεσθε
1110 1713 1117 1726 ,
1140 1692 1245 1730 ἀδελφοὶ
1257 1714 1265 1727 ,
1290 1692 1350 1730 περὶ
1366 1694 1453 1730 ἡμῶν,
1467 1692 1509 1721 ἵνα
1526 1695 1539 1722 ὁ
1552 1693 1628 1731 λόγος
1642 1697 1688 1722 τοῦ
1701 1695 1756 1722 Κυ-

995 1737 1049 1776 ρίου
1066 1736 1148 1776 τρέχῃ
1163 1737 1208 1765 καὶ
1221 1737 1375 1774 δοξάζηται,
1390 1737 1476 1770 καθὼς
1488 1738 1532 1766 καὶ
1546 1738 1611 1776 πρὸς
1622 1739 1698 1776 ὑμᾶς.

1038 1976 1121 2009 Αὐτὸς
1132 1976 1178 2015 μὲν
1194 1980 1238 2005 οὖν
1253 1976 1417 2016 προσηύξατο
1427 1976 1488 2016 περὶ
1503 1977 1598 2011 αὐτῶν,
1613 1975 1682 2005 ὥστε
1697 1987 1760 2010 στη-

961 2021 978 2061 K
998 2025 1137 2080 ριχθῆναι·
1161 2023 1228 2051 αἷτεῖ
1249 2022 1276 2050 δὲ
1297 2025 1339 2050 νῦν
1363 2023 1426 2062 παρ’
1445 2023 1548 2057 αὐτῶν,
1569 2021 1761 2062 προσεύξασθαι

996 2068 1045 2097 ὖπὲ
1035 2081 1063 2108 ρ
1078 2069 1156 2097 αὐτοῦ
1173 2068 1202 2096 οἰζ
1192 2069 1264 2103 ἱνιΐὶν,
1288 2069 1336 2107 ουχ
1355 2068 1396 2096 ἵνα
1416 2067 1451 2105 μὴ
1467 2067 1601 2106 κινδυνευῃ
1617 2068 1665 2106 (εἷς
1685 2070 1761 2096 τοῦτο

997 2114 1047 2153 γὰρ
1074 2113 1179 2152 ἔκειτο),
1207 2115 1276 2150 ἀλλ’,
1297 2114 1356 2143 Ἵνα
1375 2116 1388 2142 ὁ
1404 2114 1479 2153 λόγος
1498 2116 1543 2142 τοῦ
1566 2113 1663 2153 Κυρίου
1678 2113 1759 2152 τρέχῃ

998 2160 1042 2189 καὶ
1055 2160 1202 2195 δοξάζηται,
1220 2159 1307 2192 καθὼς
1321 2159 1366 2188 καὶ
1377 2160 1441 2199 πρὸς
1453 2161 1529 2197 ὑμᾶς.
1545 2159 1598 2189 Καὶ
1609 2160 1667 2198 μετ’
1681 2161 1762 2197 ἐγκω-

998 2206 1057 2244 μίου
1076 2208 1092 2241 ἡ
1117 2205 1236 2241 αἴτησις·
1259 2205 1403 2244 Καθάπερ,
1429 2205 1492 2244 φησὶ
1504 2227 1511 2241 ‚
1535 2206 1580 2234 καὶ
1599 2205 1664 2244 πρὸς
1683 2207 1760 2242 ὑμᾶς.

997 2251 1049 2281 Καὶ
1060 2251 1102 2280 ἵνα
1115 2254 1250 2291 ῥυσθῶμεν
1267 2251 1319 2280 ἀπὸ
1334 2253 1385 2279 τῶν
1401 2251 1506 2280 ἀτόπων
1521 2251 1566 2280 καὶ
1578 2251 1699 2290 πονηρῶν
1713 2251 1761 2278 ἀν-

996 2297 1123 2337 θρώπων·
1146 2299 1174 2326 οὐ
1191 2297 1242 2337 γὰρ
1253 2297 1358 2326 πάντων
1373 2298 1389 2331 ἦ
1405 2296 1501 2330 πίστις.
1524 2298 1608 2326 Τοῧτο
1623 2295 1760 2330 δηλοῦντός

1010 2400 1167 2472 βεῗκίωῇιοίο
1180 2442 1280 2472 πράξεων
1292 2441 1335 2467 δεῖ,
1349 2443 1392 2462 aut
1409 2438 1458 2462 tale
1470 2437 1539 2470 quid.
1554 2435 1675 2462 Halesius.
1688 2438 1759 2461 Fon.

1013 2477 1086 2512 ,muci-J
