1893 2860
98 608 153 629 Vera
166 609 220 630 ultio

96 648 108 666 ΙΙ
113 648 151 661 nic.

83 1527 126 1546 Jub
154 1533 171 1547 ι.
186 1532 223 1548 21.

81 1864 166 1886 Eztclt.
187 1865 221 1887 18.

253 168 323 216 576
591 180 619 204 s.
649 180 787 203 JOANNiS
813 177 993 201 cunrsosr.

252 242 327 279 prius
344 242 422 270 suerit
439 242 550 277 malum,
570 251 622 269 uon
638 248 675 269 est
691 241 791 269 malum
806 238 983 268 reddendum.

252 286 305 315 Sed
316 287 373 319 iste,
388 286 482 323 inquit,
494 293 532 314 est
547 286 695 325 improbus,
710 292 735 314 et
754 296 796 313 ine
808 284 900 313 multis
918 285 987 312 affe-—

252 332 287 359 cit
301 331 416 370 injuriis.
432 331 482 360 Vis
497 331 575 359 illum
588 331 680 359 ulcisci
692 331 705 358 3‘
720 341 752 358 ne
771 330 793 358 ei
807 341 856 369 par
867 330 926 369 pari
945 341 987 358 re-

250 377 319 404 seras
335 388 341 403 z
356 377 412 405 sine
426 377 502 405 abeat
518 377 635 416 impune.
650 376 754 406 Satisne
768 382 805 404 est
823 376 874 404 huc
887 375 988 414 usque?

250 422 435 459 Nequaquam.
448 423 504 451 Sed
514 433 624 461 semper
635 423 713 461 quod
724 424 829 450 bonum
841 428 883 450 est
897 428 988 450 secta-

250 469 333 500 mini,
351 474 377 496 et
389 470 524 504 invicem,
541 475 569 496 et
585 470 616 496 in
640 478 747 496 omnes.
772 467 837 495 Haec
851 467 936 506 major
950 474 988 496 est

249 513 432 553 philosophia,
449 525 500 543 non
516 515 601 543 solum
616 515 686 543 mala
701 514 779 542 malis
792 524 844 542 non
860 513 987 553 repende-

250 572 288 597 re,
309 561 354 590 sed
370 562 439 591 bona
454 575 459 590 :
472 563 529 591 lizec
544 563 615 591 enim
630 573 721 591 revera
742 569 780 590 est
804 562 883 599 ultio,
906 569 931 590 et
946 561 987 590 illi

249 608 378 636 damnum
392 609 514 646 afferens,
528 615 553 637 et
567 608 616 637 tibi
631 602 849 645 titilitate‘m3imo
864 608 905 636 illi
918 618 986 646 quo-

249 665 300 693 que
313 665 448 694 magnam,
463 655 484 683 si
499 655 577 691 velit⁷
591 654 741 683 utilitatem.
754 654 788 682 Et
802 665 833 683 ne
851 655 986 683 existimes

248 700 299 729 hoc
318 701 421 729 dictum
445 711 501 729 esse
524 700 558 729 de
581 700 709 729 fidelibus
725 701 823 735 solum,
847 708 986 740 propterea

246 746 324 784 dicit,
334 748 373 775 El
384 749 516 783 invicem,
527 749 595 775 etin
608 757 716 775 omnes.
727 748 772 775 16.
786 746 901 785 Semper
913 757 985 786 gau·

247 793 320 821 dete.
340 793 397 821 Hoc
411 792 443 820 de
458 793 648 821 tentationibus
662 803 720 830 quae
735 792 844 831 pariunt
860 793 985 822 afflictio-

246 848 315 866 nem,
339 838 436 866 Audite
456 838 618 876 quicumque
640 837 773 866 incidistis
790 838 816 865 in
837 845 983 877 pauperta-

246 892 309 922 tem,
323 892 347 913 et
362 885 409 923 qui
422 885 448 913 in
463 895 502 913 res
514 885 656 922 adversas;
672 895 706 913 ex
721 885 761 912 his
773 885 842 913 enim
867 885 984 914 nascitur

244 931 382 967 gaudium.
395 930 508 965 Quando
522 931 592 959 enim
605 931 655 959 hoc
670 941 762 958 sumus
773 931 910 968 anim07ut
925 932 982 961 nul-

243 976 300 1004 lum
314 976 485 1012 ulciscamur,
505 975 551 1004 sed
565 986 656 1004 omnes
676 976 825 1004 afficiamus
839 977 980 1015 beneficio,

243 1021 390 1059 quomodo,
400 1032 498 1059 quaeso,
510 1022 605 1060 poterit
618 1021 708 1050 subire
725 1022 849 1051 stimulus
862 1022 984 1052 doloris?

244 1067 299 1103 Qui
311 1067 381 1095 enim
396 1067 461 1095 dum
476 1068 545 1096 male
560 1067 678 1096 afficitur
698 1068 736 1096 sic
758 1068 875 1103 laetatur,
892 1076 922 1097 ut
933 1069 982 1098 be»

241 1114 341 1143 neficiis
355 1125 381 1142 se
393 1114 534 1143 laedentem
549 1114 704 1151 ulciscatur,
726 1114 862 1153 quomodo
878 1114 911 1143 de
924 1126 979 1144 cae-

240 1167 296 1188 tero
317 1160 412 1199 poterit
434 1170 545 1189 moerore
566 1160 661 1188 affici?
674 1160 708 1189 Et
726 1160 859 1198 quomodo
881 1168 977 1200 potest,

239 1206 336 1243 inquit,
347 1206 397 1234 hoc
410 1206 492 1234 fieri?
507 1206 536 1234 Si
551 1205 675 1241 velimus,
692 1205 750 1234 fieri
766 1213 861 1245 potest.
874 1207 979 1235 Deinde

238 1251 318 1279 etiam
329 1251 399 1280 viam
413 1250 527 1279 ostendit
538 1263 543 1278 :
555 1252 601 1279 17.
611 1252 679 1280 Sine
690 1253 904 1281 intermissione
913 1264 977 1281 ora-

240 1303 282 1331 ως
292 1297 337 1326 18.
351 1299 382 1325 ἱη
395 1299 527 1326 omnihus
537 1299 650 1336 gratias
664 1300 741 1336 agite
750 1310 758 1324 .-
769 1299 829 1327 kaec
844 1305 886 1327 est
900 1301 977 1327 enim

238 1344 378 1372 voluntas
395 1345 461 1372 Dei.
489 1344 600 1382 Semper
625 1344 725 1382 gratias
751 1354 842 1382 agere,
865 1344 916 1373 hoc
939 1352 977 1373 est

237 1389 321 1417 animi
336 1388 523 1428 philosophici.
539 1389 636 1417 Passus
657 1399 684 1417 es
698 1389 803 1426 aliquid
818 1390 881 1418 mali
894 1390 906 1418 ἑ)
924 1391 977 1419 Sed

237 1435 259 1463 si
272 1435 350 1471 velis,
363 1445 414 1462 non
427 1442 465 1463 est
480 1434 580 1462 malum
592 1446 598 1462 :
609 1445 658 1473 age
672 1436 729 1463 Deo
746 1435 859 1473 gratias,
874 1443 898 1464 et
913 1447 976 1464 mu-

237 1488 310 1509 tatur
323 1481 425 1509 malum
437 1481 463 1508 in
479 1481 581 1509 bonum
595 1481 691 1509 :dictu
706 1492 812 1519 quoque
827 1482 895 1510 sicut
906 1484 974 1511 Job:

236 1527 278 1556 Sit
291 1537 396 1554 nomen
407 1527 529 1554 Domini
544 1527 724 1555 benedictum
736 1528 767 1554 in
776 1528 975 1566 saecula.Quid

237 1572 319 1609 enim,
336 1572 380 1600 dic
395 1571 478 1607 mihi,
494 1572 546 1600 lale
560 1582 652 1611 passus
668 1572 715 1600 es?
730 1572 826 1601 invasit
842 1574 974 1602 morbus?

237 1616 284 1645 sed
299 1627 349 1644 non
364 1623 402 1644 est
423 1626 524 1644 novum
539 1627 585 1644 nec
598 1616 731 1652 alienum;
748 1623 786 1644 est
808 1618 880 1645 enim
898 1618 973 1645 nobis

236 1673 332 1701 corpus
357 1663 468 1691 mortale
483 1669 508 1691 et
532 1663 652 1702 patibile.
671 1664 704 1691 At
718 1663 767 1691 tibi
786 1663 887 1692 accedit
911 1674 973 1702 ege-

236 1716 288 1737 stas
302 1709 444 1748 pecuniae?
459 1709 504 1737 sed
519 1720 548 1737 ea
563 1716 588 1737 et
603 1709 705 1747 acquiri
722 1715 747 1737 et
763 1709 849 1738 amitti
873 1716 970 1748 potest,

235 1762 260 1783 et
272 1755 316 1783 hic
327 1762 422 1783 manet.
439 1756 471 1783 At
482 1755 531 1783 tibi
545 1754 657 1783 insidias
670 1762 799 1794 pararunt
820 1755 933 1790 inimici,
947 1763 972 1785 et

234 1807 260 1829 te
274 1808 334 1829 sunt
349 1800 525 1829 calumniati?
545 1800 591 1828 sed
611 1811 658 1829 nos
673 1801 700 1828 in
713 1800 755 1828 his
770 1800 897 1839 injuriam
911 1802 971 1830 'non

234 1847 400 1886 accepimus,
423 1846 469 1875 sed
484 1846 525 1874 illi
540 1846 588 1884 qui
612 1846 730 1874 fecerunt
743 1846 872 1875 :Anima
887 1847 968 1883 enim,

235 1893 333 1930 inquit,
354 1903 418 1931 quoe
442 1898 543 1931 peccat
551 1913 559 1928 ‚
583 1893 647 1930 ipsa
677 1893 823 1920 morietur.
848 1893 970 1922 Peccavit

234 1945 322 1966 autem
333 1948 383 1966 non
394 1938 439 1976 qui
454 1937 523 1965 male
537 1943 576 1965 est
590 1947 694 1976 passus,
705 1938 751 1965 sed
766 1937 813 1975 qui
823 1937 891 1966 male
900 1938 969 1967 fecit.

234 1983 306 2012 Eum
328 1994 390 2022 ergo
408 1984 453 2021 qui
477 1989 515 2011 est
536 1988 658 2010 mortuus
672 1992 724 2010 non
741 1990 843 2022 oportet
859 1983 970 2021 ulcisci,

234 2030 279 2058 sed
289 2041 336 2069 pro
349 2040 378 2058 eo
390 2040 476 2066 orare,
485 2036 513 2057 ut
522 2029 610 2068 ipsum
623 2039 638 2056 a
650 2035 734 2056 morte
743 2028 898 2057 liberemus.
911 2031 970 2058 Non

233 2076 332 2104 videtis
354 2076 427 2114 quod
447 2075 504 2114 apis
520 2075 546 2103 in
561 2074 670 2103 stimulo
694 2074 842 2103 moriatur?
857 2076 907 2104 Per
920 2076 970 2104 hoc

233 2123 332 2150 animal
351 2133 399 2151 nos
413 2121 502 2150 erudit
517 2123 600 2155 Deus,
616 2131 649 2149 ne
669 2121 835 2160 propinquos
850 2122 969 2151 molestia
980 2116 990 2135 ‘⁴
1005 2117 1015 2132 ς

233 2168 401 2196 afficiamus:
417 2167 467 2206 ipsi
488 2167 560 2195 enim
583 2166 658 2205 prius
673 2173 785 2194 mortem
809 2167 967 2206 accipimus.

234 2213 296 2241 Illos
310 2213 418 2251 quidem
435 2213 542 2240 fortasse
555 2222 652 2250 parum
673 2212 793 2240 molestia
817 2212 969 2250 asfecimus3

233 2259 283 2297 ipsi
299 2266 387 2286 autem
404 2268 456 2286 non
471 2257 588 2297 amplius
604 2257 738 2294 vivemus,
754 2257 822 2286 sicut
837 2268 884 2286 nec
899 2259 969 2288 illud

233 2305 340 2332 animal.
354 2304 435 2342 Atqui
453 2303 590 2343 Scriptura
606 2303 635 2331 id
649 2303 743 2331 laudat
756 2303 856 2338 dicens,
874 2305 969 2342 Quam

233 2352 379 2387 operatrix
398 2356 439 2377 est
451 2351 514 2388 apis
527 2349 623 2387 :cujus
642 2359 710 2387 opus
730 2359 804 2386 reges
823 2356 849 2377 et
869 2350 967 2388 privati

232 2394 266 2422 ml
280 2395 416 2422 sanitatem
431 2394 558 2422 adhibent
570 2405 575 2420 :
587 2393 633 2422 sed
647 2394 714 2421 nihil
728 2404 785 2422 eam
806 2395 921 2433 protegit
937 2403 966 2425 ut

233 2451 284 2468 non
300 2441 437 2477 moriatur,
446 2441 492 2469 sed
507 2441 615 2468 omnino
629 2447 718 2479 pereat
729 2447 844 2480 oportet.
862 2441 891 2469 Si
906 2452 964 2471 eam

265 2535 275 2545 '⁴
292 2532 423 2565 [Florileg.
440 2537 580 2564 &Vetusta-911,
593 2540 616 2558 ct
630 2543 687 2558 mox
701 2537 788 2567 [ἱλάέην
801 2537 919 2569 φέρουσι]

1024 179 1040 201 Λ
1047 180 1163 205 RCHIEP
1170 197 1178 205 .
1205 184 1267 206 CON
1273 185 1330 207 STA
1337 185 1471 208 NTINOP.

1042 252 1082 276 να,
1091 242 1282 282 φησὶ,πονηρο’ς
1290 247 1355 281 ἐστι,
1365 245 1410 274 καὶ
1422 245 1544 281 ἐλύπησε,
1555 246 1598 274 καὶ
1604 244 1690 274 πολλοί
1705 258 1738 283 με
1747 244 1805 281 ἦόί-

1042 298 1115 320 κησε.
1130 288 1220 317 Βούλει
1231 290 1307 318 αὐτὸν
1324 291 1470 328 ἀμύνασθαι
1480 304 1487 327 ;
1498 291 1534 329 μὴ
1547 293 1699 330 ἀνταποδῷς
1709 304 1715 309 ·
1729 291 1804 321 ἔασον

1043 329 1292 374 ἀτιμιῖ)ρητον.ἷὶρα
1300 335 1380 373 μέχρι
1390 336 1493 372 τούτου;
1502 337 1726 375 Οὐδαμῶς.Ἀλλὰ
1738 337 1804 365 ποίν-

1042 388 1100 406 τοτε
1114 378 1144 406 τὸ
1160 380 1256 417 ἀγαθὸν
1271 379 1396 414 διώκετε,
1413 381 1457 409 καὶ
1481 384 1516 414 εἷς
1535 383 1679 418 ἀλλήλους,
1701 382 1746 410 καὶ
1768 383 1805 414 εἷς

1042 423 1150 456 πάντας.
1167 424 1240 460 Αὕτη
1255 425 1350 463 μείζων
1363 428 1379 460 ἠ
1396 427 1549 465 φιλοσοφία,
1570 428 1606 465 μὴ
1623 430 1698 466 μόνον
1715 432 1805 460 κακοῖς

1043 468 1080 506 μὴ
1096 468 1111 483 *
1122 470 1266 507 ἀμύνεσθαι
1279 470 1311 499 τὰ
1326 470 1396 499 κακὰ
1407 493 1414 506 ,
1431 471 1498 500 ἀλλὰ
1523 473 1642 510 ἀγαθοῖς·
1665 473 1732 508 αὕτη
1754 473 1806 512 γάρ

1043 516 1112 542 ἐστιν
1122 515 1203 548 ὄντως
1213 516 1299 554 ἄμυνα
1315 516 1429 555 κάκείνῳ
1445 516 1545 554 βλσίὸην
1557 517 1667 555 ἔχουσα,
1681 519 1726 547 καὶ
1740 519 1807 558 ὠφέ-

1041 560 1113 589 λειάν
1135 573 1176 590 σοι
1188 573 1194 578 ·
1210 563 1308 599 μᾶλλον
1324 562 1350 590 δὲ
1366 561 1478 601 κάκείνῳ
1492 562 1592 598 πολλὴν
1607 563 1654 598 τὴν
1668 564 1805 607 ὠφέλειαν,

1042 605 1086 634 ἐὰν
1100 607 1172 646 θέλῃ.
1186 607 1239 636 Καὶ
1253 607 1295 635 ἵνα
1317 608 1354 645 μὴ
1372 608 1482 646 νομίσῃς
1501 608 1542 636 ὅτι
1563 608 1623 647 περὶ
1638 612 1689 638 τῶν
1703 611 1804 639 πιστῶν

1042 652 1127 688 μόνων
1143 656 1218 682 τοῦτο
1233 654 1352 693 εἴρηται,
1369 654 1412 682 διὰ
1426 657 1501 682 τοῦτο
1518 649 1588 690 εἶπε,
1604 654 1656 683 Καὶ
1671 657 1706 688 εἷς
1722 655 1806 690 ἀλλή-

1041 700 1115 733 λους,
1133 699 1176 728 καὶ
1195 701 1230 731 εἷς
1249 699 1359 733 πάντας.
1378 700 1497 728 Πάντοτε
1513 700 1629 739 χαίρετε.
1644 702 1730 730 Τοῦτο
1745 701 1805 740 περὶ

1040 746 1091 772 τῶν
1116 748 1270 784 πειρασμῶν
1290 747 1341 774 τῶν
1361 747 1447 784 θλῖψιν
1462 746 1650 783 ἐμποιούντων.
1670 746 1804 783 Ἀκούετε,

1039 789 1095 818 ὅσοι
1109 790 1185 829 πενίᾳ
1200 791 1418 829 περιπεπ-τώκατε
1430 814 1437 827 ‚
1460 791 1517 820 ὅσοι
1538 793 1664 830 λυπηροῖς
1677 792 1804 831 πράγμα-

1040 846 1093 862 σιν·
1109 836 1160 864 ἀπὸ
1174 836 1271 864 τούτων
1285 836 1336 875 γὰρ
1350 837 1422 876 χαρὰ
1436 837 1562 866 τίκτεται,
1576 836 1662 866 ‘'va
1682 838 1733 877 γὰρ
1747 849 1804 867 τοι-

1041 881 1119 916 αύτην
1135 882 1237 920 ἔχωμεν
1251 883 1348 921 ψυχὴν,
1366 883 1434 912 ὥστε
1451 883 1549 921 μηδένα
1562 882 1722 921 ἀμύνεσθαι,
1737 884 1806 913 ἀλλὰ

1038 927 1136 959 πάντας
1162 929 1315 967 εὐεργετεῖν,
1337 928 1425 963 πόθεν,
1451 929 1508 957 εἶπέ
1530 940 1590 966 μοι,
1609 929 1639 957 τὸ
1660 931 1707 964 τῆς
1720 929 1807 965 λύπης

1037 972 1142 1011 κέντρον
1157 975 1336 1012 παρεισελθεῖν
1350 973 1505 1010 δυνήσεται,
1518 974 1552 1003 ‘O
1565 975 1615 1014 γὰρ
1627 974 1693 1004 οὕτω
1704 975 1805 1015 χαίρων

1037 1020 1073 1056 τῷ
1094 1021 1185 1047 παθεῖν
1199 1021 1287 1052 κακῶς
1298 1040 1305 1053 ,
1321 1021 1357 1052 ὣς
1369 1019 1413 1047 καὶ
1433 1019 1591 1059 εὐεργεσίαις
1606 1020 1748 1058 ἀμύνεσθαι
1761 1021 1805 1050 τὸν

1035 1064 1198 1099 πεποιηκότα
1215 1067 1320 1100 κακῶς,
1341 1064 1419 1093 πόθεν
1436 1065 1575 1100 δυνήσεται
1596 1067 1732 1101 ἀνιαθῆναι
1751 1067 1806 1095 λοι-

1035 1108 1097 1144 πόν;
1114 1110 1165 1137 Καὶ
1189 1112 1244 1142 πῶς
1258 1106 1310 1138 οἶόν
1327 1122 1355 1138 τε
1378 1113 1471 1146 τοῦτο,
1487 1110 1582 1149 φησῖν5
1603 1109 1649 1140 Ἂν
1664 1111 1804 1149 ἐθέλωμεν,

1035 1154 1151 1183 δυνατόν.
1172 1151 1240 1184 Εἶτα
1265 1155 1310 1184 καὶ
1337 1155 1384 1191 τὴν
1410 1156 1467 1185 ὁδὸν
1485 1156 1577 1189 ἔδειξεν
1590 1168 1596 1174 ·
1618 1157 1804 1189 Ἀδιαλείπτως

1033 1200 1224 1240 προσεύχεσθε,
1240 1203 1265 1230 ἐν
1289 1201 1368 1230 παντὶ
1383 1204 1564 1242 εὐχαριστεῖτε
1574 1215 1580 1220 ·
1594 1206 1669 1232 τοῦτο
1693 1203 1743 1242 γὰρ
1759 1203 1805 1232 θέ-

1033 1246 1106 1283 λημα
1121 1248 1200 1275 Θεοῦ.
1212 1248 1252 1276 Τὸ
1271 1247 1312 1275 ἀεὶ
1324 1249 1498 1288 εὐχαριστεῖν,
1510 1253 1585 1278 τοῦτο
1598 1249 1738 1289 φιλοσόφου
1752 1251 1800 1288 ψυ-

1032 1294 1090 1331 χῆς,
1105 1292 1222 1326 Ἔπαθές
1245 1305 1270 1322 τι
1296 1294 1395 1331 κακόν,
1413 1294 1482 1323 Ἀλλ’
1505 1295 1549 1324 ἐὰν
1564 1295 1657 1334 θέλῃς,
1673 1297 1720 1324 οὔκ
1743 1295 1800 1324 ἔστι

1032 1341 1111 1369 κακόν
1122 1354 1127 1359 ·
1143 1342 1331 1381 εὐχαρίστησον
1342 1344 1379 1380 τῷ
1390 1344 1451 1381 Θεῷ
1461 1365 1468 1377 ,
1485 1343 1529 1371 καὶ
1545 1343 1692 1380 μετεὸλήθη
1707 1343 1737 1372 τὸ
1751 1355 1798 1372 κα-

1031 1390 1075 1418 κὸν
1092 1391 1127 1422 εἷς
1147 1390 1242 1427 ἀγαθόν
1253 1402 1259 1407 ·
1273 1389 1329 1418 εἰπὲ
1343 1390 1387 1418 καὶ
1402 1391 1433 1418 σὺ
1450 1393 1484 1422 ὡς
1499 1390 1576 1426 Ἰὼὸ,
1593 1391 1642 1426 Εἴη
1667 1390 1698 1419 τὸ
1717 1390 1799 1429 ὄνομα

1031 1438 1128 1477 Κυρίου
1150 1437 1321 1476 εὖλογημένον
1338 1439 1374 1470 εἷς
1394 1438 1452 1471 τιὺς
1476 1439 1579 1471 αἰῶνας.
1593 1439 1629 1467 Τί
1650 1439 1714 1477 γὰρ,
1738 1439 1797 1468 εἶπέ

1032 1500 1085 1525 μοι,
1093 1490 1208 1517 τοιοῦτον
1221 1488 1367 1523 πέπονθας,
1377 1487 1450 1520 νόσος
1458 1488 1598 1523 ἐπέπεσεν,
1609 1489 1666 1517 ἀλλ’
1675 1489 1748 1517 οὐδὲν
1760 1489 1800 1522 ξέ-

1031 1550 1072 1567 νον
1083 1550 1088 1555 ·
1106 1538 1197 1573 θνητὸν
1212 1538 1262 1576 γὰρ
1282 1540 1344 1575 ἡμῖν
1366 1538 1396 1566 τὸ
1419 1540 1497 1576 σῶμα
1512 1538 1556 1566 καὶ
1574 1538 1799 1573 παθητόν.Ἀλλὰ

1030 1587 1106 1616 πενία
1118 1591 1128 1603 ³
1138 1588 1280 1623 συνήντησε
1296 1588 1458 1627 χρημάτων,
1472 1588 1540 1617 ἀλλὰ
1557 1589 1602 1617 καὶ
1617 1591 1700 1617 ταῦτα
1713 1589 1799 1624 κτητὰ

1030 1638 1074 1666 καὶ
1089 1638 1225 1674 ἀπόκτητα
1236 1661 1243 1674 ,
1254 1639 1298 1667 καὶ
1314 1641 1425 1668 ἐνταῦθα
1440 1639 1561 1677 μένοντα.
1577 1639 1646 1668 Ἀλλ’
1662 1640 1797 1669 ἕπιὸουλαὶ

1029 1688 1072 1716 καὶ
1087 1689 1256 1728 συκοφαντίαι
1271 1691 1334 1727 παρ’
1349 1691 1465 1728 ἐχθρῶν;
1482 1691 1539 1718 ἀλλ’
1554 1691 1603 1729 οὐχ
1616 1692 1691 1727 ἡμεῖς
1705 1690 1799 1726 ἠδική-

1029 1742 1096 1776 μεθα
1107 1741 1132 1768 ἐν
1146 1739 1247 1772 τούτοις
1256 1762 1263 1775 ‚
1278 1741 1336 1768 ἀλλ’
1358 1742 1452 1769 ἐκεῖνοι
1471 1742 1495 1769 οἷ
1508 1741 1681 1776 πεποιηκότες
1690 1753 1696 1759 ·
1710 1741 1798 1780 ἱΨυχὴ

1028 1789 1078 1829 γὰρ
1089 1812 1096 1824 ,
1110 1790 1198 1828 φησὶν,
1214 1792 1231 1824 ἡ
1244 1790 1432 1829 ἁμαρτάνουσα
1445 1813 1452 1826 ,
1468 1791 1533 1826 αὐτὴ
1550 1791 1595 1819 καὶ
1616 1793 1798 1821 ἀποθανεῖται.

1026 1839 1151 1879 Ἵὶμαρτε
1177 1841 1204 1868 δὲ
1224 1841 1272 1878 οὐχ
1294 1842 1306 1868 ὁ
1330 1840 1420 1869 παθὼν
1445 1843 1550 1878 κακῶς,
1567 1842 1624 1870 ἀλλ’
1651 1844 1664 1870 ὁ
1686 1843 1799 1878 ποιήσας

1027 1890 1123 1921 κακῶς.
1146 1891 1186 1918 Οὐ
1211 1890 1296 1919 τοίνυν
1320 1890 1363 1919 τὸν
1379 1891 1544 1920 ἀποθανόντα
1565 1891 1709 1930 ἀμύνεσθαι
1729 1892 1799 1931 χρὴ,

1028 1941 1085 1968 ἀλλ’
1102 1940 1225 1979 εὔχεσθαι
1237 1940 1303 1980 ὑπὲρ
1315 1942 1409 1976 αὐτοῦ,
1427 1942 1494 1970 ὥστε
1512 1942 1589 1970 αὐτὸν
1604 1941 1735 1975 ἐξελέσθαι
1750 1945 1795 1972 τοῦ

1027 1991 1147 2019 θανάτου.
1170 1992 1230 2030 Οὐχ
1250 1993 1327 2029 ὁρᾶτε
1354 1991 1401 2026 τὴν
1426 1991 1562 2029 μέλισσαν,
1579 1991 1618 2020 ὅτι
1642 1992 1796 2028 πλήττουσα

1027 2040 1221 2075 ἐπαποθνήσκει
1238 2042 1274 2079 τῷ
1291 2040 1406 2080 κε’ντρῳ;
1424 2043 1465 2070 Δι’
1482 2041 1580 2070 ἐκείνου
1597 2044 1642 2070 τοῦ
1657 2041 1723 2075 ζώου
1735 2054 1797 2071 παι-

1027 2091 1093 2119 δεύει
1115 2094 1186 2129 ἡμᾶς
1200 2093 1213 2119 ὁ
1228 2091 1296 2123 Θεὸς
1323 2091 1359 2128 μὴ
1375 2093 1467 2120 λυπεῖν
1491 2091 1550 2124 τοὺς
1569 2092 1679 2126 πλησίον
1694 2104 1699 2109 ·
1722 2092 1796 2121 αὐτοὶ

1026 2141 1076 2182 γὰρ
1098 2142 1142 2170 τὸν
1164 2142 1274 2170 θάνατον
1293 2142 1422 2180 δεχόμεθα
1447 2141 1578 2181 πρότεροι.
1594 2142 1728 2176 Ἐκείνους
1747 2142 1796 2181 μὲν

1025 2192 1076 2232 γὰρ
1088 2192 1248 2227 πλήττοντες
1262 2193 1324 2225 ἴσως
1340 2192 1405 2231 πρὸς
1417 2192 1508 2231 μικρὸν
1520 2193 1688 2231 ἓλυπῆσαμεν
1697 2205 1703 2211 ·
1721 2193 1795 2222 αὐτοὶ

1026 2242 1053 2270 δὲ
1077 2241 1165 2270 οὐκέτι
1184 2242 1332 2280 ζησόμεθα,
1355 2241 1474 2281 καθάπερ
1492 2241 1549 2270 οὐδὲ
1567 2244 1650 2271 ἐκεῖνο
1669 2242 1700 2271 τὸ
1719 2243 1794 2275 ζῶον.

1024 2291 1118 2320 Καίτοι
1135 2303 1164 2330 γε
1179 2293 1280 2320 ἐπαινεῖ
1296 2291 1356 2320 αὐτὸ
1371 2293 1387 2325 ἡ
1402 2291 1494 2330 Γραφὴ
1510 2291 1623 2330 λέγουσα
1633 2314 1640 2327 ,
1657 2291 1702 2325 Ὡς
1715 2292 1795 2332 ἐργά-

1022 2351 1061 2372 τις
1076 2340 1145 2368 ἐστίν
1158 2352 1164 2358 ·
1181 2336 1212 2375 ἧς
1227 2340 1274 2375 τὴν
1285 2339 1407 2378 ἐργασίαν
1425 2341 1541 2377 βασιλεῖς
1556 2341 1600 2369 καὶ
1615 2342 1718 2370 ἰδιῶται
1729 2342 1794 2381 πρὸς

1022 2392 1121 2430 ὑγίειαν
1141 2392 1350 2432 προσφέρονται·
1376 2393 1433 2420 ἀλλ’
1448 2392 1520 2421 οὐδὲν
1541 2394 1620 2428 αὖτῆς
1633 2392 1791 2431 προΐσταται

1022 2444 1058 2474 εἷς
1071 2443 1100 2471 τὸ
1114 2442 1151 2481 μὴ
1167 2444 1315 2477 ἀποθανεῖν,
1333 2442 1400 2471 ἀλλὰ
1413 2443 1451 2470 δεῖ
1468 2443 1572 2476 πάντως
1587 2443 1740 2472 ἀπολέσθαι.
1756 2444 1789 2472 Εἰ

1063 2545 1072 2555 ⁸
1092 2535 1220 2569 [συνήντησε
1231 2545 1280 2560 om.
1296 2535 1381 2570 Colo]
