1893 2860
442 204 473 226 IN
504 202 612 225 EPIST.
642 201 687 223 AD
715 199 834 223 EPnEs'.

62 264 175 303 γέλωτος
191 277 196 284 ·
220 265 334 300 τοσαύτη
349 268 365 301 ἡ
381 264 468 304 ῧὸρις,
483 264 529 294 καὶ
548 264 596 292 οὐκ
618 263 744 302 αἷογύνῃς
759 261 831 301 ‘'Opoe

63 309 90 338 δὲ
107 310 153 340 καὶ
174 311 265 350 ἑτέραν
282 311 372 340 πάλιν.
395 309 435 339 Τὸ
454 309 681 350 προσκυνούμενον
707 308 733 337 τί
756 308 833 337 effev-

63 356 145 392 νῦεῑςς
157 357 187 386 ’τί
201 357 352 393 ἀπολλύεκ;
363 357 389 386 τί
410 359 524 396 ἀναιρεῖς
542 368 588 385 σου
603 356 645 384 τὸν
661 356 733 390 οεόν;
749 354 792 383 διὰ
808 355 834 383 τί

65 401 102 440 μὴ
116 408 260 443 συγχωρεῖς
270 403 317 439 τὴν
327 404 412 433 οἰκίαν
424 404 611 441 ἐμπεπλῆσθαι
628 402 721 436 αὖτοῦ;
733 402 766 430 Εἰ
783 400 834 439 γὰρ

64 448 120 480 θεός
134 449 191 477 ἔστι
206 449 235 478 τὸ
249 453 317 488 πῦρ,
340 449 504 487 ἐπινεμέσθω
525 460 571 477 σου
591 447 621 476 τὸ
640 449 730 485 σῶμα,
744 447 781 484 μὴ
797 449 834 485 τῷ

64 494 177 532 πυθμένι
190 496 238 529 τῆς
250 495 350 534 χύτρας
361 495 405 523 καὶ
420 497 465 524 τοῦ
477 494 586 530 λέὸητος
604 494 646 522 τὸν
663 494 718 522 θεὸν
735 493 835 522 {mogoi-

64 540 114 578 λῃς
123 551 130 557 ·
143 540 232 579 εἴσαγε
247 542 283 574 εἷς
297 541 330 569 τὰ
342 545 438 578 ταμεὶα
448 563 455 576 ,
468 540 554 578 εἴσαγε
569 542 604 572 εἷς
618 539 651 568 τὰ
662 539 761 578 σηρικὰ
772 539 834 576 ἱμά-

65 597 120 614 τια.
146 585 185 614 Σὺ
212 586 238 615 δὲ
263 588 292 615 οὐ
316 586 393 624 μόνον
413 587 460 615 οὐκ
483 585 610 624 εἰσάγεις,
632 584 699 613 ἀλλὰ
720 585 768 612 κᾶν
793 583 835 612 διὰ

65 632 234 670 περιπέτειαν
261 644 330 666 τινος
359 631 514 670 ἐπεισέλθῃ,
545 631 672 658 πάντοθεν
703 629 835 664 ἐλαύνεις,

65 677 167 709 πάντας
182 679 333 716 συγκαλεῖς,
353 678 398 706 καὶ
411 676 501 716 ὥσπερ
516 675 606 715 Οηρίου
628 675 695 707 τινὸς
714 675 835 703 ἐπεισελ-

66 723 170 758 θόντος,
181 723 259 762 ὀδύρῃ
275 723 319 751 καὶ
338 722 449 756 στένεις,
461 722 507 750 καὶ
527 720 663 759 συμφορὰν
678 720 708 748 τὸ
722 725 836 759 πρᾶγμα

65 770 154 800 καλεῖς
177 769 392 807 ὓπερὸοίλλουσαν
417 768 446 796 τὸ
470 767 514 796 τὸν
543 767 599 795 θεόν
627 778 673 795 σου
699 771 833 805 παρεῖναι.

64 813 142 851 Ἒχω
155 814 207 852 ἐγὼ
221 814 291 849 θεὸν,
303 814 348 842 καὶ
362 813 449 842 πάντα
464 815 546 848 ποιῶ,
558 812 627 841 ὥστε
639 811 717 840 αὐτὸν
731 813 835 850 ἐνστερ-

65 859 200 895 νίσασῠαι,
222 859 266 887 καὶ
292 859 476 899 μακαριότητα
495 860 609 897 ἐμαυτοῦ
635 861 764 897 ἡγοῦμαι,
787 859 836 896 οὐχ

65 905 127 934 ὅταν
144 905 193 940 τὴν
206 905 291 934 οἰκίαν
308 905 502 940 ἐπισκέπτηται
516 905 564 940 τὴν
581 904 663 942 ἐμὴν,
679 906 737 933 ἀλλ’
755 904 785 932 ἂν
801 905 837 936 εἷς

66 950 114 985 τὴν
129 950 238 989 καρδίαν
260 951 338 979 αὐτὸν
352 950 454 979 ἑλκύσω
475 950 522 985 τὴν
543 950 620 989 ἐμήν.
635 950 767 979 “Dauara
791 950 837 978 καὶ

67 996 99 1025 σὺ
113 996 142 1025 τὸ
155 999 207 1036 πῦρ
222 998 258 1029 εἷς
272 996 318 1032 τὴν
333 996 443 1035 καρδίαν
454 995 502 1031 τὴν
516 997 574 1031 σήν.
587 996 674 1029 Γέλως
685 999 778 1031 ταῦτα,
791 995 838 1024 καὶ

68 1042 221 1080 ματαιότης.
237 1043 326 1071 Καλὸν
339 1042 370 1071 τὸ
385 1045 437 1081 πῦρ
452 1044 487 1075 εἷς
505 1045 616 1082 χρῆσιν,
631 1044 678 1071 οὐκ
693 1044 729 1074 εἷς
750 1054 837 1081 προσ-

67 1087 191 1123 κύνησιν·
205 1089 242 1120 εἷς
261 1087 411 1124 διακονίαν,
429 1090 465 1121 εἷς
485 1088 645 1128 ὑπγρεσίαν,
669 1090 704 1121 εἷς
728 1089 758 1117 τὸ
780 1089 838 1117 δου-

65 1133 150 1162 λεύειν
166 1134 242 1172 ἐμοὶ,
259 1136 306 1163 οὐκ
327 1136 362 1167 εἷς
375 1134 405 1163 τὸ
423 1139 527 1173 κρατεῖν
549 1136 613 1172 ἐμοῦ
625 1147 630 1152 ·
645 1135 730 1163 ἐκεῖνο
745 1135 777 1163 δι’
791 1134 837 1173 ἐμὲ

63 1179 178 1218 γέγονεν,
190 1181 238 1208 οὐκ
253 1180 306 1219 ἐγὼ
320 1181 353 1209 δι’
368 1181 440 1209 αὑτό.
458 1181 491 1210 Ei
507 1185 660 1219 προσκυνεῖς
680 1180 710 1209 τὸ
732 1183 801 1219 πῦρ,
812 1179 838 1208 τί

65 1226 141 1258 αὐτὸς
155 1225 203 1263 μὲν
225 1226 269 1254 ἐπὶ
291 1227 339 1261 τ’ἶς
364 1226 455 1261 κλίνης
476 1227 649 1262 κατάκεισαι,
665 1226 783 1265 μαγείρῳ
811 1225 837 1255 δὲ

65 1272 179 1306 κελεύεις
189 1273 354 1312 παρεστάναι
369 1285 414 1302 σου
427 1275 465 1312 τῷ
478 1275 544 1311 θεῷ;
560 1273 644 1305 Αὐτὸς
656 1273 778 1305 ἀνάΞεξαι
790 1273 838 1307 τὴν

67 1318 236 1357 μαγειρικὴν,
251 1318 296 1346 καὶ
309 1318 453 1358 ἀρτοκόπος
467 1322 553 1356 γενοῦ,
567 1320 590 1346 εἰ
602 1318 704 1357 βούλει,
716 1318 760 1346 καὶ
773 1319 840 1357 χαλ-

67 1363 137 1396 κεύς.
158 1364 242 1393 Οὐδὲν
272 1364 324 1403 γὰρ
349 1363 447 1392 τούτων
471 1366 523 1392 τῶν
546 1365 646 1402 τεχνῶν
668 1363 839 1402 τιμιώτερον,

68 1409 159 1444 ἐπειδὴ
171 1412 256 1438 ταῦτα
270 1411 284 1438 ὁ
300 1409 343 1442 σὸς
356 1409 545 1438 ἐπισκέπτεται
562 1410 627 1442 θεός.
639 1409 675 1437 Τί
694 1409 768 1448 ῧὸριν
787 1412 839 1448 ἡγῇ

69 1454 117 1490 τὴν
141 1454 250 1494 τέχνην,
266 1454 327 1483 ἔνθα
341 1467 386 1484 σου
401 1454 482 1488 πολὺς
500 1457 514 1484 ὁ
535 1456 605 1490 θεός;
625 1455 651 1483 τί
665 1460 718 1488 τοῖς
743 1455 842 1488 δούλοις

71 1500 236 1536 ἐπιτάττεις,
257 1500 334 1533 αὐτὸς
354 1500 383 1530 δὲ
405 1501 435 1529 οὔ
457 1500 605 1536 καταξιοῖς;
627 1500 715 1530 Καλὸν
729 1501 760 1530 τὸ
773 1505 841 1540 πῦρ,
854 1521 878 1540 92

71 1545 163 1582 ἐπειδὴ
184 1546 229 1576 καὶ
249 1547 331 1575 καλοῦ
350 1547 524 1586 δημιουργοῦ,
547 1548 605 1575 ἀλλ’
627 1547 656 1576 οὐ
677 1547 750 1580 θεός·
768 1547 842 1586 ἔργον

72 1592 124 1631 γὰρ
147 1594 230 1628 Θεοῦ,
253 1594 281 1622 οὐ
304 1593 359 1626 θεὸς
383 1595 394 1607 ³
404 1593 512 1628 ἐκλήθη.
539 1594 600 1632 Οὐχ
623 1595 685 1633 ὁρᾷς
713 1595 791 1622 αὐτοῦ
813 1594 843 1622 τὸ

72 1638 201 1674 ἄτακτον,
215 1640 271 1672 πῶς
282 1638 344 1667 ὅταν
359 1638 520 1674 ἐπιλοίὸηται
534 1639 628 1675 οἰκίας,
643 1640 757 1678 οὐδαμοῦ
768 1639 843 1668 ἵστα·

72 1696 132 1720 ται;
147 1685 206 1714 ἀλλ’
219 1684 264 1714 ἐὰν
277 1686 330 1724 σι’-ᾖ
343 1687 440 1724 συνεχῗΔ
453 1696 526 1720 τινα,
541 1684 628 1714 πάντα
640 1688 776 1725 καθαιρεῖ,
793 1686 842 1714 κᾶν

73 1730 110 1768 μὴ
125 1729 252 1759 τεκτόνων
271 1729 382 1770 χεῖρεςῆ
397 1730 442 1759 καὶ
456 1730 543 1758 ἄλλων
559 1732 637 1758 τινῶν
655 1730 783 1760 egica-ww
798 1732 842 1759 αὖ·

70 1778 117 1804 τοῦ
131 1776 179 1812 τὴν
200 1776 309 1815 μανίαν,
322 1776 351 1805 οὗ
371 1776 460 1815 φίλους
474 1771 542 1804 οἶδεν
552 1798 559 1811 ,
570 1777 598 1804 οὗ
610 1776 767 1814 πολεμίους,
783 1777 841 1804 ἀλλ’

71 1821 166 1859 ὁμοίως
180 1827 246 1851 πᾶσι
269 1821 407 1861 κε’χρηται.
418 1822 505 1850 Τοῦτο
527 1817 570 1849 οῖ’)’ν
592 1821 664 1855 θεὸς,
680 1821 727 1850 καὶ
743 1823 790 1850 οὐκ
802 1822 842 1849 αἰ-

71 1867 212 1907 σχύνεσΟε;
225 1866 329 1900 Ὄντως
343 1867 430 1899 καλῶς
446 1862 517 1895 εἶπεν
527 1889 534 1903 ,
549 1867 597 1895 Ἐν
616 1867 775 1904 ματαιότητι
797 1869 842 1896 τοῧ

72 1913 129 1946 νοὸς
144 1914 238 1942 αὐτῶν.
258 1913 327 1942 Ἀλλ’
347 1913 456 1947 δῆλιος,
482 1912 560 1951 φησὶ,
582 1913 647 1945 Θεός.
668 1914 756 1942 Τοῧτο
775 1913 843 1952 γὰρ,

73 1959 132 1988 εἶπέ
154 1971 214 1997 μοι,
235 1959 329 1994 πόθεν,
343 1959 388 1987 καὶ
411 1958 454 1987 διὰ
475 1958 519 1994 τί;
533 1958 574 1987 ὅτι
589 1960 642 1998 φῶς
657 1959 750 1998 ἀφίησι
763 1960 842 1996 πολύ;

73 2005 143 2034 Ἀλλ’
158 2006 208 2043 οὐχ
218 2007 280 2043 δρᾷς
298 2004 373 2033 αὐτὸν
388 2004 533 2040 νικώμενον
553 2004 603 2033 ὑπὸ
617 2007 669 2033 τῶν
685 2007 785 2044 νεφῶν,
797 2006 843 2034 καὶ

75 2050 176 2088 ἀνάγκη
194 2049 348 2078 δουλεύοντα
369 2049 482 2088 φύσεως,
497 2050 542 2078 καὶ
562 2050 718 2079 ἐκλείποντα
734 2051 780 2079 καὶ
793 2052 844 2080 ὑπὸ

75 2095 186 2129 σελήνης
206 2094 250 2122 καὶ
267 2094 357 2132 νέφους
380 2094 574 2132 κρυπτόμενον;
599 2095 694 2123 Καίτοι
715 2107 744 2133 γε
769 2096 845 2135 νέφος

74 2141 258 2179 ἀσθενέστερον
272 2139 347 2175 ἡλίου
357 2162 364 2175 ,
376 2140 433 2168 ἀλλ’
446 2139 517 2177 ὅμως
531 2141 668 2178 πολλαχοῦ
683 2146 785 2179 κρατεῖ,
799 2142 843 2170 καὶ

73 2189 150 2216 τοῦτο
171 2186 198 2215 δὲ
214 2188 261 2220 τῆς
275 2188 320 2214 τοῦ
340 2186 410 2214 Θεοῦ
437 2185 527 2224 σοφίας
542 2186 616 2224 ἔργον
636 2186 715 2215 ἐστίν.
728 2186 762 2215 Ὁ
777 2187 844 2219 Θεὸς

75 2232 211 2272 παναρκὴς
233 2227 300 2260 εἶναι
320 2231 436 2270 ὀφείλει,
457 2227 531 2264 οἶτος
555 2232 582 2260 δὲ
597 2233 701 2260 πολλῶν
718 2234 789 2261 ἐστιν
804 2235 844 2262 ἐν·

75 2279 134 2313 δεής
147 2291 153 2296 ·
168 2282 243 2307 τοῦτο
257 2277 283 2306 δὲ
299 2278 345 2306 οὐκ
357 2277 413 2306 ἔστι
429 2280 507 2306 Θεοῦ.
521 2280 612 2306 Δεῖται
625 2278 676 2317 γὰρ
691 2279 765 2319 ἀέρις
779 2279 844 2319 πρὸς

74 2323 104 2352 τὸ
118 2328 211 2362 φᾶναι,
226 2323 271 2352 καὶ
285 2322 359 2362 ἀέρος
378 2324 475 2352 λεπτοῦ
487 2335 492 2339 ·
507 2325 543 2355 ὡς
556 2324 571 2352 ὅ
583 2335 613 2361 γε
629 2325 728 2363 σφόδρα
740 2337 843 2353 πυκνω-

75 2372 126 2406 θεὶς
140 2375 187 2400 οὐκ
198 2371 290 2410 ἀφίησι
302 2371 351 2406 τὴν
363 2373 457 2400 ἀκτῖνα
475 2372 593 2401 διαδῦναι
607 2385 612 2390 ·
627 2373 710 2401 δεῖται
724 2373 768 2402 καὶ
783 2373 844 2402 ὕδα-

75 2436 132 2460 τος,
145 2423 190 2452 καὶ
202 2423 291 2461 ἑτέρου
305 2425 351 2451 τοῦ
364 2422 504 2462 ἐπέχοντος
513 2446 520 2460 ,
533 2423 600 2452 ὥστε
617 2423 653 2461 μὴ
669 2424 842 2463 καταφλέξαι,

112 2536 121 2547 ⁸
141 2527 233 2561 [ἐιὶήση
246 2527 369 2552 inclusum
382 2529 458 2553 habet
469 2528 558 2561 &wil-J

239 2586 310 2605 Tou.
331 2587 372 2605 ΧΙ.

1612 180 1627 191 μ

864 198 941 221 cm».
972 197 1015 219 lv.
1045 196 1161 219 1103111„
1193 196 1252 218 xu-
1566 193 1628 215 103

887 260 1027 299 probrum,
1047 264 1071 286 et
1092 268 1144 286 non
1165 255 1320 286 erubescis?
1337 254 1378 284 En
1394 264 1486 283 rursus
1501 253 1626 282 alterum.

887 306 942 334 Cur
957 304 1027 344 quod
1043 304 1171 332 adoratur
1184 301 1357 341 exstinguis?
1379 311 1427 329 cur
1448 300 1561 340 perdis?
1581 310 1630 328 cur

852 359 870 381 D
885 352 965 380 deum
977 359 1054 380 tuum
1066 351 1100 379 dc
1113 350 1201 379 medio
1212 350 1304 378 tollis?
1318 360 1366 378 cur
1379 358 1430 376 non
1442 347 1508 376 sinis
1518 347 1629 376 domum

888 404 961 426 uuam
980 408 1010 426 co
1025 408 1080 425 esse
1094 395 1246 435 repletam?
1261 396 1330 424 Nam
1356 395 1377 423 si
1394 393 1464 432 ignis
1485 400 1524 422 est
1543 393 1610 422 dens
1621 415 1628 424 ,

887 443 991 482 corpori
1005 450 1050 471 tuo
1062 442 1247 475 admoveatur,
1261 452 1313 469 non
1328 440 1411 468 fundo
1422 440 1482 468 ollae
1498 446 1523 468 ct
1537 439 1631 467 lebetis

886 488 967 517 deum
982 488 1108 526 subjicias
1123 499 1129 514 :
1147 486 1271 515 introduc
1290 486 1318 514 in
1343 485 1438 514 cellam
1453 485 1628 524 pemiariam,

886 534 1013 563 inuoduc
1035 534 1061 562 in
1078 540 1164 561 vestes
1178 533 1282 561 sericas.
1305 533 1350 560 Tu
1371 539 1460 560 autem
1476 542 1527 560 non
1542 532 1629 560 solum

888 590 939 607 non
954 579 1113 614 introducis,
1125 578 1172 606 scd
1183 579 1263 606 etiam
1275 578 1296 605 si
1313 588 1374 606 casu
1389 578 1480 615 aliquo
1495 578 1575 606 suerit
1586 578 1629 606 in-

888 635 1004 663 gressus,
1023 624 1142 662 undique
1157 634 1217 652 eum
1231 623 1318 662 abigis
1329 647 1336 659 ‚
1360 634 1451 651 omnes
1464 623 1591 660 advocas,
1606 632 1632 653 et

888 669 999 709 perinde
1014 677 1094 708 atque
1118 669 1141 698 si
1165 670 1283 708 ingressa
1303 669 1338 697 sit
1353 669 1407 696 fera
1424 668 1525 706 aliqua,
1548 669 1584 696 ita
1605 676 1632 697 ct

888 716 934 743 sses
957 722 982 744 et
1006 715 1172 754 ingemiscis,
1196 721 1221 742 et
1237 715 1305 742 hanc
1327 724 1381 741 reni
1397 724 1476 741 vocas
1492 714 1632 742 calamita-

888 769 941 790 tem
954 761 1099 800 ingentem,
1117 760 1190 799 quod
1210 760 1276 788 deus
1293 767 1353 788 tuus
1368 758 1446 787 adsit.
1468 759 1560 787 Habeo
1584 770 1632 798 ego

888 808 988 844 Deum,
1002 815 1027 835 et
1042 807 1131 836 omnia
1146 807 1214 835 facio
1238 813 1267 834 ut
1281 817 1341 834 cum
1360 812 1466 844 pectore
1480 816 1539 834 meu
1554 816 1632 834 com—

888 852 1000 892 plectar,
1019 859 1044 881 et
1059 863 1145 880 meam
1160 852 1285 880 existimo
1299 851 1464 889 felicitatem,
1481 862 1532 879 non
1548 862 1632 889 quan-

888 900 924 928 do
937 900 1050 928 domum
1063 911 1150 928 meam
1163 899 1267 935 invisit,
1279 898 1327 927 sed
1342 898 1450 936 quando
1465 910 1526 927 eum
1541 906 1633 927 traxe-

889 957 918 974 ro
930 946 965 974 ad
980 957 1025 975 cor
1040 957 1141 974 meum.
1157 946 1200 973 Tu
1219 955 1325 984 quoque
1340 944 1416 973 trahe
1429 945 1517 983 ignem
1538 945 1572 974 ad
1588 956 1634 974 cor

890 1001 976 1023 tuum.
993 994 1057 1023 Haec
1068 1001 1129 1022 sunt
1144 993 1260 1022 ridicula
1271 1000 1295 1022 et
1310 993 1424 1021 vanitas.
1439 993 1514 1032 Ignis
1524 1004 1565 1022 res
1579 993 1633 1022 bo-

889 1051 922 1069 na
934 1048 972 1069 est
982 1041 1016 1069 ad
1032 1051 1122 1077 usum,
1140 1050 1192 1068 non
1203 1039 1238 1068 ad
1251 1039 1451 1075 adoratione1n;
1465 1039 1498 1067 ad
1515 1039 1634 1068 ministe-

890 1087 963 1115 rium
978 1093 1003 1114 et
1017 1086 1168 1122 servitium,
1181 1092 1205 1113 et
1225 1091 1254 1113 ut
1269 1085 1337 1113 mihi
1352 1085 1464 1122 serviat,
1488 1095 1539 1113 non
1563 1092 1591 1113 ut
1607 1085 1634 1114 in

890 1144 932 1162 me
955 1132 1074 1161 obtineat
1087 1132 1230 1172 imperium
1252 1138 1277 1160 et
1293 1131 1461 1160 dominatum
1478 1143 1483 1158 :
1506 1131 1552 1159 ille
1566 1142 1635 1170 pro-

890 1186 949 1218 pter
970 1189 1013 1206 me
1037 1178 1122 1207 sactus
1147 1185 1194 1214 est,
1211 1188 1263 1206 non
1280 1188 1328 1216 ego
1352 1184 1460 1217 propter
1483 1177 1582 1216 ipsum.
1604 1178 1633 1207 Si

857 1228 873 1250 Ι*
892 1226 980 1263 ignem
1003 1224 1110 1259 adoras,
1134 1235 1182 1253 cur
1203 1224 1261 1263 ipse
1283 1223 1393 1262 quidem
1410 1224 1483 1263 jaces
1505 1223 1531 1251 in
1557 1223 1636 1258 lecto,

892 1281 978 1308 coquo
1002 1278 1091 1299 autem
1117 1278 1162 1298 tuo
1173 1270 1262 1309 jubes,
1278 1270 1313 1298 sit
1335 1280 1419 1309 prope
1437 1269 1519 1299 deum
1535 1278 1611 1299 tuum
1622 1270 1636 1297 .³

892 1318 952 1356 Ipse
974 1325 1059 1346 artem
1074 1317 1181 1356 suscipe
1195 1315 1390 1354 coquinariam,
1415 1322 1439 1344 et
1464 1316 1550 1355 pistor
1572 1317 1636 1345 effi-

893 1374 962 1401 cere,
987 1371 1034 1392 aut
1061 1363 1083 1391 si
1110 1362 1207 1397 mavis,
1240 1362 1315 1390 faber
1342 1361 1463 1390 aerarius.
1492 1362 1570 1390 Nihil
1599 1370 1638 1391 est

893 1409 965 1438 enim
976 1409 1020 1438 his
1039 1409 1143 1437 artibus
1156 1408 1353 1443 honorabilius,
1367 1418 1427 1435 cnm
1439 1407 1504 1436 deus
1521 1415 1584 1437 tuns
1595 1419 1639 1437 eas

893 1456 993 1484 invisat
1010 1462 1035 1483 et
1050 1465 1143 1484 earum
1164 1465 1256 1483 curam
1271 1460 1354 1492 gerat.
1371 1453 1446 1490 Quid
1466 1454 1596 1493 probrum
1608 1465 1639 1483 ac

893 1502 1008 1531 dedecus
1023 1501 1161 1530 existimas
1175 1507 1269 1536 artem,
1289 1500 1336 1528 ubi
1359 1499 1425 1528 deus
1450 1507 1512 1529 tuus
1525 1507 1564 1529 est
1586 1501 1639 1529 frc-

896 1559 978 1587 quens
986 1548 999 1576 Ξ)
1013 1558 1062 1576 cur
1076 1547 1160 1576 servis
1173 1546 1296 1578 mandas,
1306 1546 1363 1585 ipse
1374 1553 1462 1574 autem
1475 1557 1526 1575 non
1539 1546 1639 1585 digna-

895 1595 932 1624 ris
944 1595 957 1623 ?
971 1594 1046 1623 Bona
1061 1604 1102 1622 res
1115 1599 1154 1622 est
1164 1592 1244 1631 ignis,
1259 1593 1387 1631 quoniam
1400 1592 1463 1620 boni
1476 1599 1514 1620 est
1525 1593 1639 1632 opificis,

894 1641 942 1670 sed
957 1651 1008 1669 non
1024 1640 1091 1668 dcus
1105 1652 1111 1666 :
1129 1649 1196 1678 opus
1207 1639 1277 1667 enim
1295 1639 1354 1674 Dei,
1376 1649 1428 1667 non
1450 1638 1516 1667 deus
1537 1645 1575 1667 est
1590 1649 1640 1678 ap-

894 1688 1018 1727 pellatus.
1033 1688 1093 1715 Non
1113 1685 1189 1714 vides
1212 1686 1268 1724 ejus
1282 1685 1480 1724 petulantiam?
1503 1685 1639 1723 quomodo

894 1733 1002 1772 quando
1024 1732 1118 1761 domos
1140 1730 1366 1771 apprehenderit,
1394 1741 1526 1768 nusquam
1551 1741 1578 1759 se
1601 1731 1639 1759 si-

894 1787 955 1815 stat,
969 1779 1014 1808 sed
1035 1778 1057 1807 si
1072 1778 1163 1816 aliqua
1178 1776 1304 1814 tenuerit,
1320 1776 1410 1805 omnia
1427 1775 1528 1813 diruat,
1549 1784 1574 1805 et
1588 1777 1640 1806 nisi

894 1826 1033 1854 fabrorum
1048 1831 1094 1853 aut
1108 1823 1262 1862 aliquorum
1278 1833 1373 1851 manus
1387 1822 1506 1850 furorem
1521 1823 1577 1861 ejus
1592 1833 1640 1851 ex-

895 1871 1048 1907 stinxerint,
1060 1881 1112 1899 non
1122 1870 1223 1898 amicos
1232 1869 1315 1906 novit,
1324 1879 1377 1897 non
1388 1869 1488 1905 hostes,
1499 1868 1546 1897 sed
1556 1870 1641 1897 omni-

895 1919 947 1947 bus
962 1916 1085 1946 similiter
1099 1915 1183 1943 utitur
1196 1915 1209 1943 P
1231 1914 1342 1943 Hiccine
1361 1913 1438 1950 deus,
1460 1924 1507 1942 nec
1523 1924 1571 1942 vos
1583 1925 1638 1954 pu-

895 1964 963 1994 det?
976 1964 1014 1991 Re
1029 1972 1091 1990 vera
1105 1961 1217 2000 pulchre
1231 1960 1311 1997 dixit,
1326 1962 1363 1988 In
1378 1962 1515 1988 vanitale
1534 1963 1639 1990 mentis

859 1550 877 1570 A

896 2063 921 2085 et
935 2054 1037 2094 quare?
1053 2052 1188 2088 Quoniam
1211 2052 1325 2080 multam
1341 2051 1439 2080 emittit
1462 2052 1559 2081 lucem.
1584 2053 1640 2082 Sed

897 2113 949 2131 non
964 2101 1040 2130 vides
1053 2110 1115 2128 cum
1130 2099 1202 2127 vinci
1221 2109 1235 2126 a
1250 2098 1380 2132 nubibus,
1396 2106 1420 2127 et
1436 2100 1537 2128 servire
1551 2110 1639 2129 neces-

896 2147 966 2177 sitati
981 2153 1092 2180 naturaz,
1104 2151 1129 2173 et
1139 2144 1254 2172 deficere
1266 2151 1291 2172 et
1306 2144 1433 2173 abscondi
1447 2155 1461 2173 a
1474 2145 1537 2173 luna
1550 2153 1575 2174 ct
1589 2156 1639 2174 nu-

897 2193 953 2222 be?
968 2192 1040 2230 atqui
1060 2191 1144 2219 nubes
1160 2196 1199 2218 est
1218 2189 1272 2218 sole
1288 2189 1458 2225 imbecillior,
1482 2190 1528 2219 sed
1551 2197 1639 2219 tamen

897 2249 967 2278 saepe
978 2238 1005 2266 in
1028 2248 1090 2266 eum
1101 2236 1203 2265 obtinet
1223 2235 1443 2273 dominatum30t
1463 2236 1512 2265 hoc
1522 2244 1561 2265 est
1571 2248 1639 2276 opus

898 2285 949 2315 Dei
973 2283 1117 2323 sapientiae.
1135 2284 1208 2311 Deus
1235 2281 1314 2311 debet
1333 2293 1389 2311 esse
1409 2283 1482 2312 omni
1517 2295 1551 2313 cx
1575 2295 1639 2323 par-

898 2339 924 2360 te
949 2330 1096 2365 sufficiens,
1110 2329 1155 2357 hic
1178 2339 1241 2358 vcro
1259 2328 1352 2357 multis
1373 2328 1495 2367 indiget:
1515 2330 1566 2358 boc
1589 2342 1638 2359 au-

900 2385 951 2406 tem
979 2387 1030 2405 non
1056 2383 1095 2404 cst
1114 2375 1175 2404 Dei.
1207 2378 1274 2403 Aere
1299 2375 1370 2403 enim
1401 2375 1502 2414 indiget
1532 2376 1567 2404 ad
1596 2377 1640 2404 lu-

899 2422 1024 2458 ccndum,
1047 2431 1130 2460 eoque
1144 2420 1254 2459 subtili3
1279 2430 1340 2449 nam
1357 2420 1403 2459 qui
1420 2428 1459 2449 est
1475 2421 1555 2451 valde
1569 2432 1640 2451 cras-

1485 2578 1504 2604 8

1642 538 1725 558 Contra
1751 544 1788 557 eoi

1642 570 1681 598 qui
1714 569 1788 596 ignem

1642 602 1774 623 adoxabmt.

895 2021 965 2040 suoe.
990 2010 1023 2036 At
1038 2007 1077 2036 sol
1091 2014 1141 2042 est,
1158 2006 1255 2045 inquit,
1271 2006 1346 2034 deus.
1363 2006 1414 2034 Dic
1429 2006 1507 2042 mihi,
1525 2007 1596 2036 unde
1609 2007 1639 2036 id
1664 2023 1670 2027 ·
