1893 2860
107 889 192 911 Domus

51 924 72 941 et
84 920 166 942 familia

50 953 161 982 quomodo

51 984 160 1006 ornanda.

211 152 274 186 1“·(ἷ
539 162 566 182 S.
596 161 733 183 JOANNlS
760 162 939 184 cnmsosr.

206 224 371 263 insipientior
386 234 442 252 eani
457 228 605 259 componat.
626 221 768 255 Quomodo
782 228 870 250 autem
887 222 938 250 linc

206 269 254 297 erit
266 269 278 297 9
295 269 323 297 Si
339 279 415 296 veras
429 267 511 295 discat
528 265 649 301 divitias,
663 265 684 293 si
697 276 839 304 supernam
851 266 940 305 philo-

208 314 339 354 sophiam,
352 313 419 341 nihil
429 322 519 340 eornm
532 311 679 340 damnabit.
691 312 790 340 Doceat
802 322 859 340 eam
870 313 942 350 quod

208 367 348 399 paupertas
367 358 470 386 nullum
491 357 525 385 sit
540 357 658 391 malum
675 356 767 385 doceat
789 367 839 386 non
854 358 942 386 solnm

208 416 254 444 per
267 416 294 433 ea
310 415 366 441 quae
379 403 453 439 dicit,
469 402 516 431 sed
535 409 558 430 et
576 413 624 441 per
637 413 665 430 ea
680 413 738 440 quae
752 403 834 439 sacit3
850 402 942 432 doceat

207 450 340 489 despicere
355 449 478 487 gloriam,
499 454 523 476 et
537 448 605 476 nihil
622 447 776 487 hujusmodi
791 448 861 477 dicet
877 459 940 477 mu-

207 496 255 524 lier
268 506 314 524 nec
329 494 505 534 concupiscet.
520 495 556 522 Ac
568 494 590 522 si
601 493 744 532 imaginem
757 494 895 534 acciperet,
907 495 941 523 ab

205 543 252 571 illa
268 553 378 581 vespera
389 552 441 580 qua
455 552 512 570 eam
523 541 624 580 excipit
638 541 766 579 thalamo,
780 552 837 570 eam
849 542 941 571 doceat

205 588 416 627 temperantiam,
430 587 595 623 modestiam,
606 587 751 622 lenitatem,
767 595 796 616 ut
808 589 895 617 statim
906 589 940 617 ab

204 634 327 670 exordio,
339 641 364 662 et
376 633 409 662 ab
421 633 486 672 ipsis
495 632 635 662 vestibulis
646 632 753 661 honeste
765 633 848 670 vivat,
861 645 940 673 pecn-

205 679 256 708 niae
276 690 392 708 amorem
408 679 552 718 dejiciens:
565 685 590 706 et
610 678 636 706 in
652 678 821 718 philosophia
836 679 940 708 erudiat

205 731 230 753 et
248 724 355 753 suadeat
377 735 409 753 ne
428 725 461 753 sit
480 724 504 752 ei
519 734 614 752 aurum
628 723 744 762 pendens
766 735 799 753 ex
814 725 936 763 auribus,

204 780 251 798 nec
263 781 292 799 eo
306 777 415 799 ornetur
429 770 454 798 in
471 769 544 808 genis
557 776 583 798 et
595 769 674 807 collo,
692 780 739 798 nec
751 769 778 798 id
793 770 939 809 repositum

203 814 299 844 babeat
310 815 337 843 in
348 815 475 849 thalamo,
489 825 573 852 neque
583 821 668 843 vestes
681 825 774 843 aureas
784 822 809 843 et
819 823 938 845 sumtuo-

202 870 261 898 sas;
272 860 317 889 sed
328 861 362 889 sit
371 860 482 898 quidem
493 860 598 898 elegans
608 867 724 896 ornatus,
736 867 762 889 at
772 871 823 889 non
833 862 866 889 ad
877 872 937 900 pio—

202 905 282 935 bium
304 914 329 935 et
351 881 548 934 contumeliam&
563 905 664 934 recidat
679 906 826 955 elegantia,
844 917 937 936 V'Cltlm

202 951 243 980 his
257 951 375 980 dimissis
389 951 458 979 lusti
461 951 586 979 lumbus
579 961 605 978 m
620 951 732 988 scenica,
749 962 812 980 olna
825 952 936 980 domum

200 1007 261 1025 eum
275 997 358 1025 multa
372 996 507 1025 honestate
519 1007 549 1024 ae
562 996 666 1033 decom,
680 997 825 1035 spirantem
837 1004 937 1037 tempe-

200 1042 313 1071 ramiam
326 1042 424 1081 potius,
437 1052 518 1080 quam
531 1041 614 1070 alium
629 1052 739 1070 suavem
753 1042 871 1070 odorem.
891 1043 935 1072 Ex

197 1088 248 1116 hoc
262 1088 332 1116 enim
346 1094 422 1116 erunt
436 1087 491 1116 duo
510 1093 556 1115 aut
570 1086 622 1115 tria
634 1086 703 1116 bona
716 1099 722 1114 :
738 1087 858 1126 primum
874 1088 935 1126 qui-

196 1134 258 1163 dem
272 1144 325 1162 non
338 1133 441 1162 dolebit
454 1143 560 1172 sponsa,
578 1132 643 1161 dum
658 1133 752 1161 solutis
767 1134 935 1173 nuptialibus

970 164 1110 186 AchlEt·
1117 178 1124 185 .
1153 165 1213 187 CON
1220 164 1418 187 S‘rvm'l'mot‘.

993 224 1112 253 δασκέτω
1126 225 1206 260 αὐτὴν
1216 248 1224 261 ,
1245 226 1286 254 ὅτι
1301 226 1378 255 πενία
1399 225 1477 254 κακὸν
1498 224 1569 256 οὐδέν
1579 234 1584 240 ·
1599 221 1754 256 διδασκέτω,

959 273 976 295 D
995 268 1032 305 μὴ
1048 269 1080 296 δι’
1095 265 1131 297 ὧν
1144 269 1215 308 λέγει
1230 271 1321 308 μόνον,
1337 270 1404 299 ἀλλὰ
1415 271 1459 299 καὶ
1474 271 1506 298 δι’
1525 265 1561 298 ὧν
1573 271 1642 297 ποιεῖ
1657 278 1663 284 ·
1679 267 1755 294 διδα-

995 314 1079 342 σκέτω
1094 315 1169 349 δόξης
1183 321 1362 356 καταφρονεῖν,
1381 316 1426 344 καὶ
1441 315 1513 344 οὐδὲν
1529 316 1643 342 τοιοῦτον
1656 314 1673 346 ἦ
1689 310 1754 349 γυνὴ

995 359 1052 388 οὔτε
1065 361 1117 397 ἐρεῖ
1132 360 1188 389 οὔτε
1203 362 1369 399 ἐπιθυμήσει,
1382 361 1507 400 Καθάπερ
1522 360 1628 398 ἄγαλμα
1642 357 1757 396 δεχόμε-

994 417 1045 441 νος,
1059 405 1139 438 οὕτως
1151 406 1203 434 ἀπὸ
1216 408 1262 440 τῆς
1283 406 1393 445 ἑσπέρας
1406 406 1516 441 ἐκείνης,
1537 401 1568 440 ἧς
1579 404 1609 433 ἂν
1626 402 1704 437 αὐτὴν
1720 402 1756 433 εἷς

994 451 1037 479 τὸν
1049 451 1166 489 θάλαμον
1181 451 1301 490 δέχηται,
1319 451 1462 480 διδασκέτω
1477 450 1660 490 σωφροσύνην,
1671 446 1754 476 ἐπιεί-

993 508 1079 532 κειαν,
1094 497 1165 529 ὅπως
1181 497 1308 535 βιώσηται
1333 499 1444 534 σεμνῶς,
1460 498 1490 525 ἐκ
1504 495 1648 534 προοιμίων
1663 492 1755 525 εὐθέως

993 543 1037 571 καὶ
1053 542 1079 576 ἐξ
1092 545 1175 572 αὐτῶν
1187 545 1239 571 τῶν
1255 541 1390 581 προθύρων
1412 541 1584 570 καταὸάλλων
1606 541 1657 568 τῶν
1680 550 1754 577 χρη-

993 589 1083 626 μάτων
1106 590 1148 618 τὸν
1169 589 1271 627 ἔρωτα·
1294 588 1338 617 καὶ
1353 586 1505 626 φιλοσοφίαν
1526 584 1687 618 παιδευέτω,
1708 583 1754 612 καὶ

991 635 1151 673 παραινείτω
1166 635 1235 668 ὅπως
1249 635 1285 672 μὴ
1300 634 1340 669 εἴη
1355 633 1452 673 χρυσία
1472 631 1625 671 κρεμάμενα
1643 629 1687 658 ἐπὶ
1701 630 1753 657 τῶν

993 680 1066 708 ὤτων
1081 681 1125 709 καὶ
1140 680 1208 709 κατὰ
1223 682 1273 709 τῶν
1288 682 1403 719 παρειῶν
1423 678 1468 707 καὶ
1489 677 1532 706 ἐπὶ
1552 679 1596 705 τοῦ
1621 674 1754 714 τραχήλου

956 732 973 754 Ε
992 726 1175 765 περικείμενα,
1191 727 1257 763 μήτε
1279 725 1456 763 κατακείμενα
1479 723 1540 762 περὶ
1558 723 1602 752 τὸν
1623 721 1754 759 θάλαμον,

993 772 1060 808 μήτε
1074 772 1168 809 ἷμῦῖτια
1182 777 1267 811 χρυσᾶ
1286 771 1331 800 καὶ
1352 771 1482 804 πολυτελῆ
1504 767 1680 805 ἀποκείμενα·
1696 767 1755 795 ἀλλ’

992 817 1060 845 ἔστω
1073 817 1119 855 μὲν
1133 817 1238 856 φαιδρὸς
1251 819 1264 846 ὁ
1277 817 1384 854 κόσμος,
1398 816 1433 854 μὴ
1451 815 1502 853 μὴν
1520 816 1555 846 εἷς
1570 813 1643 851 ὕὸριν
1660 814 1675 846 ἦ
1691 822 1755 850 φαι-

993 862 1084 900 δρότης
1103 863 1268 891 ἐκπιπτέτω·
1291 862 1358 891 ἀλλὰ
1382 865 1465 890 ταῦτα
1484 860 1556 899 ἀφεὶς
1569 862 1622 891 τοῖς
1645 857 1689 886 ἐπὶ
1707 858 1754 891 τ’ἥς

992 910 1099 941 σκηνῆς,
1111 907 1185 939 αὐτὸς
1202 907 1269 944 μετὰ
1286 908 1385 941 πολλῆς
1399 908 1445 940 τῆς
1464 904 1636 942 κοσμιότητος
1650 901 1752 930 καλλώ-

990 954 1048 985 πιζε
1063 953 1105 980 τὸν
1121 948 1202 989 οἶκον,
1214 952 1380 991 σωφροσύνης
1393 952 1504 980 πνέοντα
1519 951 1626 988 μᾶλλον,
1637 948 1655 983 ἢ
1671 947 1753 982 ἄλλης

988 997 1057 1029 τινος
1075 998 1191 1029 εὐωδίας.
1207 997 1260 1025 Δύο
1273 997 1323 1036 γὰρ
1338 999 1367 1026 ἐκ
1379 996 1469 1026 τούτου
1483 996 1571 1030 ἔσται,
1585 994 1630 1022 καὶ
1643 992 1704 1032 τρία
1718 992 1753 1021 τὰ

989 1042 1057 1070 καλά
1070 1054 1074 1059 ·
1093 1045 1196 1081 πρῶτον
1213 1042 1259 1080 μὲν
1268 1064 1275 1077 ,
1291 1044 1337 1071 οὐκ
1354 1042 1463 1080 ἀλγήσει
1476 1044 1493 1076 ἡ
1507 1040 1594 1078 νύμφη
1603 1061 1610 1075 ,
1625 1039 1752 1067 λυθεισῶν

986 1089 1038 1116 τῶν
1053 1089 1194 1117 παστάδων
1203 1111 1211 1123 ,
1227 1088 1271 1117 καὶ
1285 1087 1514 1126 ἀποπεμπομένων
1528 1086 1631 1124 ἑκάστῳ
1645 1084 1752 1113 καὶτῶν

987 1133 1098 1171 ἱματίων
1113 1133 1157 1162 καὶ
1172 1135 1223 1162 τῶν
1236 1133 1353 1173 χρυσίων
1368 1133 1411 1162 καὶ
1425 1135 1477 1161 τῶν
1492 1133 1591 1161 σκευῶν
1605 1131 1657 1158 τῶν
1671 1130 1752 1169 ἀργυ-

195 1179 318 1208 thalamis
332 1179 504 1208 remittuntur
527 1177 562 1206 ad
582 1178 702 1217 singulos
723 1186 807 1208 vestes
829 1186 854 1208 et
871 1191 934 1209 vasa
952 1191 968 1214 1:
989 1181 1038 1218 ρῶν
1048 1190 1054 1195 ·
1065 1178 1194 1217 δεύτερον,
1205 1181 1234 1208 οὔ
1249 1179 1381 1218 φροντίσει
1391 1181 1405 1207 ὃ
1418 1178 1526 1217 νυμφίος
1541 1176 1606 1215 ὑπὲρ
1619 1177 1665 1211 Τῆς
1675 1177 1748 1204 ἄπω-

195 1234 274 1254 aurea
285 1232 309 1253 et
320 1231 443 1264 argentea
456 1236 462 1252 ι
478 1223 604 1260 seeundo,
617 1224 689 1262 quod
699 1235 811 1264 sponsus
823 1236 875 1254 non
885 1227 935 1255 erit

194 1271 324 1300 sollicitus
335 1282 368 1299 ne
383 1277 501 1310 pereant,
517 1277 543 1299 et
557 1277 587 1298 ut
600 1270 786 1299 custodiantur
800 1282 858 1310 quae
872 1280 935 1302 sunt

194 1324 354 1356 compa-‚ata
370 1317 419 1345 His
432 1316 534 1345 accedit
548 1316 666 1353 testium,
686 1316 759 1354 quod
777 1325 815 1346 est
829 1328 931 1347 summa
940 1344 975 1363 ¹5

985 1222 1070 1259 λείας,
1086 1224 1131 1253 καὶ
1146 1227 1192 1259 τῆς
1207 1226 1322 1264 φυλακῆς
1334 1227 1385 1253 τῶν
1401 1222 1639 1262 συμπορισθέντων.
1653 1220 1751 1260 Τρίτον

985 1269 1065 1297 πάλιν
1080 1270 1143 1308 πρὸς
1157 1269 1265 1306 τούτοις,
1279 1270 1308 1299 τὸ
1320 1270 1460 1310 κεφάλαιον
1473 1271 1524 1297 τῶν
1540 1269 1654 1307 ἀγαθῶν,
1668 1265 1694 1299 ἐξ
1706 1266 1752 1293 αὖ·

984 1316 1035 1342 τῶν
1059 1314 1157 1344 τούτων
1179 1315 1318 1349 ἐνδείξεται
1341 1316 1387 1351 τὴν
1413 1317 1491 1344 αὐτοῦ
1515 1313 1638 1353 γνώμην,
1652 1312 1692 1342 ὅτι
1717 1310 1749 1346 δὴ

193 1363 343 1391 bonor:nm
358 1373 392 1390 ex
404 1361 468 1391 bis
461 1362 526 1400 ipsis
541 1361 662 1390 ostendet
677 1369 792 1391 mentem
806 1374 892 1399 snam,
906 1375 932 1393 se
949 1372 968 1393 Α
984 1358 1082 1387 τού-ων
1097 1360 1180 1389 Οὖοενὶ
1201 1361 1304 1399 χαίρει,
1320 1362 1366 1390 καὶ
1386 1361 1427 1390 ὅτι
1445 1372 1490 1389 και
1513 1360 1546 1388 τὰ
1568 1358 1648 1388 λοιπὰ
1662 1357 1750 1386 πάντα

193 1409 268 1437 nullo
282 1409 379 1437 horum
392 1407 529 1444 delectari,
552 1414 577 1436 et
599 1418 626 1436 se
639 1407 720 1436 etiam
735 1415 827 1437 caeteia
842 1410 932 1438 omnia

192 1454 396 1490 dissoluturum,
421 1463 506 1491 neque
536 1463 664 1491 umquam
691 1463 878 1483 concessurum
903 1462 932 1484 ut

193 1500 259 1528 fiant
282 1499 436 1528 saltationes
458 1505 484 1527 et
507 1505 635 1526 canantur
655 1499 792 1537 impudica
818 1501 929 1529 cantica.

193 1545 229 1574 Et
247 1545 302 1574 scio
318 1544 427 1583 quidem
441 1554 483 1572 me
498 1543 586 1572 videri
606 1543 767 1581 quibusdam
781 1555 836 1573 esse
861 1546 931 1575 ridi-

193 1591 295 1626 culum,
310 1590 414 1629 quibas
426 1590 498 1628 leges
511 1590 609 1626 feram3
632 1589 677 1618 sed
690 1589 712 1618 si
727 1590 795 1618 mihi
810 1591 932 1621 eredide-

192 1637 262 1674 ritis,
280 1636 437 1676 procedente
451 1642 580 1674 tempore,
594 1642 619 1663 ct
634 1635 789 1664 succedente
807 1637 845 1665 rei
858 1638 931 1667 utili-

192 1690 254 1720 tate,
267 1689 331 1711 tunc
343 1683 448 1710 lucrum
463 1680 552 1710 scietis
567 1693 573 1708 ι
588 1688 613 1709 et
625 1681 715 1709 effluet
729 1681 837 1719 quidem
852 1683 930 1720 risus,

192 1735 217 1756 et
231 1726 378 1756 irridebitis
390 1737 448 1755 eam
473 1736 531 1764 quae
546 1736 616 1754 nunc
638 1732 676 1754 est
696 1727 929 1763 consuetudinem;

192 1783 216 1804 et
244 1775 372 1805 videbitis
392 1785 420 1803 ea
445 1784 502 1811 quae
525 1783 595 1801 nunc
616 1772 692 1808 fiunt,
712 1784 767 1801 esse
787 1785 931 1813 puerorum

191 1820 375 1860 insipientium
401 1827 426 1848 et
444 1819 566 1847 virorum
587 1818 739 1855 ebriorum5
758 1829 818 1857 quae
841 1828 929 1849 autem

191 1866 300 1902 suadeo,
323 1876 377 1895 esse
391 1864 528 1894 modestiae
551 1871 575 1892 et
600 1864 776 1903 philosophize
792 1872 817 1893 et
833 1876 928 1905 super-

191 1923 231 1940 nae
246 1912 307 1941 vitae
324 1911 432 1950 agendae
447 1911 583 1938 rationem.
600 1909 675 1946 Quid
697 1921 759 1949 ergo
773 1910 834 1940 dico
851 1923 929 1952 opor—

191 1958 271 1986 tere?
293 1957 391 1986 Omnia
413 1956 502 1995 turpia
525 1955 626 1984 cantica
640 1966 698 1993 qnae
719 1963 781 1985 sunt
800 1959 926 1994 satanica,

190 2003 343 2031 inhonestas
376 2001 538 2037 cantilenas,
571 2001 772 2030 immundorum
797 2003 928 2041 juvenum

190 2048 359 2077 circuitiones
374 2048 449 2076 aufer
467 2058 481 2075 a
497 2046 609 2085 nuptiis,
626 2054 651 2075 et
665 2047 723 2075 haec
742 2055 865 2086 poterunt
881 2060 927 2078 ea-

191 2096 289 2134 stigare
314 2106 439 2135 sponsam
462 2101 487 2123 et
512 2093 658 2122 modestam
683 2094 800 2123 reddere.
831 2097 927 2126 Statim

191 2141 262 2169 enim
277 2140 351 2180 apud
365 2151 392 2169 se
406 2139 584 2168 considerabit
597 2151 602 2167 :
618 2140 709 2178 Papae,
726 2141 812 2178 qualis
827 2149 864 2170 est
883 2143 927 2172 hic

191 2186 254 2216 vir!
271 2194 308 2215 est
334 2186 512 2226 philosophus
529 2197 535 2213 z
552 2186 620 2214 hanc
636 2186 719 2214 vitam
735 2187 814 2215 nihili
838 2188 925 2226 ducit;

191 2232 225 2260 ad
242 2233 418 2272 procreandos
431 2232 528 2261 liberos
549 2239 573 2260 et
586 2232 738 2261 educandos
757 2244 799 2262 me
816 2234 844 2262 in
858 2235 926 2264 mdes

189 2278 313 2313 duxit,et
323 2278 357 2306 ad
372 2278 482 2306 domum
497 2277 706 2307 custodiendam.
716 2279 767 2307 Sed
782 2279 839 2308 haze
851 2291 925 2320 spon-

190 2334 224 2351 sae
238 2329 316 2351 erunt
331 2323 498 2361 injucunda?
515 2323 553 2351 Ad
568 2323 687 2362 primum
700 2335 783 2362 usque
798 2332 822 2354 et
833 2336 925 2355 secun-

190 2368 254 2396 dnm
275 2367 363 2404 diem,
380 2379 430 2396 non
452 2376 539 2397 autem
558 2369 705 2408 deinceps3
722 2370 768 2399 sed
789 2378 813 2400 et
833 2372 924 2400 maxi-

223 2486 233 2495 *
254 2484 348 2517 [Marg.
362 2484 437 2509 Saxit.
453 2486 605 2517 &modum-mm]

984 1406 1136 1444 καταλύσει,
1151 1418 1195 1435 και
1210 1419 1277 1445 μητε
1290 1407 1440 1446 ὀρχήματα,
1458 1418 1524 1444 μητε
1538 1405 1665 1443 &signove
1679 1403 1750 1443 ωῡὰζ

983 1451 1101 1489 γενέσθαι
1124 1453 1289 1491 συγχωρήσει
1303 1453 1375 1482 ποτέ.
1397 1452 1449 1481 Και
1469 1447 1526 1481 οἰδα
1548 1451 1595 1489 μὲν
1618 1450 1658 1479 οτι
1680 1450 1748 1478 δοκῶ

983 1497 1176 1535 καταγέλαστος
1188 1501 1254 1527 εἶναι
1265 1498 1327 1531 ἴσως
1341 1498 1408 1534 τισὶ,
1419 1498 1452 1527 τὰ
1463 1509 1572 1526 τοιαυτα
1583 1497 1748 1534 νομοθετων·

983 1542 1052 1576 πλὴν
1067 1543 1124 1571 ἀλλ’
1143 1543 1186 1572 ἐὰν
1207 1546 1300 1573 πεισθ
1284 1543 1331 1578 ητέ
1353 1555 1410 1582 μοι,
1425 1546 1470 1572 τοῦ
1484 1542 1578 1582 χρόνου
1600 1541 1747 1582 προϊόντος,

983 1587 1027 1615 καὶ
1048 1591 1094 1623 τῆς
1109 1589 1220 1618 ἀπὸτοῦ
1240 1590 1394 1627 πράγματος
1416 1589 1588 1621 ἀπολαύοντες
1608 1587 1747 1627 ὠφελείας,

983 1633 1042 1662 τότε
1055 1635 1084 1663 τὸ
1097 1634 1186 1674 κέρδος
1201 1636 1301 1664 εἴσεσθε
1312 1647 1319 1652 ·
1333 1636 1379 1664 καὶ
1402 1638 1415 1664 ὁ
1438 1635 1484 1674 μὲν
1504 1635 1586 1674 γέλως
1609 1634 1748 1673 ῥυήσεται,

983 1679 1028 1707 καὶ
1041 1680 1250 1718 καταγελάσεσθε
1265 1684 1309 1709 τοῦ
1323 1683 1366 1709 νῦν
1379 1681 1450 1714 ἔθους
1459 1703 1467 1716 ,
1481 1680 1527 1709 καὶ
1538 1680 1631 1720 ὄψεσθε
1649 1679 1689 1708 ὅτι
1706 1680 1749 1708 ὄν·

983 1737 1033 1757 τως
1055 1725 1154 1753 παίδων
1170 1726 1300 1762 ἀνοήτων,
1313 1726 1358 1755 καὶ
1373 1727 1472 1766 ἀνδρῶν
1486 1727 1631 1764 μεθυόντων
1645 1725 1702 1754 ἐστὶ
1715 1724 1749 1753 τὰ

983 1769 1105 1808 γινόμενοι
1117 1775 1173 1806 ν’ῦν,
1186 1772 1202 1799 ἃ
1215 1771 1241 1799 δὲ
1255 1773 1376 1810 παραινῶ
1384 1795 1394 1808 ,
1408 1772 1576 1811 σωφροσύνης
1587 1771 1632 1800 καὶ
1644 1772 1749 1810 φιλοσο-

947 1820 963 1841 Β
984 1815 1042 1853 φίας
1052 1838 1059 1850 ,
1080 1816 1124 1844 καὶ
1138 1819 1184 1851 τῆς
1203 1818 1329 1846 ἀνωτάτω
1347 1817 1480 1850 πολιτείας
1493 1817 1558 1846 ἐστί.
1572 1816 1608 1846 Τί
1622 1820 1665 1845 οὐν
1679 1829 1748 1855 φημι

983 1862 1050 1897 ὃεῖν;
1064 1862 1158 1890 Πάντα
1172 1862 1204 1890 τὰ
1216 1862 1323 1901 ᾅσματα
1332 1862 1366 1891 τὰ
1378 1862 1486 1901 αἰσχ-ρὰ,
1501 1862 1534 1890 τὰ
1548 1861 1687 1897 σατανικὰ,
1700 1862 1748 1895 τὰς

982 1906 1110 1944 ἀσέμνους
1123 1907 1201 1947 ᾠδὰς,
1216 1908 1262 1940 τὰς
1276 1908 1422 1946 συνδρομὰς
1432 1911 1484 1937 τῶν
1494 1908 1508 1922 *
1518 1907 1670 1937 ἀκολάστων
1682 1907 1745 1936 νέων

982 1953 1086 1993 περίελε
1102 1956 1146 1982 τοῦ
1167 1953 1252 1991 γάμου
1262 1977 1269 1989 ,
1283 1954 1328 1982 καὶ
1342 1958 1425 1982 ταῦτα
1439 1954 1486 1989 τὴν
1498 1953 1600 1992 νύμφην
1618 1953 1747 1993 σωφρονί-

983 2010 1027 2027 σαι
1041 1998 1188 2033 δυνήσεται.
1201 1999 1302 2032 Εὐθέως
1316 1999 1366 2038 γὰρ
1380 2001 1442 2038 παρ’
1455 2001 1534 2037 ἑαυτῇ
1548 2000 1685 2038 λογιεῖται,
1699 2001 1747 2038 βα·

983 2044 1040 2080 Cat,
1061 2048 1134 2077 ποῖος
1149 2040 1221 2077 οὗτος
1242 2048 1255 2074 ὅ
1271 2046 1350 2085 ἀνήρ;
1364 2045 1502 2084 φιλόσοφός
1518 2047 1600 2082 ἐστιν,
1613 2044 1686 2073 οὐδὲν
1703 2045 1746 2073 τὸν

982 2090 1098 2128 παρόντα
1113 2093 1216 2128 ἡγεῖται
1232 2091 1296 2129 βίον,
1311 2091 1354 2121 ἐπὶ
1367 2091 1533 2120 παιδοποιίαν
1551 2091 1596 2119 καὶ
1606 2091 1747 2129 παιδοτρο-

982 2136 1042 2175 φίαν
1057 2148 1089 2174 με
1101 2136 1197 2175 ἤγαγεν
1215 2139 1249 2170 εἷς
1262 2137 1309 2172 τὴν
1325 2137 1408 2166 οἰκίαν
1424 2136 1472 2172 τὴν
1487 2139 1593 2172 ἑαυτοῦ,
1606 2136 1649 2165 ἐπὶ
1663 2138 1748 2165 οἰκου-

982 2181 1048 2220 ρίαν.
1063 2182 1131 2210 Ἀλλ’
1144 2184 1212 2218 ἀηδῆ
1225 2186 1307 2212 ταῦτα
1320 2186 1352 2222 τῇ
1365 2182 1451 2221 νύμφῃ
1461 2194 1468 2217 ;
1480 2182 1568 2222 Μέχρι
1582 2185 1630 2217 τῆς
1640 2181 1748 2222 πρώτης

980 2227 1093 2266 ἡμέρας,
1108 2228 1153 2257 καὶ
1173 2231 1220 2264 τῆς
1235 2229 1354 2268 δευτέρας
1368 2240 1374 2246 ·
1390 2228 1480 2256 λοιπὸν
1501 2227 1527 2256 δὲ
1541 2229 1602 2263 οὐκ,
1615 2227 1684 2256 ἀλλὰ
1702 2227 1747 2256 καὶ

981 2276 1109 2315 μεγίστην
1135 2277 1306 2316 καρπώσεται
1330 2277 1377 2312 τὴν
1399 2275 1493 2312 ἡδονὴν
1505 2297 1513 2311 ,
1541 2275 1627 2310 πάσης
1649 2275 1746 2311 ἑαυτὴν

944 2329 962 2352 C
981 2325 1092 2364 ὑποψίας
1107 2325 1321 2354 ἀπαλλάττουσα.
1334 2325 1367 2354 Ὁ
1381 2325 1432 2364 γὰρ
1447 2325 1513 2362 μήτε
1525 2326 1610 2354 αὐλῶν
1624 2325 1691 2363 μήτε
1705 2326 1747 2364 ὄρ-

980 2373 1116 2412 χουμένων
1135 2373 1202 2411 μήτε
1217 2373 1343 2412 ᾀσμάτων
1362 2373 1547 2410 κεκλασμένων
1565 2373 1745 2413 ἀνασχόμενος
