1893 2860
407 155 441 178 ΙΝ
468 155 576 179 EmST.
605 156 641 178 11.

48 218 106 246 ἀλλ’
122 219 151 247 ἐχ
161 217 267 256 πρώτης
278 215 382 252 ἡλικίας
396 216 550 253 μανθανέτω
558 239 565 252 ,
575 216 616 245 ὅτι
630 217 716 256 κρίσις
727 217 796 246 ἐστίν
808 228 814 234 ·

45 263 86 292 ὅτι
101 263 222 297 κόλασις,
238 261 416 300 ἐμπηγνύσθω
429 262 514 290 αὐτῶν
529 264 562 297 τῇ
579 263 681 302 διανοίᾳ
693 275 699 280 ·
713 258 787 295 οὗτος
802 264 816 291 ὁ

46 308 125 348 φόὸος
138 307 318 347 συρῥιζωθεὶς,
335 307 438 346 μεγάλα
457 308 594 346 ἐργάζεται
613 309 708 346 ἀγαθά.
729 307 814 347 Iro-l).

45 353 96 393 γὰρ
107 356 225 391 μαθοῦσα
241 354 272 382 ἐκ
285 353 393 392 πρώτης
403 353 508 388 ἡλικίας
520 356 551 392 τῇ
567 354 711 393 προσδοκίᾳ
732 354 815 392 ταύτῃ

45 399 246 434 κατασείεσθαι,
261 401 289 428 οὔ
302 399 404 438 ταχέως
421 399 590 428 ἀποσείσεται
604 403 680 428 τοῦτο
692 400 722 428 τὸ
743 399 797 432 δέος
808 411 814 416 ·

46 445 106 473 ἀλλ’
129 444 219 484 ὥσπερ
238 457 277 477 τις
289 444 368 477 ἵππος
381 445 699 483 εὖήνιος,ε’πικαοἤμενον
719 445 816 484 ἔχουσα

46 489 91 519 τὸν
114 491 162 525 τῆς
181 490 286 528 γεέννης
307 490 442 529 λογισμὸν,
457 490 571 519 εὔτακτοι
596 490 754 529 βαδίζουσα,
772 491 817 519 καὶ

48 536 184 575 φθέγξεται
197 536 243 565 καὶ
263 537 317 575 ἐρεῖ
337 536 474 575 χρήσιμα·
490 536 535 565 καὶ
550 535 609 564 οὔτε
633 536 722 571 νεότης
733 557 741 571 ,
758 536 816 565 οὔτε

48 583 173 619 πλοῦτος,
189 581 247 611 οὔτε
259 582 385 621 ὀρφανία,
403 582 462 610 οὔτε
483 582 546 611 ἄλλο
560 582 633 611 οὐδὲν
655 581 737 617 αὐτὴν
753 582 819 620 βλά-

49 629 99 668 ψαι
110 628 265 664 δυνήσεται,
281 627 350 656 οὕτω
372 628 477 666 στερρὸν
491 627 608 667 ΰέχουσα
622 628 667 656 τὸν
681 628 818 666 λογισμὸν,
836 632 853 655 C

51 675 97 704 καὶ
122 674 188 714 πρὸς
208 674 296 703 πάντα
320 673 439 713 ἀντέχειν
463 674 614 712 δυνάμενον.
629 674 741 707 Τούτοις
765 678 819 708 τοῖς

50 721 137 760 λόγοις
150 720 195 750 καὶ
206 723 277 759 ἡμᾶς
291 719 384 753 αὐτοὺς
396 720 571 758 ῥυθμίζωμεν,
582 720 626 748 καὶ
638 725 764 759 γυναῖκας
775 722 819 750 καὶ

52 766 158 799 δούλους
169 766 214 795 καὶ
223 766 301 795 τέκνα
313 765 358 795 καὶ
369 765 458 805 φίλους
467 788 474 801 ,
486 767 508 794 εἰ
519 766 635 802 δυνατὸν,
647 766 692 795 καὶ
702 767 819 807 ἐχθρούς.

51 811 192 850 Δυνάμεθα
203 811 254 851 γὰρ
269 811 335 850 μετὰ
349 811 447 840 τούτων
459 813 510 840 τῶν
524 811 608 850 λόγων
622 812 655 841 τὰ
667 813 754 842 πολλὰ
768 816 819 842 τῶν

52 857 252 897 ἁμαρτημάτων
266 857 459 895 ὑποτεμέσθαι,
474 858 519 886 καὶ
536 858 638 896 βέλτιον
654 860 679 887 ἒν
695 860 822 897 λυπηροῖς

51 903 234 943 ἐνδιατρίὸειν,
254 902 271 938 ἢ
293 907 434 943 χρηστοῖς·
455 904 500 932 καὶ
526 904 604 938 δῆλον
630 906 738 934 ἐκεῖθεν,
753 905 822 934 Εἰπὲ

51 950 103 990 γάρ
116 962 175 988 μοι,
189 950 219 979 ἂν
236 950 313 989 ἔλθῃς
327 952 363 983 εἷς
383 949 477 986 οἰκίαν,
490 950 551 978 ἔνΟα
572 950 654 988 γάμοι
669 952 821 981 ἐπιτελοῦν-

53 1009 112 1033 ται,
128 996 192 1035 πρὸς
206 996 252 1035 μὲν
265 996 336 1035 ὥραν
349 997 431 1031 ἥσθης
445 999 478 1035 τῇ
495 996 541 1036 θέᾳ
551 1019 558 1032 ,
577 996 684 1036 ὕστερον
697 997 722 1027 δὲ
740 998 823 1026 ἀπελ-

54 1043 105 1072 θὼν
125 1043 214 1078 τήκεις
230 1042 325 1071 σαυτὸν
339 1044 372 1081 τῇ
384 1041 469 1080 λύπῃ,
483 1041 523 1070 ὅτι
536 1044 583 1070 οὐκ
604 1041 672 1081 ἔχεις
695 1047 820 1073 τοσαῦτα.

54 1088 100 1117 Ἂν
118 1088 144 1117 δὲ
162 1090 198 1120 εἷς
221 1088 305 1117 οἰκίαν
325 1088 488 1117 πενθούντων
503 1087 638 1126 εἰσέλθῃς,
654 1088 701 1116 κᾶν
724 1089 824 1128 σφόδρα
842 1101 860 1122 n

53 1137 227 1168 πλουτοῦντες
252 1129 327 1170 ὦσιν,
353 1134 474 1163 ἀπελθὼν
495 1133 635 1173 ἀναπαύσῃ
657 1136 773 1172 μᾶλλον·
796 1138 825 1165 οὗ

54 1181 106 1220 γὰρ
126 1180 157 1216 δὴ
174 1180 264 1220 φθόνον
286 1180 363 1214 ἐδέξω
386 1182 493 1215 ἐκεῖθεν,
509 1180 577 1208 ἀλλὰ
597 1180 764 1219 παράκλησιν
779 1182 825 1210 καὶ

54 1227 223 1267 παραμυθίαν
241 1227 284 1256 ἐπὶ
300 1229 332 1265 τῇ
348 1229 381 1265 σῇ
392 1226 478 1265 πενίᾳ.
494 1221 570 1259 Εἶδες
581 1226 624 1255 διὰ
635 1229 687 1255 τῶν
699 1228 824 1266 πραγμά-

53 1285 116 1309 των,
129 1275 165 1306 ὡς
178 1273 249 1302 οὐδὲν
263 1275 277 1302 ὁ
291 1274 401 1304 πλοῦτος
424 1273 531 1311 ἀγαθὸν,
546 1272 618 1300 οὐδὲν
635 1274 651 1307 ἡ
673 1273 751 1301 πενία
772 1285 824 1302 κα-

54 1319 111 1355 κὸν,
127 1319 186 1347 ἀλλ’
208 1317 338 1356 ἀδιάφορα
361 1318 417 1345 ε’στι
443 1317 600 1356 πράγματα.
618 1316 698 1346 Οῧτω
721 1318 767 1346 καὶ
781 1322 824 1348 νῦν

55 1365 87 1394 ἂν
101 1366 162 1405 περὶ
175 1366 274 1404 τρυφῆς
290 1362 397 1402 διαλέγῃ
407 1385 414 1397 ,
430 1364 529 1401 μᾶλλον
552 1363 659 1396 κόπτεις
673 1364 721 1399 τὴν
736 1364 822 1404 ψυχὴν

55 1413 102 1441 οὔκ
115 1411 226 1451 ἔχουσαν
242 1410 304 1443 ἰ’σως
315 1414 414 1449 τρυφᾷν
427 1421 432 1427 ·
448 1409 510 1437 ὅταν
525 1408 551 1437 δὲ
565 1408 635 1437 κατὰ
649 1412 762 1448 τρυφῆς,
778 1410 823 1438 καὶ

671 156 716 178 ΑΟ
743 155 906 179 ΤΗΙΞΞΞΛΙ..
933 155 1011 178 c.-xt‘.
1042 155 1064 177 Ι.

1094 154 1212 178 uoluit„
1242 154 1278 177 u.
1541 143 1608 178 603

870 223 959 255 ptema
973 215 1039 244 dicit
1053 215 1165 254 quidam
1183 215 1329 244 admonens
1338 237 1346 252 ,
1361 215 1463 245 Omnis
1477 219 1610 245 narratio
1624 227 1765 255 &cli-92⁰·

872 268 923 290 tua
934 264 971 290 sit
983 264 1015 290 in
1031 262 1093 300 lege
1107 262 1268 290 Aleis-simi.
1281 261 1425 301 Propterea
1442 271 1523 300 rogo,
1534 272 1549 290 a
1561 272 1611 291 nu-

871 307 938 335 trice
949 314 1071 346 acceptos
1086 307 1200 335 infantes
1213 317 1246 335 ne
1259 307 1375 335 anilibus
1395 307 1494 336 sabulis
1519 318 1614 336 assue-

871 353 1018 389 faciamus,
1038 353 1084 381 sed
1100 353 1134 381 ab
1150 353 1256 382 ineunte
1278 360 1354 382 aetatc
1367 353 1472 382 discant
1491 353 1563 392 quod
1579 353 1615 383 sit

868 398 1019 437 judicium,
1036 398 1111 436 quod
1126 399 1161 427 sit
1181 399 1345 438 supplicium
1356 421 1363 435 ,
1379 399 1509 437 infigatur
1522 409 1616 428 eorum

872 445 969 473 animis
985 457 991 472 :
1010 445 1053 472 hic
1068 452 1154 473 metus
1168 445 1190 473 si
1208 445 1311 474 radices
1324 445 1423 484 egerit,
1438 456 1534 484 magna
1545 445 1616 474 bona

872 490 944 518 facit.
960 490 1055 518 Anima
1070 490 1141 518 enim
1154 501 1212 528 quae
1226 491 1260 518 ab
1276 491 1382 519 ineunte
1397 498 1474 519 aetate
1489 491 1617 520 didicerit

872 547 900 565 ea
919 537 1116 575 exspectatione
1134 539 1258 574 concuti,
1274 538 1346 566 hunc
1371 545 1472 567 metum
1489 549 1541 567 non
1564 539 1618 567 cito

873 582 1009 611 amovebit
1028 595 1034 610 :
1052 583 1098 612 sed
1112 583 1182 611 sicut
1195 594 1280 621 equus
1300 584 1412 621 quidam
1427 586 1474 623 qui
1489 586 1563 614 freno
1577 586 1620 614 sa-

873 629 924 657 cile
942 628 1061 667 regitur,
1076 628 1178 657 habens
1192 629 1350 657 insidentem
1373 630 1499 668 gehenna*
1515 631 1618 669 cogita-

873 675 988 709 tionem,
1005 674 1128 703 ordinate
1143 674 1311 713 ingrediens,
1324 681 1350 703 et
1371 674 1494 713 loquetur
1508 683 1534 704 et
1548 676 1620 705 dicet

873 720 950 749 utilia
964 732 972 747 .·
989 727 1014 748 et
1029 730 1114 758 neque
1124 720 1254 759 juventus
1266 743 1274 755 ,
1296 730 1382 758 neque
1396 720 1516 757 divitiae,
1532 731 1619 758 neque

874 765 990 803 orbitas,
1003 776 1087 805 neque
1103 765 1253 804 quidquam
1268 766 1344 794 aliud
1356 766 1380 795 ei
1395 776 1489 795 nocere
1504 766 1619 805 poterit,

875 822 937 841 cum
951 811 1018 841 adeo
1029 811 1148 841 validam
1159 811 1256 840 habeat
1268 811 1398 840 rationem
1408 834 1417 849 ,
1429 818 1454 840 et
1464 822 1524 850 quae
1537 812 1622 851 possit

875 858 1000 887 omnibus
1022 858 1154 887 resistere.
1172 857 1221 886 His
1237 857 1326 886 verbis
1347 864 1372 886 et
1394 867 1441 886 nos
1462 858 1533 897 ipsos
1547 867 1623 886 com-

876 916 1026 946 ponamus,
1052 913 1078 935 et
1100 916 1198 935 uxores
1212 912 1238 934 et
1251 916 1343 934 servos
1364 912 1390 934 et
1410 905 1482 934 filios
1503 912 1529 934 et
1551 905 1622 934 ami—

878 962 939 988 cos,
955 959 998 990 et,
1014 951 1037 980 si
1050 951 1110 980 fieri
1127 958 1232 991 potest,
1247 951 1327 979 etiam
1343 950 1473 979 inimicos.
1489 951 1559 979 Cum
1580 950 1624 979 his

878 999 949 1027 enim
965 997 1054 1026 verbis
1069 1007 1212 1037 possumus
1226 996 1311 1025 multa
1326 1003 1433 1036 peccata
1453 1007 1571 1025 resecare
1577 1019 1584 1033 ‚
1599 1003 1625 1024 et

879 1046 976 1074 melius
988 1045 1091 1074 versari
1105 1045 1131 1073 in
1144 1045 1226 1073 rebus
1240 1044 1360 1073 molestis
1369 1066 1376 1080 ,
1387 1054 1469 1082 quam
1484 1044 1510 1072 in
1521 1044 1625 1083 jucun-

878 1091 930 1121 dis.
942 1091 991 1120 Est
1005 1097 1094 1119 autem
1110 1090 1187 1120 illinc
1201 1090 1383 1129 perspicuum.
1398 1089 1468 1118 Nam
1484 1089 1530 1117 dic
1545 1089 1625 1123 mihi,

880 1137 901 1165 si
916 1136 1021 1166 veneris
1037 1136 1065 1164 in
1079 1135 1192 1164 domum
1205 1135 1233 1164 in
1246 1145 1301 1174 qua
1321 1134 1490 1163 celebrantur
1505 1135 1623 1174 nuptiae‚

879 1182 1074 1222 aliquantisper
1099 1181 1208 1220 quidem
1230 1181 1381 1220 spectaculo
1404 1191 1431 1210 es
1458 1180 1623 1218 delectatus;

879 1238 971 1271 postea
988 1237 1077 1258 autem
1094 1240 1155 1258 cum
1170 1228 1322 1265 recesseris,
1344 1228 1437 1257 dolore
1456 1228 1623 1262 extabescis,

879 1278 951 1317 quod
966 1285 1021 1307 tam
1032 1277 1117 1306 multa
1132 1287 1184 1306 non
1198 1276 1306 1305 habeas.
1323 1276 1370 1305 Sin
1385 1282 1474 1305 autem
1489 1276 1626 1315 ingressus

879 1324 961 1353 fueris
971 1324 1083 1352 domum
1095 1322 1245 1361 lugentium
1253 1344 1261 1359 ,
1275 1322 1380 1350 etiamsi
1393 1321 1445 1350 sint
1457 1321 1536 1351 valde
1547 1320 1625 1349 divi-

880 1376 918 1398 tes
930 1392 937 1406 ,
962 1380 1024 1398 cum
1044 1368 1198 1403 recesseris,
1215 1368 1301 1406 magis
1325 1368 1442 1406 quiesces
1460 1379 1466 1394 ι
1484 1378 1536 1396 non
1553 1367 1625 1396 enim

880 1416 942 1445 inde
954 1414 1079 1454 accepisti
1094 1413 1238 1448 invidiam,
1250 1413 1296 1442 sed
1309 1413 1517 1442 consolationem
1531 1412 1565 1442 de
1579 1419 1624 1442 tua

54 1457 114 1491 τοὺς
126 1459 174 1492 τῆς
185 1456 290 1496 γεέννης
302 1455 420 1494 ε’μὸοίλῃς
435 1457 460 1484 ἐν
483 1454 556 1494 μέσῳ
569 1454 677 1492 λόγους,
692 1455 824 1494 εὐφραίνει

880 1470 1044 1503 paupertate.
1056 1463 1108 1490 Per
1118 1472 1160 1490 res
1175 1461 1246 1500 ipsas
1260 1460 1352 1490 vidisti
1367 1459 1439 1499 quod
1450 1460 1558 1489 nullum
1572 1461 1623 1490 bo-
1636 1469 1723 1490 Divitiae
1737 1477 1780 1490 non

55 1515 84 1534 σε
97 1504 128 1533 τὸ
135 1508 260 1543 πρᾶγμα,
272 1502 318 1530 καὶ
329 1501 430 1537 πολλὴν
444 1500 545 1534 τέξεται
560 1500 607 1536 τὴν
620 1501 725 1536 ἡδονήν.
739 1501 823 1530 εΌταν

881 1520 945 1538 num
961 1509 1014 1538 sint
1026 1508 1145 1544 divitiae,
1160 1506 1267 1536 nullum
1283 1506 1385 1535 malum
1401 1513 1544 1546 paupertas
1554 1530 1561 1543 ‚
1576 1507 1623 1536 sed
1635 1500 1711 1559 ἓξὲξ
1725 1509 1779 1552 Γιζὶζ

55 1549 107 1589 γὰρ
124 1549 262 1588 {vito-Amr,
279 1548 320 1576 ὅτι
334 1551 350 1583 ἧ
365 1546 450 1587 ’τρυφὴ
467 1546 538 1576 Οὐδὲν
553 1549 617 1584 ἡμῖν
640 1546 706 1586 πρὸς
728 1547 757 1576 τὸ
772 1551 823 1586 πῧΡ
843 1553 861 1576 Ε
880 1566 922 1584 res
935 1555 988 1584 sint
998 1553 1190 1583 indifferentes.
1202 1555 1243 1582 Ita
1265 1563 1336 1582 nunc
1350 1563 1456 1591 quoque
1470 1553 1491 1581 si
1504 1553 1622 1591 loquaris
1636 1562 1700 1583 mala.

55 1596 140 1624 ἐκεῖνο
153 1595 291 1630 δυνήσεται
311 1596 423 1632 ἀμῦναι,
436 1594 484 1622 οὔκ
498 1593 665 1628 ἐπιζητήσεις
680 1593 761 1628 αὗτήν
771 1605 777 1610 ·
793 1593 824 1621 ἂν

57 1641 83 1670 δὲ
101 1641 208 1680 λογίσῃ,
220 1641 260 1670 ὅτι
274 1640 319 1669 καὶ
333 1641 431 1678 μᾶλλον
456 1639 520 1668 αὐτὸ
535 1639 661 1668 ἀνάπτειν
678 1639 778 1677 εἴωθεν,
794 1640 823 1669 οὐ

57 1688 134 1726 μόνον
150 1690 198 1716 οὐκ
219 1686 401 1722 ἐπιζητήσεις,
417 1686 485 1714 ἀλλὰ
500 1685 545 1714 καὶ
569 1685 762 1725 ἀποστραφήσῃ
779 1686 824 1714 καὶ

55 1733 215 1773 ἀποκρούσῃ.
231 1732 277 1768 Μὴ
292 1732 323 1768 δὴ
338 1731 474 1771 φεύγωμεν
493 1732 554 1764 τοὺς
576 1731 636 1770 περὶ
651 1731 756 1771 γεέννης
777 1732 822 1760 λό-

55 1791 131 1818 γους,
145 1780 188 1808 ῗνα
202 1778 325 1818 φύγωμεν
346 1777 394 1814 τὴν
416 1778 535 1816 γέενναν·
560 1777 597 1815 μὴ
614 1777 752 1816 φεύγωμεν
775 1778 823 1813 τὴν

55 1827 103 1860 τ’ῆς
127 1825 260 1858 κολάσεως
284 1824 402 1862 μνήμην,
426 1823 469 1852 ἰ’να
493 1823 530 1861 μὴ
553 1824 734 1862 κολασθῶμεν.
752 1825 785 1853 Ei
810 1826 824 1852 ὃ

55 1870 178 1903 πλούσιος
191 1872 288 1902 ἐκεῖνος
300 1870 329 1898 τὸ
343 1873 395 1908 πῦρ
407 1868 501 1898 ἐνενόει
517 1870 600 1898 ἐκεῖνο
609 1891 616 1904 ,
629 1870 676 1898 οὔκ
690 1869 721 1898 ἂν
734 1869 824 1908 ἥμαρ·

55 1928 114 1945 τεν·
130 1916 222 1951 ἐπειδὴ
237 1916 264 1945 δὲ
286 1915 410 1944 οὗδέποτε
430 1915 508 1944 αὐτοῦ
530 1914 665 1952 ἐμνήσθη,
681 1914 726 1943 διὰ
747 1918 824 1944 τοῦτο

58 1963 128 2001 αὐτῷ
144 1961 307 2001 περιέπεσεν.
323 1959 392 1989 Εἰπέ
405 1971 465 1998 μοι,
477 1960 614 1998 ἄνθρωπε,
630 1960 734 1997 μέλλων
745 1961 825 2000 παρί-
845 1969 861 1991 F

58 2010 169 2036 στασθαι
195 2008 234 2046 τῷ
264 2006 366 2044 βήματι
396 2008 441 2034 τοῧ
467 2005 582 2044 Χριστοῦ
609 2005 697 2034 πάντα
725 2007 826 2043 μᾶλλον

58 2054 172 2093 φθέγγῃ,
187 2052 204 2086 ἢ
219 2053 279 2091 περὶ
294 2052 400 2086 τούτου;
417 2051 469 2080 Καὶ
483 2056 595 2090 πρᾶγμα
610 2051 656 2089 μὲν
671 2052 739 2090 ἔχων
761 2052 826 2091 πρὸς

13 2122 15 2128 «
57 2099 194 2136 δικαστὴν,
211 2099 291 2138 μέχρι
313 2098 437 2137 ιξ>ημοίτων
457 2097 598 2132 πολλάκις,
611 2098 640 2126 οὗ
664 2097 764 2134 νύκτα,
779 2099 826 2137 οὐχ

56 2146 168 2185 ἡμέραν,
179 2147 208 2175 οὗ
221 2145 322 2183 καιρὸν,
336 2146 384 2183 οὐχ
397 2143 468 2182 ὤραν
490 2143 555 2172 ἄλλο
578 2155 604 2171 τι
625 2143 724 2182 φθέγγῃ
735 2164 742 2177 ,
757 2144 825 2172 ἀλλὰ
835 2171 857 2189 μ

56 2191 197 2224 διαπαντὸς
217 2191 278 2230 περὶ
298 2190 396 2219 ἐκείνου
418 2192 463 2218 τοῦ
482 2189 654 2229 πράγματος·
671 2189 774 2226 μέλλων
798 2189 825 2218 δὲ
844 2186 861 2222 si

56 2237 121 2277 ὑπὲρ
134 2238 222 2273 πάσης
232 2239 280 2271 τ’ἦς
293 2238 361 2270 ζωῆς
373 2247 419 2265 σου
431 2235 508 2274 λόγον
523 2235 636 2270 διδόναι,
657 2234 703 2262 καὶ
722 2234 826 2268 εὐθύνας

56 2286 190 2323 ὑποσχεῖν,
205 2283 264 2312 οὐδὲ
277 2283 363 2311 ἄλλων
374 2294 404 2311 σε
421 2282 675 2320 ἀναμιμνησκόντων
697 2280 763 2320 ὓπερ
780 2283 826 2327 τῇς

58 2330 132 2365 δίκης
144 2330 238 2369 ἀνέχῃ;
251 2331 397 2368 Τοιγαροῦν
409 2328 452 2357 διὰ
464 2331 541 2357 roffio
552 2328 639 2356 πάντα
649 2328 771 2356 ἀπόλωλε
782 2328 827 2356 καὶ

60 2375 228 2415 διέφθαρται,
238 2375 278 2403 ὅτι
291 2375 394 2413 βήματι
417 2374 463 2412 μὲν
487 2373 642 2413 ἀνθρωπίνῳ
657 2373 827 2413 παραστήσε-

18 2425 19 2432 ’
61 2423 122 2450 σθαι
143 2421 281 2459 μέλλοντες
303 2421 363 2461 περὶ
382 2420 547 2459 πραγμάτων
569 2422 713 2459 βιωτικῶν,
742 2419 828 2448 πάντα

99 2527 108 2537 -
126 2518 214 2551 [Fon.
230 2524 331 2552 ἔχουσαν.
345 2520 434 2554 δειιίἱ]

228 2571 300 2590 ΤΟΜ.
321 2572 364 2592 xl.

879 1601 912 1631 de
926 1600 1039 1637 deliciis,
1053 1600 1140 1639 magis
1151 1599 1214 1628 feris
1228 1599 1358 1637 animam,
1372 1606 1402 1628 ut
1416 1609 1474 1637 quae
1486 1599 1554 1628 forte
1571 1610 1623 1629 non

879 1648 975 1677 habeat
986 1657 1040 1685 quo
1051 1646 1155 1674 deliciis
1172 1645 1311 1684 indulgeat
1327 1657 1333 1673 z
1351 1645 1459 1684 quando
1472 1652 1561 1674 autern
1575 1646 1624 1675 ad—

880 1705 972 1723 versus
982 1692 1093 1722 delicias
1108 1691 1190 1720 etiam
1199 1690 1232 1720 de
1247 1691 1367 1729 gehenna
1379 1701 1514 1720 sermones
1529 1691 1556 1720 in
1570 1702 1623 1720 rne-

879 1740 955 1769 dium
978 1739 1117 1779 injeceris,
1132 1748 1174 1766 res
1195 1744 1220 1766 te
1245 1737 1377 1774 delectat,
1392 1745 1417 1766 et
1433 1748 1558 1777 magnam
1577 1749 1624 1778 pa-

880 1787 930 1815 riet
945 1786 1123 1825 voluptatem.
1147 1783 1265 1820 Quando
1286 1784 1358 1812 enim
1381 1784 1541 1822 cogitaveris
1552 1784 1624 1823 quod

879 1832 983 1861 deliciae
997 1830 1126 1860 adversus
1141 1829 1220 1858 illum
1237 1829 1326 1868 ignem
1343 1829 1413 1857 nihil
1428 1836 1553 1868 poterunt
1565 1830 1624 1868 opis

880 1879 960 1913 ferre,
979 1887 1023 1905 eas
1044 1885 1097 1904 non
1120 1874 1239 1913 requires
1255 1885 1261 1901 ι
1277 1874 1318 1903 sin
1343 1881 1433 1902 autem
1457 1875 1624 1913 reputaveris

880 1923 952 1963 quod
965 1923 1055 1962 ipsum
1069 1931 1175 1959 quoque
1190 1920 1276 1958 magis
1287 1919 1372 1948 solent
1393 1919 1537 1949 accendere
1549 1943 1556 1957 ,
1570 1931 1623 1949 non

881 1971 968 2000 solum
981 1979 1031 1998 non
1045 1968 1178 2006 requires,
1191 1965 1239 1994 sed
1252 1965 1332 1994 etiam
1343 1965 1530 1995 adversaberis
1542 1973 1567 1995 et
1585 1977 1623 1995 rc-

880 2017 972 2057 pellcs.
982 2016 1022 2044 Ne
1028 2013 1163 2053 fugiamus
1170 2022 1302 2041 sermones
1309 2011 1344 2041 de
1349 2011 1468 2051 gehenna
1475 2035 1481 2049 ,
1488 2019 1517 2041 ut
1525 2012 1622 2051 gehen-

881 2073 944 2092 nam
960 2061 1095 2100 fugiamus
1112 2070 1118 2086 τ
1137 2068 1170 2087 ne
1191 2057 1326 2096 fugiamus
1341 2068 1426 2097 poenae
1445 2057 1624 2094 mentionem,

881 2114 912 2136 ut
924 2117 975 2136 non
987 2105 1143 2146 puniamur.
1159 2103 1189 2133 Si
1199 2103 1277 2132 dives
1290 2103 1337 2132 ille
1347 2103 1436 2142 ignem
1454 2103 1537 2132 istum
1550 2104 1624 2143 cogi-

881 2159 977 2188 tasset,
993 2161 1043 2180 nou
1055 2155 1190 2190 peccasset
1202 2160 1210 2186 ;
1227 2148 1355 2187 quoniam
1369 2155 1458 2177 autem
1471 2149 1529 2188 ejus
1540 2159 1624 2177 num-

880 2209 962 2237 quam
984 2196 1118 2232 meminit,
1132 2195 1192 2224 ideo
1206 2194 1233 2223 in
1249 2205 1311 2223 eum
1324 2194 1430 2223 incidit.
1445 2194 1497 2223 Dic
1514 2194 1597 2230 mihi,
1607 2205 1624 2223 o

881 2245 961 2273 homo
971 2266 978 2278 ‚
996 2253 1057 2271 cum
1071 2240 1205 2271 sistendus
1216 2240 1252 2269 sis
1273 2239 1308 2269 ad
1326 2239 1446 2269 tribunal
1459 2240 1560 2269 Christi
1571 2262 1578 2276 ‚
1590 2240 1625 2269 de

881 2287 976 2326 quavis
985 2286 1075 2326 potius
1085 2295 1166 2324 quam
1176 2284 1210 2312 de
1223 2294 1251 2312 ca
1264 2294 1292 2312 re
1302 2283 1441 2321 loqueris?
1454 2283 1489 2312 Et
1500 2283 1522 2312 si
1532 2284 1583 2312 tibi
1591 2284 1626 2312 sit

882 2332 916 2361 lis
929 2330 1002 2371 apud
1011 2329 1130 2370 judicem
1142 2351 1150 2367 ,
1167 2338 1236 2368 saepe
1247 2327 1338 2357 verbis
1351 2334 1428 2356 tenus
1439 2350 1446 2364 ,
1459 2337 1512 2357 non
1527 2335 1606 2356 noctu
1618 2350 1625 2364 ,

884 2386 936 2405 non
948 2374 1062 2404 interdiu
1074 2396 1082 2410 ,
1097 2383 1148 2402 non
1163 2372 1254 2412 aliquo
1268 2372 1398 2411 temporis
1409 2378 1544 2401 momento
1554 2393 1562 2408 ,
1573 2381 1627 2400 non

885 2420 949 2449 hora
960 2419 1050 2457 aliqua
1065 2416 1168 2456 aliquid
1177 2415 1252 2445 aliud
1266 2415 1395 2454 loqueris,
1404 2415 1450 2445 sed
1459 2422 1586 2455 perpetuo
1594 2414 1628 2443 de

1472 2553 1510 2580 40
