1893 2860
511 190 657 214 uomrrn
686 191 718 213 ιΝ
747 191 854 214 Eiusr.
886 190 929 212 An
956 191 1197 215 corossmsns.
1569 180 1638 229 369

113 253 172 281 Non
186 252 294 281 deerant
307 251 406 279 oratori
423 258 530 280 strenuo
542 274 550 287 ,
572 252 659 280 dicaci
671 275 678 287 ,
689 252 758 290 :equi
771 252 888 290 bonique
898 251 1008 291 cupido,
1024 264 1085 291 quae
1103 253 1129 282 in
1147 253 1503 292 Constantinopolitanorum
1518 254 1639 282 moribus

73 306 192 338 carperet
203 305 228 327 et
241 298 423 326 insectaretur.
433 298 501 326 Nam
515 298 632 327 divitum
650 306 739 327 tantus
749 306 805 327 erat
819 299 910 334 luxus,
927 299 993 327 tanti
1004 299 1030 328 in
1045 300 1144 328 mensis
1156 307 1302 339 apparatus
1316 307 1395 338 atque
1407 307 1511 329 sumtus
1522 323 1530 335 ‚
1545 307 1573 328 ut
1586 310 1638 328 non

72 346 128 374 sine
141 352 249 384 stupore
261 345 384 383 legantur
398 355 427 373 ea
439 355 499 383 quae
512 345 558 374 ille
572 345 600 374 in
615 345 727 374 homilia
742 346 832 384 prima
846 356 922 375 num.
938 347 958 374 4
968 354 1093 376 recenset,
1107 347 1215 375 Plebem
1230 354 1330 384 autem,
1344 347 1398 376 imo
1414 348 1637 386 Constantinopo-
1649 353 1684 372 ΜΞ

72 392 166 420 litanos
180 402 270 420 omnes
281 392 345 430 jure
359 391 485 430 objurgat
498 399 525 420 et
539 392 645 420 incessit
657 404 664 428 3
678 392 751 431 quod
775 392 856 420 muni
877 393 965 421 omnia
980 393 1098 421 humana
1115 393 1167 421 fato
1180 393 1242 422 ferri
1258 392 1377 422 dicerent
1391 400 1472 431 atque
1496 400 1636 432 putarent,

71 437 182 476 ideoque
194 438 244 467 Dei
264 438 462 477 providentiam
484 439 553 467 nihil
570 446 708 475 curarent;
728 439 801 477 quod
820 439 932 478 plurimi
950 440 1173 468 resurrectionem
1192 447 1332 478 negarent;
1346 439 1421 477 quud
1440 439 1638 468 observationes

71 485 176 514 dierum
190 485 263 524 apud
275 485 336 514 illos
350 486 473 524 vigerent
487 498 492 513 :
506 486 557 515 hoc
571 497 636 515 vero
647 497 731 525 genus
742 486 940 525 superstitionis
954 486 1001 514 diu
1014 487 1182 525 multumque
1194 488 1222 516 in
1242 487 1454 515 occidentalibus
1475 487 1555 515 etiam
1571 498 1638 525 par-

71 531 143 559 tibus
157 530 282 568 invaluit,
299 537 328 559 ut
337 531 403 559 alibi
415 531 670 561 demonstravimus.
684 532 825 570 Ligamina
835 532 930 567 etiam,
945 543 1004 570 quae
1019 542 1104 569 graece
1115 533 1250 572 περίαπτα
1264 533 1393 561 dicuutur
1403 555 1410 569 ‚
1422 540 1447 561 ct
1459 533 1525 561 alias
1540 533 1638 561 multas

71 578 270 617 superstitiones
286 578 359 617 apud
373 578 434 607 illos
448 579 585 608 observari
599 579 666 608 djcit
681 579 752 608 hom.
765 586 859 608 octava
875 589 949 607 uum.
966 579 992 606 5.
1006 580 1108 607 Morem
1120 590 1228 617 quoque
1241 579 1350 607 omnino
1371 579 1553 607 damnandum
1570 580 1637 607 inse-

73 632 169 663 ctatur,
179 625 253 664 quod
268 636 362 665 nempe
374 626 661 665 Constantinopolitani
673 626 844 655 meretricum
858 635 955 653 cuneos
966 625 1001 653 ad
1018 625 1126 664 nuptias
1139 625 1310 654 celebrandas
1321 625 1492 654 advocarent.

112 670 253 710 singulare
267 671 376 700 omnino
393 678 431 700 est
445 671 475 699 id
490 672 562 709 quod
587 672 653 700 dicit
667 672 741 700 hom.
756 671 866 711 septima
890 681 963 699 num.
990 673 1022 708 5,
1042 682 1137 710 nempe
1153 682 1242 709 regem
1266 673 1409 700 Persarum
1432 671 1479 699 illo
1500 671 1558 709 ipso
1583 682 1636 708 quo

72 715 278 755 Chrysostomus
292 716 500 745 concionabatur
520 724 648 756 tempore,
667 717 781 745 barbam
793 716 918 744 habuisse
931 727 1047 744 auream.
1067 716 1206 744 Prolixam
1220 723 1299 752 certe,
1313 716 1423 745 densam
1435 723 1461 744 ct
1472 715 1636 754 adjectitiam

73 762 152 790 fuisse
165 773 258 801 regum
273 763 413 791 Persarum
426 763 539 792 barbam
559 763 691 803 exemplis
705 770 730 792 ct
742 763 923 792 schematibus
935 763 1155 792 confirmavimus
1170 763 1196 791 in
1213 763 1380 801 Antiquitate
1394 763 1537 802 explanata
1557 763 1636 790 Tom.

73 810 109 845 55
122 809 166 838 hic
178 820 240 839 vero
257 809 383 850 adjicitur
397 821 455 840 eam
467 811 549 840 fuisse
564 822 682 840 auream.

110 856 355 896 hiemi-emtionem
371 858 493 887 Latinam
509 859 636 888 Gentiani
650 859 759 888 Herveti
774 859 900 898 plurimis
913 859 940 887 in
951 858 1017 887 locis
1025 858 1228 897 castigavimus.
1245 858 1349 897 [Longe
1359 858 1485 898 pluribus
1497 868 1544 886 nos
1557 857 1635 896 ipsi]

518 1568 610 1571 ——
614 1559 878 1578 -ὂῦὸ
884 1560 1180 1578 Εμ-
