1893 2860
269 153 337 195 (ια’,
606 160 634 181 S.
658 157 797 181 somnis
824 158 1005 182 cnnx'sosr.

269 226 367 261 1·cilla;
381 225 414 253 de
425 229 477 251 tota
487 228 575 250 autem
590 220 644 249 vita
655 226 699 247 tun
711 218 838 247 rationem
849 218 1002 248 redditurus

269 280 292 301 et
301 271 434 310 judicium
448 267 599 302 subiturus,
611 276 643 293 ne
655 275 698 293 cos
712 264 820 302 quidem
834 265 944 300 toleras,
957 265 1002 303 qni

269 319 319 347 hoc
329 315 462 355 judicium
474 313 522 341 tibi
535 313 562 340 in
577 318 690 340 mentem
705 311 846 340 revocant?
862 312 1002 350 Propterea

269 373 331 401 ergo
341 361 430 389 omnia
441 359 576 399 periei-unt
587 364 612 386 et
624 363 685 385 sunt
696 356 800 396 perdita
812 367 842 385 ac
853 357 1003 396 profligata,

268 408 339 447 quod
353 407 387 437 ad
403 406 552 434 humanum
577 403 694 432 tribunal
708 402 831 439 sistendi,
853 413 902 441 pro
923 403 1003 431 rebus

268 466 325 493 quae
338 453 372 482 ad
389 454 456 481 hanc
467 452 551 481 vitam
562 449 710 489 pertinent,
725 448 813 477 omnia
833 459 1002 484 moveamus,

268 499 412 539 quemlibet
428 507 560 536 rogemus,
575 495 680 524 assidue
689 495 723 524 de
736 505 766 523 eo
782 494 865 523 simus
880 494 1003 530 solliciti,

268 548 356 576 munia
370 557 418 586 pro
438 545 483 573 illa
498 555 525 574 re
538 554 648 582 agamus
663 555 668 570 :
684 542 717 571 ad
732 542 832 571 Clu-isti
844 549 933 570 autem
950 542 1002 570 tri-

268 594 352 623 bunal
366 603 416 622 non
431 592 516 620 multo
534 597 594 630 post
606 589 727 626 ventui-i,
740 589 808 617 nihil
823 599 870 617 nec
889 599 936 628 per
957 599 1003 617 nos

268 651 316 669 nec
339 650 385 679 per
403 638 469 667 alios
492 647 622 676 agamus,
643 635 766 665 Judicem
789 645 841 664 non
861 645 1000 673 rogemus,

268 686 391 726 quamvis
402 684 479 714 nohis
499 684 609 721 longum
623 681 667 710 det
677 681 803 720 temporis
826 681 941 720 spatium
952 702 959 716 ‚
979 687 1003 708 et

268 743 316 761 nos
330 743 381 761 non
397 731 482 770 rapiat
497 730 523 758 in
542 728 636 757 mediis
650 726 779 767 peccatis;
799 726 845 755 sed
867 726 1002 765 permittat

268 785 336 807 ntea
349 787 490 813 exuamus,
506 782 531 804 ct
543 774 611 803 nihil
621 784 711 802 eornm
727 783 784 811 quae
798 772 832 801 ad
844 772 933 811 ipsum
945 782 1002 811 pcr-

267 824 351 853 tinent
362 822 546 862 praetermittat
563 820 609 848 illa
623 820 726 848 bonitas
738 825 762 847 et
773 818 931 857 benignitas.
950 817 1002 846 Sed

267 870 334 898 nihil
345 868 461 907 amphus
472 866 587 895 efficitur
601 877 606 892 ε
622 870 760 904 propterea
779 864 867 902 majus
884 870 922 891 est
937 874 1003 902 sup-

266 915 387 953 pliciumr
403 912 455 941 Sed
469 911 539 940 absit
560 917 589 938 ut
605 910 640 938 ita
653 909 708 937 fiat.
722 909 863 947 Propterea
879 918 943 947 rogo
953 931 960 945 ,
974 915 1002 937 ut

266 969 338 988 nunc
351 959 443 987 saltem
456 956 657 995 resipiscamus,
670 954 817 993 gehennam
837 961 897 982 ante
911 954 1003 983 oeulos

265 1005 428 1038 habeamus,
445 1003 592 1041 cogitemus
601 1001 675 1029 illam
688 999 879 1028 inevitabiliter
890 999 1001 1028 redden-

265 1051 328 1079 dam
337 1050 464 1078 rationem
478 1061 483 1076 :
497 1054 527 1076 ut
537 1047 593 1075 haec
603 1052 765 1085 reputantes,
774 1051 799 1073 et
809 1045 906 1073 vitium
917 1045 1001 1083 fugia-

266 1108 324 1125 mus
336 1119 343 1133 ‚
356 1103 382 1125 et
394 1096 522 1124 virtutem
537 1093 684 1131 eligamus,
701 1098 725 1119 et
746 1091 878 1130 possimus
898 1093 1000 1129 assequi

264 1143 333 1171 bona
349 1141 479 1181 promissa
501 1139 535 1168 iis
551 1138 596 1177 qui
611 1138 699 1177 ipsum
717 1136 851 1175 diligunt,
870 1137 954 1176 gratia
977 1144 1001 1164 et

265 1187 445 1226 benignitate,
460 1192 508 1214 etc.

297 1301 306 1312 ι·
322 1294 365 1318 Sic
374 1293 430 1317 Mss.
440 1299 534 1317 omnes¹
544 1289 612 1315 Editi
622 1298 680 1315 vero
689 1293 728 1315 κᾶν
738 1293 761 1315 ἐκ
770 1294 808 1315 τοῦ
816 1292 851 1313 νῦν
860 1292 1015 1321 άνανήφωμεν.

514 1502 671 1531 HOMILIA
693 1500 742 1528 111.

264 1597 332 1625 CAP.
349 1596 370 1625 l.
395 1606 422 1624 v.
449 1595 477 1623 9.
498 1594 553 1632 Qui
574 1602 673 1632 poenas
695 1592 807 1620 dabunt
828 1593 859 1619 in
879 1592 999 1619 interitu

303 1648 426 1670 aeternas
442 1651 461 1668 α
471 1641 552 1679 facie
567 1639 687 1666 Domini
699 1643 724 1665 el
738 1647 756 1665 a
770 1637 866 1673 gloria
881 1637 1000 1664 virtutis

304 1689 375 1726 ejus,
392 1687 438 1714 10.
454 1695 518 1714 cum
533 1685 645 1712 venerit
658 1682 820 1722 glori—'ficari
839 1684 872 1709 in
891 1683 1000 1710 sanctis

303 1735 371 1768 suis,
382 1739 409 1760 et
420 1729 681 1768 adrnirahilisfieri
692 1731 723 1756 in
735 1729 868 1756 omnibus
880 1728 930 1765 qui
941 1736 1001 1755 cre-

305 1778 450 1806 diderunt.

305 1877 332 1904 t.
354 1875 423 1904 Sunt
437 1871 515 1901 multi
538 1869 658 1898 homines
680 1869 726 1907 qui
745 1868 843 1897 bonam
857 1878 931 1907 spem
947 1868 1000 1896 ha—

264 1921 337 1957 bent,
349 1930 401 1948 non
413 1919 440 1947 in
451 1928 481 1946 eo
497 1915 570 1955 quod
583 1914 732 1943 abstineant
743 1925 758 1942 a
774 1913 899 1953 peccatiS,
914 1913 960 1942 sed
973 1913 1001 1942 in

263 1978 294 1996 eo
307 1966 379 2005 quod
391 1964 545 1994 existiment
559 1961 706 2000 gehennam
724 1970 776 1988 non
789 1970 843 1988 esse
859 1959 1002 1988 vehemen-

263 2019 315 2041 tem
328 2012 398 2040 sicut
410 2010 521 2045 dicitur,
539 2006 586 2035 sed
601 2006 733 2034 mitiorem
746 2015 827 2044 quam
849 2015 907 2033 eam
924 2006 1000 2044 cujus

263 2059 341 2088 minae
353 2058 523 2091 intentantur,
535 2060 560 2083 et
571 2064 626 2082 esse
637 2060 846 2092 temporaneam,
861 2062 913 2080 non
928 2058 1000 2081 aeter-

262 2115 335 2141 nam,
349 2110 374 2132 et
394 2102 428 2130 de
446 2101 492 2129 illa
514 2110 543 2128 re
557 2099 673 2127 multum
686 2097 921 2137 philosophantur.
938 2098 998 2136 Ego

262 2161 324 2180 vero
337 2159 388 2177 non
401 2147 488 2176 solum
508 2145 581 2184 quod
595 2155 647 2173 non
669 2143 703 2172 sit
717 2143 809 2171 mitior
824 2153 906 2181 quam
923 2143 999 2182 cujus

261 2197 340 2225 minae
351 2195 521 2226 intententur,
531 2190 577 2219 sed
589 2190 673 2218 multo
685 2188 874 2226 vehementior,
887 2199 921 2217 ex
932 2189 1000 2217 mul-

260 2242 294 2270 tis
308 2249 416 2280 possum
429 2236 575 2273 ostendere,
596 2242 621 2264 et
635 2234 761 2272 colligere
781 2244 815 2262 ex
829 2234 894 2273 ipsis
909 2234 998 2263 verbis

259 2287 292 2315 de
307 2286 434 2324 gehenna.
449 2284 579 2311 Caeterum
594 2280 700 2309 nullum
720 2290 790 2308 nunc
805 2280 878 2318 agito
892 2290 997 2309 sermo—

260 2342 320 2359 nem
338 2330 372 2359 de
388 2330 431 2358 his
449 2340 454 2356 :
473 2327 574 2356 sufficit
586 2326 658 2355 enim
672 2332 758 2354 metus
779 2335 811 2353 ex
827 2325 890 2354 solis
906 2325 996 2354 verbis

260 2385 410 2416 conceptus,
431 2375 535 2404 etiamsi
549 2384 640 2402 eorum
655 2372 811 2402 sententiam
834 2382 885 2401 non
902 2373 988 2412 expli‹

258 2423 416 2451 caverimus.
430 2420 510 2457 Quod
523 2427 612 2448 autem
624 2429 676 2448 non
688 2419 723 2447 sit
738 2425 916 2457 temporanea,
929 2418 994 2447 audi

258 2468 372 2496 Paulum
385 2477 453 2494 nunc
469 2467 601 2495 dicentem
619 2465 653 2494 de
666 2465 698 2493 iis
712 2465 758 2503 qui
775 2466 861 2493 Deum
876 2475 928 2493 non
944 2475 993 2494 no-

259 2519 332 2550 runt,
357 2522 440 2549 neque
455 2511 564 2539 eredunt
578 2511 725 2549 evangelio,
742 2510 814 2549 quod
835 2521 926 2549 poenas
940 2511 989 2540 da-

1036 159 1176 184 ARCHIEP
1183 175 1190 183 .
1219 161 1489 185 CONSTANTtNol‘.

1055 222 1186 258 κινοῦμεν,
1199 221 1298 254 πάντας
1312 222 1441 261 ἀξιοῦμεν,
1455 222 1580 257 διηνεκῶς
1595 222 1654 261 περὶ
1670 222 1760 251 τούτου
1772 233 1818 260 με·

1058 266 1199 303 ριμνῶμεν,
1214 265 1300 295 πάντα
1314 267 1378 305 ὑπὲρ
1395 267 1484 297 τούτου
1505 267 1653 307 πράττομεν
1665 280 1671 285 ·
1689 269 1726 300 εἷς
1740 267 1767 295 δὲ
1787 267 1818 295 τὸ

1057 312 1130 348 βῆμα
1145 314 1189 339 τοῦ
1211 312 1324 349 Χριστοῦ
1348 312 1483 348 μέλλοντες
1497 313 1570 348 ἥκειν
1597 315 1653 351 μετ’
1681 314 1709 341 οὗ
1733 311 1816 347 πολὺ,

1056 355 1128 384 οὖδὲν
1140 355 1198 384 οὔτε
1212 357 1245 384 δι’
1257 357 1368 392 ἑαυτῶν,
1382 357 1439 386 οὔτε
1455 359 1487 386 δι’
1502 359 1587 387 ἄλλων
1598 359 1758 398 πράττομεν,
1769 359 1818 386 οὐκ

1021 403 1037 425 Γ·
1056 401 1175 439 ἀξιοῦμεν
1190 402 1233 430 τὸν
1249 401 1384 437 δικαστήν.
1398 402 1492 431 Καίτοι
1510 415 1540 442 γε
1555 404 1654 440 πολλὴν
1669 408 1732 442 ἡμῖν
1747 404 1816 432 ἐκεῖ-

1054 458 1096 479 νος
1112 447 1201 476 δίδωσι
1215 447 1385 487 προθεσμίαν,
1408 447 1453 475 καὶ
1470 449 1516 476 οὔκ
1539 449 1681 488 ἀναρπάζει
1699 451 1770 487 ἡμᾶς
1790 449 1816 477 ἐν

1054 497 1108 525 τοῖς
1118 493 1206 531 μέσοις
1218 493 1417 532 ἁμαρτήμασιν,
1432 494 1489 521 ἀλλ’
1505 493 1610 532 ἀφίησιν
1625 494 1818 529 ἀποδύσασθαι,

1056 538 1101 566 καὶ
1115 538 1186 567 οὐδὲν
1199 540 1251 567 τῶν
1273 540 1308 570 εἷς
1335 539 1412 567 αὐτὸν
1436 538 1553 572 ἡκόντων
1578 539 1776 577 παραλιμπᾶνει
1798 542 1816 574 ἡ

1057 584 1185 622 ἀγαθά-της
1198 584 1282 620 ἐκείνη
1298 584 1342 612 καὶ
1356 587 1372 619 ἡ
1387 583 1580 623 φιλανθρωπία.
1594 583 1663 613 ἈλλΊ
1679 584 1751 613 οὐδὲν
1774 585 1815 623 γί-

1056 641 1128 658 νεται
1149 630 1228 658 πλέον
1238 642 1243 647 ·
1258 629 1300 658 διὰ
1313 633 1389 659 τοῦτο
1403 629 1498 667 μείζων
1510 632 1526 664 ἡ
1541 629 1666 669 τιμωρία.
1683 630 1761 659 Ἀλλὰ
1780 630 1817 669 μὴ

1056 676 1155 713 γένοιτο
1168 676 1295 713 γενέσθαι.
1310 675 1374 711 Διὸ,
1387 677 1534 715 παρακαλῶ
1543 698 1550 711 ,
1573 679 1583 691 ³
1592 675 1639 704 κᾶν
1661 677 1705 704 νῦν
1719 676 1818 711 ἀνανή-

1055 722 1157 759 ψωμεν,
1169 721 1270 760 ἔχωμεν
1285 720 1333 756 τὴν
1344 721 1447 760 γέενναν
1462 722 1514 761 πρὸ
1526 722 1676 760 ὀφθαλμῶν,
1690 721 1819 759 ἐννοῶμεν

1055 766 1101 799 τὰς
1123 766 1228 799 εὐθύνας
1249 767 1348 800 ἐκείνας
1367 767 1414 800 τὰς
1435 767 1644 806 ἀπαραιτήτους·
1668 766 1711 796 ἵνα
1734 768 1818 795 ταῦτα

1020 826 1037 848 C
1055 811 1233 850 λογιζόμενοι,
1245 813 1290 841 καὶ
1307 812 1356 848 τὴν
1370 812 1464 842 κακίαν
1484 812 1615 852 φύγωμεν,
1627 812 1672 841 καὶ
1687 812 1734 848 τὴν
1755 814 1818 850 ἀρε-

1055 857 1103 892 τὴν
1115 857 1261 897 αἱρώμεθα,
1276 858 1321 887 καὶ
1335 859 1483 896 δυνηθῶμεν
1504 860 1635 897 ἐπιτυχεῖν
1657 860 1708 887 τῶν
1731 860 1815 896 ἐπηγ-

1056 903 1187 941 γελμένων
1211 905 1315 941 ἀγαθῶν
1331 908 1383 936 τοῖς
1398 906 1534 942 ἀγαπῶσιν
1556 905 1641 941 αὐτὸν,
1659 903 1750 944 χάριτι
1771 904 1817 933 καὶ

1055 949 1245 989 φιλανθρωπία.

1341 1503 1475 1531 οΜιΑιΑ
1492 1502 1527 1541 γ’.

1054 1593 1155 1626 Οἵτινες
1171 1593 1245 1628 δίκην
1258 1593 1382 1628 τίσουσιν,
1394 1593 1499 1632 ὄλεθρον
1513 1593 1626 1631 αἰώνιον,
1642 1593 1695 1623 ἀπὸ
1708 1593 1817 1633 προσώ-

1095 1651 1145 1668 που
1161 1639 1258 1678 Κυρίου
1269 1662 1276 1675 ‚
1289 1639 1332 1668 καὶ
1346 1640 1398 1668 ἀπὸ
1411 1641 1458 1674 τ’ῆς
1474 1639 1548 1674 δόξης
1561 1642 1608 1675 τῆς
1621 1639 1709 1679 ἰσχύος
1723 1641 1817 1675 αὐτοῦ,

1019 1685 1036 1706 l)
1094 1685 1155 1714 ὅταν
1171 1685 1233 1723 ἔλθῃ
1254 1684 1437 1719 ἐνδοξασθῆναι
1452 1686 1477 1713 ἐν
1497 1690 1552 1717 τοῖς
1572 1685 1654 1724 ἁγίοις
1669 1686 1759 1721 αὐτοῦ,
1773 1685 1818 1713 καὶ

1096 1732 1278 1768 θαυμασθῆναι
1292 1733 1318 1760 ἐν
1333 1735 1399 1759 πᾶσι
1414 1734 1468 1762 τοῖς
1481 1730 1665 1760 πιστεύσασιν.

1096 1867 1156 1896 Εἰσὶ
1172 1868 1264 1896 πολλοὶ
1287 1869 1339 1896 τῶν
1365 1868 1518 1908 ἀνθρώπων,
1539 1867 1564 1896 οἳ
1583 1867 1630 1900 τὰς
1653 1867 1759 1900 ἐλπίδας
1772 1868 1819 1901 τὰς

1055 1914 1172 1954 χρηστὰς
1191 1916 1239 1943 οὐκ
1259 1916 1285 1943 ἐν
1312 1915 1349 1953 τῷ
1371 1916 1422 1943 τῶν
1451 1913 1650 1953 ἁμαρτημάτων
1673 1914 1818 1953 ἀπέχεσθαι

1055 1961 1169 2000 ἔχουσιν,
1181 1961 1238 1989 ἀλλ’
1255 1962 1281 1989 ἐν
1294 1961 1330 1999 τῷ
1342 1960 1454 1998 νομίζειν
1469 1959 1516 1994 τὴν
1531 1959 1634 1998 γέενναν
1651 1959 1688 1997 μὴ
1704 1959 1817 1998 σφοδρὰν

1055 2003 1136 2041 εἶναι,
1151 2005 1237 2039 καθὼς
1250 2006 1369 2044 λέγεται,
1384 2007 1442 2034 ἀλλ’
1458 2004 1629 2044 ἡμερωτέραν
1644 2007 1691 2040 τ’ἥς
1701 2006 1817 2040 ἧπειλην-

1056 2052 1149 2091 μένης,
1162 2052 1207 2080 καὶ
1217 2052 1388 2091 πρόσκαιρον,
1403 2051 1450 2079 οὐκ
1469 2049 1581 2086 αἰώνιον,
1595 2050 1640 2078 καὶ
1659 2049 1744 2078 πολλὰ
1756 2050 1818 2088 περὶ

1054 2099 1144 2128 τούτου
1160 2099 1352 2137 φιλοσοφοῦσιν.
1367 2095 1439 2134 Ἐγὼ
1455 2095 1501 2134 μὲν
1520 2091 1564 2124 οὖν
1578 2097 1607 2124 οὐ
1623 2095 1700 2133 μόνον
1715 2095 1755 2124 ὅτι
1770 2097 1818 2130 τῆς

1018 2155 1034 2177 Ε
1053 2144 1232 2182 ἠπειλημένης
1243 2145 1288 2172 οὐκ
1303 2142 1372 2171 ἔστιν
1386 2141 1542 2181 ἡμερωτέρα
1551 2163 1558 2177 ,
1574 2142 1630 2170 ἀλλ’
1646 2140 1687 2169 ὅτι
1699 2140 1742 2170 καὶ
1755 2153 1818 2180 σφο-

1053 2190 1161 2230 δροτέρα
1173 2191 1263 2227 πολλῷ
1271 2211 1279 2225 ,
1290 2188 1453 2227 πολλαχόθεν
1466 2187 1520 2226 ἔχω
1534 2188 1719 2225 παραστῆσαι,
1731 2187 1776 2216 καὶ
1792 2186 1818 2219 ἐξ

1053 2238 1137 2264 αὐτῶν
1165 2234 1368 2273 συλλογίσασθαι
1393 2234 1444 2261 τῶν
1468 2232 1529 2272 περὶ
1556 2231 1661 2270 γεέννης
1682 2232 1817 2271 ῥημάτων.

1053 2281 1128 2317 Πλὴν
1143 2282 1200 2310 ἀλλ’
1213 2280 1303 2310 οὐδένα
1315 2279 1375 2318 περὶ
1386 2278 1484 2308 τούτων
1500 2280 1564 2306 κινῶ
1574 2277 1651 2317 λόγον
1665 2280 1709 2306 νῦν
1718 2289 1725 2295 ·
1741 2280 1817 2318 ἀρκεῖ

1051 2328 1101 2367 γὰρ
1114 2331 1127 2357 ὁ
1141 2327 1185 2356 καὶ
1207 2327 1259 2355 ἀπὸ
1277 2326 1360 2365 ψιλῶν
1381 2323 1505 2363 ῥημάτων
1530 2322 1624 2362 φόὸος,
1643 2322 1692 2350 κᾶν
1717 2322 1754 2360 μὴ
1771 2322 1815 2351 τὸν

1050 2376 1108 2402 νοῦν
1121 2374 1204 2401 αὐτῶν
1220 2370 1418 2407 ἀναπτύξωμεν.
1431 2368 1497 2398 '‘Ox-t
1511 2367 1537 2396 δὲ
1552 2369 1598 2396 οὐκ
1612 2367 1668 2396 ἔστι
1686 2367 1816 2406 πρόσκαι-

1050 2431 1106 2458 ρος,
1122 2418 1231 2446 ἄκουσον
1245 2419 1289 2445 τοῦ
1305 2414 1411 2444 Παύλου
1432 2414 1551 2452 λέγοντος
1564 2415 1608 2441 νῦν
1622 2412 1683 2451 περὶ
1702 2414 1753 2441 τῶν
1776 2412 1813 2450 μὴ

1048 2465 1152 2494 εἰδότων
1165 2463 1208 2491 τὸν
1221 2462 1298 2498 Θεὸν,
1310 2460 1375 2499 μηδὲ
1387 2460 1561 2489 πιστευόντων
1573 2460 1598 2487 ἐν
1612 2459 1649 2497 τῷ
1658 2457 1812 2496 εὐαγγελίῳ,

1047 2510 1085 2538 ὅτι
1099 2509 1173 2543 δίκην
1188 2508 1315 2543 τίσουσιν,
1336 2506 1439 2544 ὄλεθρον
1455 2504 1570 2532 αἰώνιον.
1586 2503 1625 2532 Τὸ
1647 2502 1751 2532 αἰώνιον
1766 2499 1810 2532 οὖν

1891 2446 1893 2470 l

1891 2476 1893 2494 4
