1893 2860
101 2009 211 2029 Diacono-

102 2048 150 2060 rum
161 2040 240 2061 officia.

242 137 331 172 ‹5001›
573 146 600 167 s.
632 144 771 167 JmNle
799 143 980 165 cunrsos‘r.

1013 143 1029 164 A
1037 144 1154 166 RCtttEP
1161 159 1167 165 .

1197 144 1464 167 CONS'tth'rtmot’.

240 209 396 238 solationem
410 217 461 235 non
476 206 576 234 hahent
594 205 628 233 ob
640 203 858 243 exsuperantiam
870 215 876 230 :
887 213 1026 243 exem-GM
1037 204 1131 241 μυθίαν
1147 205 1199 233 ἀπὸ
1210 207 1262 233 τῶν
1277 208 1369 234 κοινῶν
1385 205 1428 234 διὰ
1443 205 1491 239 τὴν
1507 204 1692 243 χαλεπότητα’
1709 198 1761 232 οἶόν
1776 215 1801 231 τι

241 256 279 294 pli
295 265 372 283 causa
386 265 391 280 :
405 253 438 280 sit
458 251 518 289 quis
531 251 558 279 in
573 251 634 289 igne
645 251 747 288 jacens,
769 256 795 278 ct
809 249 878 277 alius
899 248 982 283 item;
1001 253 1019 273 A
1035 249 1122 287 λέγω·
1144 250 1212 278 ἔστω
1230 261 1269 282 τις
1283 251 1310 278 ἐν
1324 251 1387 290 πυρὶ
1403 251 1536 288 κείμενος,
1552 251 1596 279 καὶ
1611 250 1687 282 ἄλλος
1707 250 1801 277 πάλιν·

240 299 374 338 qnontodo
398 308 453 325 sese
475 303 568 325 mutuo
595 296 827 324 consolabuntur?
843 295 894 323 Die
906 294 983 330 mihi,

239 356 338 384 quarso,
353 345 374 372 si
393 343 501 382 quando
515 343 582 372 febri
605 342 709 371 ardenti
724 342 917 376 laboravimus,
934 352 984 370 an—

241 401 291 419 non
305 390 391 418 omnis
406 389 482 418 nobis
494 388 639 417 consolatio
650 388 758 416 defuit?
773 389 838 417 Jurc
851 387 961 425 quidem
976 399 982 414 :

241 448 300 465 cum
316 436 386 465 enim
403 436 472 464 mala
489 435 645 474 praevalent,
662 434 767 462 nullum
783 434 852 462 ultra
875 433 983 462 modum

240 482 428 510 consolationis
443 481 523 508 habet
537 480 635 508 anima.
652 482 745 508 Annon
764 479 838 508 vides
853 490 906 515 cas,
926 490 984 518 quae

240 528 313 556 viros
329 538 390 555 suos
404 527 562 562 amiserunt,
579 535 672 564 nempe
687 532 751 563 quot
765 525 832 553 alias
845 536 985 553 numerare

241 573 342 612 possint
358 573 478 612 idipsum
492 582 582 611 passas
592 572 605 599 ἱ)
617 581 701 609 neque
716 578 803 599 tamen
820 571 882 599 hine
896 571 985 600 luctus

242 620 385 648 minuitur.
400 620 439 647 Ne
460 619 549 657 itaque
567 618 615 646 tali
640 628 685 657 spe
704 618 822 653 alamur,
837 618 882 646 sed
904 629 984 646 unam

242 665 411 694 inveniamus
427 664 646 701 consolationem,
669 670 838 702 pcccatorum
853 663 984 702 poeniten-

242 711 307 739 tiam
319 710 431 749 agendo,
445 717 469 739 et
480 710 578 738 boumn
595 709 728 747 sequendo
745 710 827 738 vitam
840 709 874 737 ad
891 710 985 737 carlum

242 756 393 792 ducentem,
405 763 435 784 ut
444 767 556 794 regnum
569 755 695 783 caelornm
708 766 911 793 consequamur,
924 766 986 793 gra-

243 802 279 830 titt
290 809 315 830 et
327 802 491 840 benignitate
504 801 612 829 Domini
625 801 707 829 nostri
719 802 782 830 Jesu
797 800 908 836 Christi,
921 801 984 839 qui-

242 860 304 878 cum
323 850 395 877 Patri
415 856 439 877 ct
454 848 569 887 Spiritui
593 855 684 876 sancto
709 848 808 885 gloria,
824 848 982 887 imperium,

243 895 339 931 honor,
356 905 427 923 nnuc
447 901 471 923 et
486 904 600 932 semper,
618 901 643 922 et
659 893 685 921 in
701 894 799 922 saecula
819 894 984 922 saeculorum.

245 942 339 968 Amen.

496 1138 657 1167 HOMILIA
678 1138 729 1167 XI.

246 1237 313 1265 Cn».
332 1238 381 1266 111.
398 1248 424 1265 v.
443 1236 471 1265 8.
483 1238 633 1266 Diaconos
644 1237 779 1266 simililer
787 1237 916 1276 pudicos,
931 1248 989 1266 non

287 1284 439 1322 bilingues,
456 1293 513 1311 non
528 1284 620 1312 multo
634 1285 706 1312 vino
719 1284 840 1319 deditos,
857 1294 916 1311 non
931 1291 989 1312 tur—

283 1340 320 1367 pe
331 1329 445 1358 lucrum
455 1335 610 1366 sectantes,
622 1330 652 1357 9.
666 1330 806 1357 habentes
818 1331 989 1365 mysterium

278 1375 358 1414 fidei
378 1378 409 1402 in
425 1375 606 1403 conscientia
625 1385 711 1413 pura.
729 1376 777 1403 10.
795 1376 835 1403 Et
847 1375 880 1402 hi
892 1381 989 1403 autem

285 1422 445 1458 probentur*
464 1422 609 1458 primum,
629 1420 734 1448 deinde
757 1421 920 1448 ministrent
936 1443 943 1455 ,
966 1422 991 1448 si

288 1466 398 1503 absque
412 1466 536 1493 crimine
548 1470 626 1493 sunt.

292 1575 318 1600 1.
331 1573 475 1610 Postquam
485 1571 519 1599 de
529 1571 661 1611 episcopis
673 1571 755 1607 dixit,
768 1572 928 1610 illorumque
938 1573 990 1601 for-

252 1628 323 1646 mam
339 1617 490 1656 descripsit,
505 1617 688 1655 indicavitque
701 1618 768 1656 quid
785 1618 891 1655 habere,
903 1630 916 1647 a
931 1618 991 1656 qui-

251 1663 302 1691 bus
315 1663 446 1691 abstinere
460 1662 589 1700 debeant5
602 1663 693 1691 relicto
716 1663 934 1702 presbyterorum
949 1675 992 1692 or-

250 1708 322 1746 dine,
335 1709 370 1737 ad
381 1708 506 1737 diaconos
521 1709 634 1737 transiit.
647 1709 756 1744 Quare?
768 1709 837 1744 Quia
853 1720 905 1738 non
922 1710 991 1737 mul-

252 1761 309 1782 tum
322 1754 402 1794 spatii
415 1761 453 1783 est
466 1754 534 1782 inter
546 1754 716 1794 presbyteros
728 1761 752 1783 et
765 1756 901 1794 episcopos
914 1767 919 1782 ε
931 1766 993 1783 nam

252 1800 332 1828 etiam
353 1800 503 1839 presbyteri
523 1800 637 1828 docendi
660 1811 757 1829 munus
777 1808 952 1840 acceperunt,
969 1808 994 1829 et

252 1846 377 1874 Ecclesiae
392 1853 527 1885 praesunt3
547 1856 577 1874 ac
591 1857 650 1884 quae
662 1846 708 1875 ille
725 1845 758 1875 de
772 1846 902 1886 episcopis
913 1846 994 1883 dixit,

252 1891 330 1920 ctiam
346 1891 512 1930 presbyteris
529 1899 692 1930 competunt.
711 1892 773 1921 Sola
797 1903 910 1930 namque
924 1893 996 1921 ordi-

252 1937 358 1966 natione
373 1937 522 1977 superiores
537 1944 608 1972 sunt,
625 1944 650 1966 et
665 1938 728 1966 hinc
742 1945 847 1966 tantum
870 1939 996 1968 videntur

253 1983 417 2023 presbyteris
439 1990 575 2022 praestare.
597 1984 747 2012 Diaconos
769 1985 914 2013 similiter.
938 1985 995 2013 Hoc

254 2036 301 2066 est,
314 2028 406 2057 eadem
428 2029 485 2068 ipsa
500 2036 605 2068 oportet
619 2029 680 2058 illos
694 2029 802 2058 habere.
817 2029 891 2065 Quid
909 2037 948 2059 ost
962 2030 996 2058 il-

253 2074 315 2111 lud,
328 2073 429 2103 Eadem
441 2074 519 2114 ipsa?
529 2074 779 2114 Irreprehensihiles
788 2086 854 2111 esse,
875 2076 996 2115 pudicos,

255 2119 411 2159 hospitales,
425 2127 586 2156 mansuetos,
601 2130 653 2149 non
668 2120 812 2159 litigiosos,
825 2132 877 2150 non
889 2133 994 2151 avaros.

257 2165 339 2202 Quod
352 2173 441 2194 autem
454 2165 513 2195 ideo
525 2167 664 2195 Similiter
673 2166 783 2204 dixerit,
796 2168 868 2206 qnod
883 2168 944 2198 illos
958 2176 997 2198 ta-

256 2211 294 2240 les
319 2221 374 2240 esse
394 2210 490 2247 vellet,
518 2210 682 2249 significavit
696 2222 742 2250 per
763 2222 793 2240 ea
810 2223 868 2250 qnae
882 2213 996 2252 adjecit,

258 2258 396 2291 Pudicos,
418 2266 477 2284 non
492 2256 634 2295 bilingues
644 2269 655 2290 ‚·
671 2256 699 2285 id
714 2264 763 2294 est,
780 2268 832 2286 non
847 2258 975 2287 subdolos
990 2270 996 2285 :

258 2302 326 2330 nihil
339 2302 411 2330 enim
426 2301 462 2330 ita
483 2301 626 2340 degeneres
640 2302 703 2331 facit
718 2310 747 2331 ut
761 2303 855 2341 dolus3
871 2304 939 2333 nihil
962 2304 998 2334 ita

260 2348 353 2376 inutile
364 2347 391 2376 in
403 2347 523 2376 Ecclesia
538 2354 566 2375 ut
580 2347 672 2376 dolosa
687 2348 835 2378 simulatio.
847 2351 916 2378 Non
928 2351 1000 2379 mul-

261 2400 289 2421 ιο
305 2396 376 2421 vino
396 2394 520 2429 deditos,
539 2394 634 2432 inquit,
650 2405 708 2422 non
729 2401 810 2434 turpe
832 2397 944 2425 lucrum
958 2407 1000 2425 se-

260 2445 383 2475 ctantes,
397 2439 533 2467 hahentes
549 2441 716 2475 mysterium
721 2440 800 2479 fidei
813 2443 844 2469 in
855 2443 1000 2470 conscien-

261 2485 302 2511 tia
316 2494 399 2521 pura.
417 2483 486 2512 Ecce
506 2484 667 2522 significavit
680 2485 745 2523 quid
759 2486 793 2514 sit
808 2486 1000 2526 irreprehensi-

262 2529 341 2557 bilem
356 2539 420 2557 esse.
434 2529 506 2558 Vide
517 2537 604 2558 antem
619 2531 752 2568 quomodo
764 2532 808 2561 hic
821 2532 911 2569 etiam,
932 2535 998 2563 Non

1035 296 1091 327 πῶς
1108 295 1237 330 ἀλλήλους
1251 296 1504 333 παραμυθήσονται;
1518 296 1587 326 Εἰπέ
1604 308 1664 334 μοι,
1680 307 1802 334 παρακα-

1036 342 1074 369 λῶ
1082 362 1089 375 ,
1101 340 1199 369 εἴποτε
1212 341 1238 368 ἐν
1249 342 1353 379 πυρετῷ
1365 341 1509 379 γεγόναμεν
1521 343 1635 381 σφοδρῷ,
1647 342 1706 380 οὐχὶ
1716 342 1804 369 πάντα

1036 386 1068 415 τὰ
1084 388 1130 421 τῆς
1138 387 1307 425 παραμυθίας
1316 388 1380 423 ἡμῖν
1392 385 1524 422 ἐξέλιπεν,
1537 387 1654 420 Εἰκότως
1663 399 1668 404 ·
1680 387 1743 416 ὅταν
1754 386 1806 425 γὰρ

1036 434 1166 471 ἐπικρατῇ
1187 432 1220 460 τὰ
1235 431 1322 466 δεινὰ,
1338 431 1424 460 οὐκέτι
1439 431 1469 459 ἂν
1484 431 1540 470 ἔχοι
1558 433 1656 472 ογόλὴν
1676 444 1804 472 παραμυ-

1037 480 1137 507 θεῖσθαι
1149 481 1165 512 ἡ
1178 478 1261 516 ψυχή.
1278 477 1315 506 Ἢ
1329 478 1378 516 οὐχ
1391 479 1452 516 ὁρᾷς
1465 476 1512 509 τὰς
1521 477 1580 510 τοὺς
1594 479 1689 517 ἄνδρας
1704 479 1805 507 ἀποία-

1036 524 1145 559 λούσας,
1160 525 1243 556 πόσας
1265 524 1369 562 ἔχουσιν
1392 523 1510 562 ἀριθμεῖν
1533 523 1622 561 ἑτέρας
1636 529 1760 562 γυναῖκας
1776 524 1805 552 τὸ

1038 571 1100 599 αὐτὸ
1128 570 1276 605 παθούσας,
1297 570 1354 597 ἀλλ’
1380 568 1451 596 οὐδὲν
1476 568 1528 596 ἀπὸ
1542 568 1632 596 τούτου
1656 569 1686 598 τὸ
1712 570 1805 602 πένθος

1037 617 1146 644 ἔλαττον
1163 615 1271 653 γίνεται.
1286 614 1332 649 Μὴ
1348 613 1379 648 δὴ
1394 613 1476 652 ταύτῃ
1489 613 1645 652 τρεφιί)μεθα
1656 617 1688 653 τῇ
1702 616 1788 644 ἐλπίδι
1798 638 1805 649 ,

1038 661 1105 689 ἀλλὰ
1129 660 1192 698 μίαν
1220 660 1335 699 εὕρωμεν
1358 660 1539 699 παραμυθίαν,
1561 659 1591 687 τὸ
1608 665 1741 698 μετανοεῖν
1761 662 1804 689 ἐπὶ

1003 712 1019 734 Β
1037 710 1091 738 τοῖς
1105 706 1320 744 ἡμαρτημένοις,
1334 705 1379 734 καὶ
1393 705 1499 744 ἔχεσθαι
1512 707 1559 739 τῆς
1573 707 1673 744 ἀγαθῆς
1687 706 1746 734 ὁδοῦ
1759 708 1806 740 τῆς

1038 752 1082 780 ἐπὶ
1102 752 1146 780 τὸν
1163 752 1269 790 οὐρανὸν
1285 752 1427 791 φερούσης,
1443 750 1485 779 ι’να
1500 763 1547 786 της
1562 754 1614 780 τῶν
1631 753 1745 791 οὐρανῶν
1760 753 1807 789 βα-

1039 797 1161 829 σιλείας’
1151 810 1209 826 επιτ
1200 809 1329 836 υχωμεν,
1343 797 1432 837 χάριτι
1444 809 1489 825 και
1503 797 1687 837 φιλανθρωπία
1699 809 1744 825 του
1757 798 1808 825 Κυ-

1041 843 1094 882 ρίου
1105 845 1181 881 ἡμων
1196 843 1282 879 Ἰησου
1296 844 1440 883 Χριστοῦ,
1436 846 1492 873 υ.ἐθ
1505 847 1533 872 οὓ
1547 846 1584 872 τῶ
1601 844 1713 884 ssot-cpi‘
1703 843 1759 880 οίμα
1770 845 1808 870 ‘eti

1039 889 1104 927 ἁγίῳ
1116 889 1253 927 Πνεύματι
1266 888 1341 926 δόξα,
1357 890 1465 928 κράτος,
1482 890 1547 927 τιμὴ
1559 911 1565 923 ,
1583 893 1626 919 νῦν
1639 889 1683 918 καὶ
1695 889 1748 925 ἀεὶ,
1763 889 1808 917 καὶ

1038 936 1073 967 εἷς
1087 934 1145 967 τοὺς
1167 936 1263 967 αἰῶνας
1277 936 1328 963 τῶν
1345 935 1457 964 αἰώνων.
1474 935 1568 972 Ἀμήν.

1324 1142 1459 1170 ΟΜΙΛΙΑ
1481 1141 1524 1170 ια’.

1007 1246 1025 1269 C
1044 1240 1186 1274 Διακόνους
1208 1241 1333 1273 ὡσαύτως
1348 1241 1474 1279 σεμνοὺς,
1489 1241 1526 1280 μὴ
1547 1242 1664 1281 διλόγους
1675 1264 1682 1278 ,
1698 1241 1735 1280 μὴ
1751 1243 1812 1282 οἴνῳ

1084 1287 1174 1326 πολλῷ
1184 1287 1374 1326 προσέχοντας,
1387 1287 1424 1325 μὴ
1436 1288 1632 1327 αἰσχροκερδεῖς
1641 1310 1648 1323 ,
1661 1289 1770 1327 ἔχοντας
1783 1289 1813 1316 τὸ

1087 1332 1230 1371 μυστήριον
1243 1335 1289 1368 τῆς
1300 1333 1414 1366 πίστεως
1428 1334 1454 1361 ἐν
1466 1336 1569 1373 καθαρᾷ
1584 1334 1738 1369 συνειδήσει.
1755 1334 1812 1362 Καὶ

1085 1375 1156 1406 οὗτοι
1169 1379 1195 1406 δὲ
1207 1378 1435 1416 δοκιμαζέσθωσαν
1451 1380 1564 1417 πρῶτον,
1577 1374 1634 1407 εἶτα
1645 1378 1813 1408 διακονείτω-

1087 1436 1134 1452 σαν
1148 1424 1303 1461 ἀνέγκλητοι
1315 1424 1393 1456 ὄντες.

1085 1571 1278 1609 Διαλεγόμενος
1291 1571 1352 1610 περὶ
1372 1570 1535 1606 ἐπισκόπων,
1555 1571 1600 1600 καὶ
1614 1571 1814 1613 χαρακτηρίσας

1047 1616 1156 1654 αὐτοὺς,
1179 1617 1222 1646 καὶ
1244 1616 1323 1645 εἰπὼν
1348 1617 1407 1646 τίνα
1423 1617 1470 1655 μὲν
1485 1617 1564 1656 ἔχειν,
1580 1617 1656 1646 τίνων
1670 1617 1695 1647 δὲ
1711 1618 1813 1658 ἀπέχε-

1045 1665 1105 1691 σθαι
1121 1662 1188 1701 χρὴ,
1205 1662 1250 1691 καὶ
1266 1662 1295 1691 τὸ
1313 1665 1362 1691 τῶν
1376 1663 1558 1702 πρεσὸυτέρων
1573 1663 1663 1702 τάγμα
1677 1664 1765 1703 ἀφεὶς,
1779 1666 1815 1698 εἷς

1009 1710 1028 1732 D
1045 1708 1104 1741 τοὺς
1115 1709 1248 1741 διακόνους
1262 1709 1439 1746 μετεπήδησε.
1455 1710 1491 1738 Τί
1506 1709 1619 1745 &affluet-53
1630 1709 1696 1739 “On
1708 1712 1737 1739 οὐ
1747 1710 1813 1740 πολὺ

1047 1754 1077 1783 τὸ
1090 1766 1121 1792 μ-
1116 1754 1167 1783 ’σον
1184 1755 1269 1782 αὐτων
1283 1754 1328 1782 καὶ
1342 1756 1393 1782 τῶν
1406 1754 1567 1783 ἐπισκόπων.
1582 1755 1635 1784 Καὶ
1650 1755 1701 1794 γὰρ
1713 1767 1758 1784 και
1769 1757 1815 1784 αὖ-

1048 1800 1087 1829 τοὶ
1100 1799 1270 1828 διδασκαλίαν
1287 1800 1351 1829 εἰσὶν
1366 1799 1581 1839 ἀναδεδεγμένοι,
1594 1812 1638 1829 και
1652 1801 1815 1840 προστασίαν

1048 1847 1096 1880 τῆς
1110 1845 1290 1882 Ἐκκλησίας·
1310 1858 1355 1874 και
1370 1846 1386 1874 ἃ
1403 1858 1464 1885 περι
1479 1845 1629 1874 ἐπισκόπων
1643 1849 1714 1881 εἰπε,
1733 1858 1816 1875 ταυτα

1049 1893 1093 1921 καὶ
1110 1891 1322 1931 πρεσὸυτέροις“
1309 1891 1444 1930 αρμόττει.
1459 1893 1502 1930 Τῇ
1516 1891 1568 1932 γὰρ
1586 1891 1734 1931 γειροτονία
1750 1892 1815 1931 μόνῃ

1050 1937 1260 1976 ὑπερὲεὸήκασι,
1275 1937 1320 1966 καὶ
1334 1937 1418 1977 τούτῳ
1442 1937 1519 1975 μόνον
1533 1938 1636 1966 δοκοῦσι
1651 1939 1816 1966 πλεονεκτεῖν

1050 1996 1110 2016 τους
1131 1983 1333 2022 πρεσὸυτέρους.
1353 1983 1494 2017 Διακόνους
1513 1983 1648 2015 ὡσαύτως.
1671 1984 1800 2013 Τουτέστι
1809 2006 1817 2019 ,

1051 2030 1084 2058 τὰ
1095 2029 1162 2058 αὐτὰ
1173 2030 1224 2065 δεῖ,
1236 2029 1326 2068 φησιν,
1334 2029 1404 2068 ἔχειν
1413 2041 1457 2058 και
1468 2028 1570 2062 αὐτούς.
1581 2029 1636 2058 Τί’
1625 2041 1681 2058 εστι
1690 2029 1724 2058 τὰ
1735 2030 1816 2065 αὖτά;

1052 2078 1116 2105 Οἱον
1129 2075 1159 2104 τὸ
1184 2075 1378 2111 ἀνεπιλήπτους
1396 2079 1481 2110 εἶναι,
1497 2075 1527 2104 τὸ
1546 2075 1699 2114 σώφρονας,
1721 2087 1751 2104 το
1772 2087 1818 2114 φι-

1052 2121 1182 2157 λοξένους,
1196 2133 1226 2150 το
1240 2123 1379 2168 επιεικεῖς,
1399 2121 1517 2160 ἀμάχους
1527 2142 1534 2156 ,
1550 2120 1749 2176 ἀφιλαργύρους.
1767 2121 1819 2150 Και

1053 2167 1094 2197 ὅτι
1106 2167 1236 2199 τοιούτους
1251 2166 1342 2199 αὐτους
1353 2170 1419 2195 εἰναι
1432 2167 1588 2205 βουλόμενος
1599 2170 1657 2196 εἰπε
1666 2167 1696 2196 τὸ
1704 2189 1711 2203 ,
1724 2166 1820 2196 Ὡσαύ-

1053 2225 1120 2248 τως,
1136 2212 1251 2247 εδήλωσε
1267 2213 1309 2241 διὰ
1320 2224 1366 2247 της
1377 2214 1518 2251 επαγωγῆς
1532 2212 1625 2251 λέγων.
1642 2211 1770 2250 Σεμνους,
1784 2211 1820 2250 μὴ

1056 2259 1187 2298 διλόγους·
1211 2259 1345 2294 τουτέστι,
1375 2259 1411 2297 μὴ
1437 2259 1577 2293 ὑπούλους,
1602 2257 1669 2297 μηδὲ
1694 2258 1820 2297 δολερούς.

1056 2305 1140 2335 Οὐδὲν
1154 2305 1205 2344 γὰρ
1217 2305 1284 2334 οὕτω
1297 2309 1380 2334 ποιεῖν
1403 2305 1491 2334 εἴωθεν
1505 2307 1635 2344 ἀγεννεῖς,
1650 2306 1685 2337 ὡς
1699 2304 1729 2333 τὸ
1746 2305 1822 2332 δολε-

1058 2351 1099 2391 ρόν
1113 2363 1118 2368 ·
1132 2351 1204 2380 οὐδὲν
1225 2352 1306 2383 οὕτως
1330 2351 1464 2391 ἄχρηστον
1479 2352 1505 2379 ἐν
1520 2352 1552 2389 τῇ
1567 2350 1729 2389 Ἐκκλησία,
1744 2351 1779 2382 ὡς
1792 2349 1823 2378 τὸ

1055 2396 1179 2426 ὕπουλον.
1204 2397 1250 2431 Μὴ
1275 2397 1336 2436 οἴνῳ
1350 2398 1454 2436 πολλῷ,
1478 2396 1559 2436 φησὶ,
1576 2395 1769 2435 προσέχοντας,
1784 2395 1820 2433 μὴ

1057 2444 1263 2482 αἰσχροκερδεῖς,
1281 2443 1390 2481 ἔχοντας
1407 2443 1436 2471 τὸ
1452 2442 1594 2482 μυστήριον
1610 2443 1657 2476 τ’ῆς
1670 2441 1782 2474 πίστεως
1794 2442 1822 2470 ἐν

1055 2492 1159 2528 καθαρᾷ
1172 2489 1327 2524 συνειδήσει.
1344 2488 1411 2518 Ἰδοὺ
1431 2489 1547 2527 ἐσήμανε
1560 2488 1586 2516 τί
1604 2489 1676 2517 ἐστιν
1693 2487 1823 2522 ἀλήπτους

1055 2530 1129 2564 εἶναι.
1147 2535 1219 2574 ‘'Opot
1231 2535 1257 2563 δὲ
1271 2537 1326 2567 πῶς
1339 2535 1383 2570 τὸ,
1398 2534 1444 2569 Μὴ
1459 2534 1589 2573 νεόφυτον,
1604 2534 1648 2562 καὶ
1660 2535 1768 2562 ἐνταῦθα
1781 2533 1820 2561 τί-
