1893 2860
101 407 188 434 [ιι-’.19
201 403 224 426 8.

104 769 185 789 Contra
210 774 246 788 eos

103 802 142 827 qui
177 799 247 819 aliena

105 831 204 858 rapiunt.

252 150 321 185 580
349 157 351 159 ’

251 221 386 261 quomodo
401 230 460 257 qua:
489 218 586 256 injuste
601 224 626 245 ct
653 227 701 256 per
722 216 864 245 avaritiam
883 226 898 244 a
913 215 990 244 nobis
1009 219 1027 241 E

252 274 314 296 suut
341 264 468 303 acquisita
494 262 645 291 exuemus?
660 263 729 290 Nam
755 262 802 299 qui
827 261 887 289 vult
911 270 993 289 avare

255 320 329 353 parta
358 320 454 339 exuere
465 332 472 343 ,
497 318 549 336 non
573 318 658 347 pauca
684 307 731 335 dat
759 318 794 336 ex
814 307 906 335 multis
918 329 927 344 ,
945 306 991 335 sed

254 357 345 387 multis
357 356 480 395 partibus
501 354 580 393 plura
595 354 626 381 iis
643 364 702 391 quae
726 354 836 392 rapuit,
851 359 876 381 et
890 351 993 380 desistit

253 411 354 440 rapere.
372 399 443 428 Audi
471 398 537 436 quid
562 398 635 427 dicat
656 397 815 430 Zacchaeus,
830 398 871 424 Et
894 405 992 423 eorum

253 456 317 485 1711ae
331 446 417 483 rapui
441 443 530 472 reddo
545 442 753 481 quadruplum.
771 442 814 469 Tu
840 446 928 468 autem
943 437 993 466 de·-

253 489 305 517 cics
320 488 395 517 mille
410 488 515 526 rapiens
529 486 638 521 talenta,
655 485 677 513 si
698 494 796 524 paucas
819 484 867 512 vix
887 482 994 511 dederis

252 535 395 564 drachmas
405 556 412 570 ‚
428 541 454 562 te
469 540 555 561 totum
580 531 728 560 reddidisse
748 530 886 559 existimas
896 551 904 565 ,
919 535 944 557 et
957 528 994 556 ita

253 592 280 609 cs
297 581 408 609 affectus
420 586 556 616 tamqnam
571 577 649 617 plura
668 575 780 606 dederis.
795 575 876 613 Atqui
892 580 996 613 oportet

254 633 280 655 ct
295 626 343 654 illa
358 625 414 664 ipsa
427 623 538 652 reddere
548 645 556 660 ,
570 630 596 651 et
617 633 652 651 ex
666 622 698 650 iis
710 632 768 660 quae
784 620 856 649 domi
869 627 920 648 tuae
934 625 996 647 sunt
1016 630 1032 652 1:

255 673 308 701 alia
339 671 444 700 addere.
471 670 546 698 Sicut
573 669 644 698 enim
667 669 711 696 fur
731 677 783 696 non
798 667 845 695 illa
861 666 916 695 sola
936 665 997 694 red-

258 719 323 748 dens
333 728 359 746 se
371 715 490 746 defendit
505 738 512 751 ,
525 715 572 744 sed
584 725 653 753 saepe
667 714 747 743 etiam
759 713 836 741 addit
855 712 973 740 animam
984 733 994 746 ‚

258 774 379 804 saepeque
393 762 517 801 transigit
532 763 610 800 longe
622 760 746 800 pluribus
760 759 829 788 datis
843 770 849 786 z
867 758 903 786 ita
917 757 997 786 etiam

259 822 365 841 avarus.
382 813 491 839 Avarus
508 809 578 837 enim
595 814 634 836 est
649 807 692 835 fur
708 813 733 835 et
747 806 815 834 latro
826 828 834 842 ,
850 805 898 833 illo
912 804 996 832 multo

259 857 354 886 saevior
365 863 390 884 et
404 854 562 889 immanior,
576 864 629 891 quo
643 852 724 881 etiam
747 851 832 890 magis
846 850 948 878 accedit
963 848 997 877 ad
1015 857 1035 878 A

259 909 383 931 naturam
397 900 515 939 tyranni.
528 900 598 928 Nam
612 898 657 926 ille
669 897 788 935 quidem,
798 895 871 934 quod
886 902 911 924 et
925 896 999 923 clan-

261 948 353 976 culum
368 953 393 974 et
416 952 496 973 noctu
510 943 684 982 aggrediatur
695 964 704 980 ,
718 953 752 970 ex
766 941 879 969 audacia
892 940 1000 968 sceleris

261 993 378 1021 multum
397 996 516 1029 amputat
528 1011 535 1025 r
551 995 581 1016 ut
605 988 651 1027 qui
664 994 690 1016 et
703 987 841 1015 eruhescat
861 992 886 1014 et
909 985 1001 1013 timeat

261 1048 371 1078 peccare
383 1049 389 1063 ι
406 1036 454 1064 iste
478 1041 567 1063 autem
593 1043 699 1062 omnem
722 1041 823 1061 exuens
850 1030 983 1070 pudorem
993 1052 1001 1066 ‚

262 1084 336 1113 nudo
351 1082 437 1122 capite
449 1081 476 1110 in
488 1080 577 1109 medio
588 1080 645 1108 foro
655 1079 726 1107 bona
737 1077 858 1107 omnium
872 1076 942 1115 rapit
953 1098 961 1111 ,
973 1082 1003 1104 ut

263 1131 309 1169 qui
325 1130 404 1158 simul
420 1128 454 1157 sit
468 1128 511 1156 fur
529 1133 554 1155 et
574 1133 706 1165 tyrannus
720 1135 726 1151 z
739 1134 792 1152 non
807 1132 897 1150 muros
911 1121 1000 1156 fodit,

263 1186 315 1204 non
336 1175 473 1204 lucernam
498 1171 663 1210 exstinguit,
688 1181 736 1198 nec
759 1168 878 1198 arculam
895 1167 982 1206 aperit
992 1189 1001 1204 ,

262 1232 309 1250 nec
320 1220 456 1260 signacula
472 1218 582 1254 evertit;
593 1216 640 1245 sed
655 1215 738 1254 quid?
748 1214 789 1243 Ea
800 1214 862 1242 facit
873 1223 931 1251 quae
942 1219 1004 1241 sunt

262 1268 305 1296 his
315 1265 494 1306 juvenilior-¹³:
510 1262 663 1292 videntibus
686 1261 718 1289 iis
733 1260 832 1299 quibus
847 1259 878 1288 fit
892 1258 1001 1297 injuria,

264 1323 310 1352 per
321 1319 426 1351 portam
437 1310 524 1349 ejicit,
533 1315 656 1348 proterve
667 1307 756 1335 omnia
771 1305 869 1345 aperit,
877 1305 947 1343 cogit
955 1303 1005 1332 hos

264 1362 336 1400 ipsos
350 1370 397 1388 sua
421 1367 574 1397 exponere:
595 1355 662 1384 adeo
683 1354 827 1383 vehemens
851 1360 876 1381 et
892 1361 1005 1390 exsupe-

265 1416 328 1434 rans
338 1411 376 1433 est
387 1405 444 1443 ejus
456 1401 592 1432 violentia.
604 1401 658 1430 Iste
667 1407 705 1428 est
717 1400 771 1427 illis
782 1399 860 1437 longe
874 1397 1006 1436 impurior

265 1461 297 1479 ac
311 1449 463 1478 sceleratior
473 1471 481 1484 ,
491 1458 544 1486 quo
564 1453 603 1474 est
614 1444 798 1484 impudentior
813 1451 839 1472 et
853 1443 939 1481 magis
960 1449 1007 1481 ty-

268 1498 402 1526 rannicus.
415 1496 485 1524 Nam
505 1494 551 1532 qui
565 1493 627 1522 dolo
641 1492 751 1530 quidem
767 1489 869 1528 aliquid
888 1497 927 1518 est
941 1499 1007 1528 pas-

270 1554 316 1573 sus
327 1566 336 1581 ,
352 1542 424 1571 dolet
440 1541 566 1580 quidem,
580 1539 626 1568 sed
641 1549 694 1566 non
711 1547 825 1575 parvum
839 1536 919 1564 habet
939 1534 1008 1563 sola-

272 1589 359 1623 tium,
375 1586 446 1626 quod
467 1586 512 1614 ille
533 1586 589 1624 ipse
604 1584 650 1622 qui
671 1582 771 1621 injuria
793 1581 877 1610 afficit
897 1580 1009 1614 extime-

271 1641 342 1671 scat3
358 1634 406 1662 iste
418 1638 506 1661 autem
517 1631 563 1669 qui
575 1630 644 1658 male
654 1638 746 1668 passus
757 1649 767 1664 7
779 1627 859 1655 etiam
874 1625 1011 1665 despectui

270 1680 398 1715 habetur,
411 1678 467 1707 vim
476 1687 507 1706 ne
519 1677 586 1705 ferre
596 1674 705 1713 quidem
720 1673 816 1713 poterit
827 1685 832 1700 :
846 1672 931 1710 magis
940 1671 1012 1700 enim

272 1724 441 1753 irridebitur.
464 1722 516 1751 Dic
544 1721 610 1749 mihi
621 1743 628 1756 ,
643 1719 665 1748 si
692 1719 753 1757 quis
777 1717 927 1746 clanculum
952 1726 1013 1744 cum

272 1770 384 1799 muliere
404 1767 555 1796 admitteret
578 1764 759 1799 adulterium,
773 1763 843 1791 alins
859 1768 949 1790 autem
972 1761 1013 1789 vi-

271 1816 350 1844 dente
364 1814 460 1843 marito
471 1813 521 1841 hoc
532 1813 636 1840 fecisset
648 1822 655 1838 ι
669 1810 728 1848 quis
743 1808 836 1847 majori
847 1808 939 1836 dolore
950 1807 1014 1835 affe-

273 1862 366 1896 cisset,
381 1866 406 1888 et
426 1859 462 1887 ad
483 1857 662 1887 mordendum
688 1855 781 1883 suisset
800 1853 913 1893 aptior?
928 1862 1015 1881 nonne

274 1909 342 1937 hic?
359 1908 428 1936 Nam
456 1906 500 1934 hic
516 1904 625 1943 quidem
651 1913 713 1932 cum
734 1913 764 1930 eo
781 1900 853 1939 quod
867 1899 936 1928 male
955 1898 1016 1927 fecit

275 1955 356 1984 etiam
372 1954 451 1982 illum
463 1952 558 1980 babuit
572 1950 708 1989 despectui
723 1961 729 1976 :
745 1948 791 1976 ille
806 1954 895 1975 autem
906 1969 912 1981 ‚
929 1946 952 1974 si
971 1945 1016 1974 ni—

275 2001 317 2029 hi]
331 1999 423 2035 aliud,
440 1997 554 2027 ostendit
565 2007 592 2025 se
605 1996 726 2024 timuisse
739 2004 800 2022 eum
816 1992 862 2031 qui
877 1993 962 2020 fuerat
977 1992 1018 2019 af-

276 2048 360 2075 fectus
375 2045 486 2085 injuria.
511 2045 551 2072 lta
576 2043 657 2071 etiam
675 2042 703 2070 in
727 2040 848 2080 pecuniis
861 2062 870 2074 ‚
887 2039 934 2076 qui
949 2038 1018 2066 clam

278 2092 389 2131 quidem
413 2089 515 2129 accepit
526 2112 533 2125 ‚
549 2099 579 2117 eo
595 2089 652 2127 ipso
665 2085 809 2115 honoravit
821 2107 830 2120 ,
853 2085 926 2122 quod
948 2083 1018 2112 clam

282 2138 414 2177 acciperet
431 2148 436 2163 :
460 2135 508 2174 qui
534 2141 623 2162 autem
646 2139 735 2171 aperte
762 2137 787 2159 et
810 2130 934 2169 publice,
959 2139 1019 2157 cum

280 2184 378 2212 damno
392 2182 523 2222 probrum
540 2180 619 2209 etiam
639 2178 730 2207 intulit
744 2185 769 2206 et
782 2176 905 2205 dedecus.
923 2176 1021 2204 Cesse-

282 2241 342 2259 mus
356 2240 419 2268 ergo
433 2229 549 2257 aliorum
563 2228 632 2256 bona
646 2236 740 2265 rapere
756 2232 781 2253 et
794 2234 924 2263 pauperes
938 2229 963 2251 et
979 2222 1023 2251 di-

282 2279 351 2307 vites
364 2290 370 2305 :
387 2288 439 2306 non
451 2276 537 2305 solum
548 2275 619 2303 enim
630 2274 688 2302 haec
699 2274 795 2311 loquor
812 2271 945 2300 divitibus
956 2293 964 2307 ‚
977 2269 1025 2298 sed

285 2324 364 2351 etiam
376 2322 551 2362 pauperibus.
568 2322 637 2350 Nam
652 2319 703 2359 ipsi
725 2328 830 2357 quoque
851 2326 942 2345 eorum
956 2316 1026 2344 bona

286 2369 394 2407 rapiunt
405 2368 451 2406 qui
466 2374 527 2396 sunt
540 2377 566 2395 se
577 2364 747 2406 pauperiores
759 2386 768 2402 ‚
783 2370 808 2391 et
817 2362 926 2391 ditiores
938 2367 963 2389 et
977 2370 1027 2400 po-

324 2469 336 2486 b
356 2467 362 2499 1
375 2467 446 2491 Idem
459 2467 538 2491 voluit
549 2469 636 2499 ἀποδῷ,-
647 2469 694 2500 Ep„
710 2470 746 2491 καὶ
759 2467 842 2493 ταῦτ-ας
854 2466 876 2489 δὲ
888 2475 916 2496 μ.
930 2463 961 2486 In
973 2459 1046 2486 Colb.

292 2506 385 2531 ab5uut
397 2505 472 2530 verba
485 2511 520 2531 καὶ
531 2509 588 2532 οὕτω
598 2509 620 2530 ῖὲ
631 2505 672 2537 μ]

1007 829 1042 848 5⁰1

590 157 618 180 S.
646 155 786 180 JoANMS
811 155 991 178 CHRYSOST.
1023 155 1177 178 ARCHIEP.
1205 155 1472 179 CONSTANTiNOP.

1048 216 1170 251 σθέντων,
1182 216 1228 244 καὶ
1238 216 1342 245 ἵσταται
1356 216 1400 244 καὶ
1415 215 1547 254 ἁρπάζων.
1573 214 1698 242 Ἄκουσον
1711 214 1725 241 ὁ
1736 213 1807 242 Ζακ-

1047 266 1121 300 χαῖος
1143 261 1169 289 τί
1185 261 1271 298 λέγει·
1288 261 1341 289 Καὶ
1360 261 1426 290 ὅσων
1451 261 1575 299 ἥρπασα,
1600 258 1808 299 τετραπλασίονα

1049 306 1207 344 ἀποδίδωμι.
1234 305 1272 334 Σὺ
1287 306 1314 334 δὲ
1327 307 1449 344 ἁρπάζων
1465 306 1545 345 μυρία
1564 305 1678 334 τάλαντα
1688 327 1695 340 ,
1710 304 1739 332 ἂν
1753 303 1810 332 ὀλί-

1048 364 1094 390 γας
1109 351 1177 391 ι’δῷς
1196 350 1315 390 δραχμὰς
1325 374 1332 386 ,
1347 351 1392 378 καὶ
1406 351 1472 379 οὕτω
1486 351 1512 379 δὲ
1528 351 1615 389 μόλις,
1630 351 1659 379 τὸ
1673 355 1725 378 πᾶν
1741 350 1810 377 ἀπο-

1049 399 1189 426 δεδωκέναι
1202 397 1328 434 νομίζεις,
1344 396 1389 424 καὶ
1407 398 1441 428 ὡς
1458 396 1567 425 πλείονα
1580 396 1699 428 δεδωκὼς
1714 395 1810 424 διάκει-

1050 455 1108 471 σαι·
1124 443 1209 472 καίτοι
1226 443 1263 470 δεῖ
1279 441 1344 470 αὐτά
1358 453 1386 469 τε
1401 442 1541 469 ἀποδοῦναι
1553 443 1647 476 ἐκεῖνα,
1659 441 1703 470 καὶ
1716 442 1745 469 ἐκ
1758 441 1809 468 τῶν

1050 488 1148 517 οἴκοθεν
1169 490 1319 527 προσθεῖναι
1338 487 1425 524 ἕτερα.
1459 486 1585 524 Καθάπερ
1598 487 1648 524 γὰρ
1665 489 1678 515 ὁ
1695 485 1810 518 κλέπτης

1050 535 1097 562 οὐκ
1110 535 1196 562 ἐκεῖνα
1211 531 1321 564 ἀποδοὺς
1335 531 1402 569 μόνα
1416 530 1621 569 ἀπολελόγηται,
1635 531 1702 559 ἀλλὰ
1715 529 1812 559 πολλά-

1051 591 1090 611 κις
1105 579 1150 617 μὲν
1168 579 1212 607 καὶ
1227 579 1273 613 τὴν
1293 577 1380 616 ψυχὴν
1392 576 1552 615 προσέθηκε,
1568 577 1694 609 πολλάκις
1707 575 1734 605 δὲ
1747 575 1811 604 πολ-

1050 625 1216 654 λαπλασίονα
1232 624 1288 656 δοὺς
1309 623 1458 656 διελύσατο,
1473 621 1540 650 οὕτω
1557 621 1602 649 καὶ
1616 624 1630 650 ὁ
1646 620 1811 655 πλεονέκτης.

1052 671 1105 700 Καὶ
1116 670 1167 709 γὰρ
1181 670 1226 699 καὶ
1241 672 1255 698 ὁ
1267 668 1424 703 πλεονέκτης
1438 667 1553 702 κλέπτης
1571 667 1642 703 ἐστὶ,
1656 666 1701 695 καὶ
1715 666 1814 704 λῃστὴς

1053 716 1151 744 ἐκείνου
1162 717 1252 754 πολλῷ
1263 714 1456 754 χαλεπώτερος,
1469 714 1521 751 ὅσῳ
1533 713 1578 741 καὶ
1588 711 1814 751 τυραννικώτερος.

1053 761 1169 794 Ἐκεῖνος
1182 761 1228 799 μὲν
1243 761 1293 800 γὰρ
1306 760 1351 789 καὶ
1363 761 1399 799 τῷ
1411 759 1587 797 κρύπτεσθαι,
1599 758 1644 787 καὶ
1656 759 1693 796 τῷ
1705 758 1730 785 ἔν
1741 755 1816 785 νυκτὶ

1054 808 1206 847 ἐπιχειρεῖν,
1221 806 1288 836 πολὺ
1302 808 1347 834 τοῦ
1361 804 1530 843 τολμήματος
1557 803 1731 841 ὑποτέμνεται
1740 824 1747 838 ,
1762 803 1816 831 ὣσ-

1054 853 1108 881 ανεὶ
1120 853 1314 891 αἰσχυνόμενος,
1325 851 1370 879 καὶ
1383 849 1502 883 δεδοικὼς
1513 849 1544 878 τὸ
1555 849 1713 888 ἁμαρτάνειν
1723 860 1729 866 ·
1745 843 1817 879 οὗτος

1054 899 1081 927 δὲ
1096 897 1364 937 ἀπαναισχυντήσας,
1379 898 1464 934 γυμνῇ
1483 897 1515 931 τῇ
1535 896 1635 933 κεφαλῇ
1651 894 1720 923 κατὰ
1735 893 1818 932 μέσην

1055 943 1153 983 ἀγορὰν
1171 944 1281 982 ἁρπάζει
1298 942 1331 970 τὰ
1342 942 1456 975 πάντων,
1471 940 1586 975 κλέπτης
1599 952 1627 968 τε
1641 943 1706 978 ὁμοῦ
1717 939 1762 968 καὶ
1775 940 1818 967 τύ-

1057 1001 1147 1029 ραννος
1161 989 1196 1017 ὤν
1208 1000 1214 1006 ·
1231 989 1259 1016 οὗ
1272 987 1400 1026 διορύττει
1414 986 1534 1024 τοίχους,
1548 985 1605 1014 οὐδὲ
1617 985 1738 1014 σὸέννυσι
1751 986 1819 1022 λαμ·

1055 1035 1137 1071 πάδα,
1151 1034 1207 1063 οὐδὲ
1219 1033 1342 1062 mamma
1358 1032 1472 1070 ἀνοίγει,
1488 1031 1546 1059 οὐδὲ
1560 1031 1699 1070 σήμαντρα
1712 1029 1820 1069 ἀνατρέ-

1056 1092 1115 1109 πει·
1132 1080 1200 1109 ἀλλὰ
1216 1079 1258 1115 τί,
1274 1078 1317 1107 Τὰ
1337 1077 1435 1106 τούτων
1449 1076 1624 1116 νεανικώτερα
1639 1080 1725 1112 ποιεῖ,
1739 1074 1821 1114 ὁρών-

1058 1137 1110 1154 των
1135 1128 1188 1154 τῶν
1217 1124 1410 1162 ἀδικουμένων,
1430 1127 1441 1138 ³
1450 1123 1493 1151 διὰ
1516 1125 1563 1157 τ’ἦς
1583 1121 1661 1162 θύρας
1688 1121 1821 1156 ἐκὸάλλει,

1062 1172 1129 1211 μετὰ
1140 1170 1290 1210 παρρησίας
1303 1170 1390 1198 πάντα
1402 1168 1509 1206 ἀνοίγει,
1518 1167 1611 1199 αὐτοὺς
1622 1166 1821 1205 ἐκείνουςᾶναγ-

1060 1219 1134 1252 κάζει
1143 1217 1177 1245 τὰ
1190 1218 1276 1244 αὐτῶν
1292 1214 1421 1244 ἐκθέσθαι.
1451 1213 1576 1248 Τοσαύτη
1588 1215 1634 1247 τῆς
1647 1212 1704 1251 βίας
1714 1214 1732 1246 ἡ
1743 1213 1824 1250 ὓπερ-

1062 1264 1139 1299 ὅολή.
1162 1257 1247 1294 Οῧτος
1272 1259 1377 1289 ἐκείνων
1399 1260 1490 1298 πολλῷ
1516 1257 1676 1298 μιαρώτερος
1687 1279 1695 1290 ,
1711 1257 1764 1295 ὅσῳ
1780 1255 1825 1284 καὶ

1061 1307 1293 1348 ἄναισχυντότερος
1319 1305 1364 1334 καὶ
1387 1303 1618 1343 τυραννικώτερος.
1650 1302 1684 1332 Ὁ
1707 1301 1753 1341 μὲν
1775 1301 1827 1342 γὰρ

1062 1356 1130 1393 δόλῳ
1144 1366 1170 1382 τι
1185 1353 1286 1388 παθὼν,
1308 1353 1383 1389 ἀλγεῖ
1398 1350 1460 1388 μὲν,
1471 1349 1540 1384 πλὴν
1558 1349 1617 1377 ἀλλ’
1631 1348 1686 1387 ἔχει
1697 1359 1825 1387 παραμυ-

1064 1402 1120 1430 θίαν
1135 1401 1163 1429 οὗ
1178 1398 1286 1438 μικρὰν,
1305 1397 1335 1425 τὸ
1353 1397 1402 1425 κᾶν
1414 1395 1561 1434 φοέηθῆναι
1577 1395 1653 1423 αὐτὸν
1671 1396 1768 1423 ἐκεῖνον
1782 1392 1826 1422 τὸν

1064 1448 1204 1476 ἀδικοῦντα
1215 1456 1221 1461 ·
1245 1446 1258 1472 ὁ
1284 1442 1310 1471 δὲ
1328 1441 1395 1480 μετὰ
1416 1443 1461 1469 τοῦ
1476 1442 1564 1473 κακῶς
1577 1441 1668 1468 παθεῖν
1685 1439 1729 1468 καὶ
1743 1449 1827 1467 κατα-

1064 1491 1236 1531 φρονούμενος
1247 1512 1255 1524 ,
1270 1487 1327 1517 οὐδὲ
1345 1489 1457 1525 ἐνεγκεῖν
1472 1486 1519 1520 τὴν
1533 1485 1592 1524 βίαν
1604 1485 1756 1520 δυνήσεται·
1773 1483 1829 1522 μεί-

1064 1541 1113 1572 ζων
1128 1536 1179 1574 γὰρ
1193 1539 1207 1564 ὁ
1221 1535 1312 1571 γέλως.
1328 1533 1396 1561 Εἰπέ
1409 1544 1462 1569 μοι,
1478 1532 1552 1563 εἴτις
1566 1534 1678 1568 γυναῖκα
1692 1529 1829 1568 ἐμοίχευσε

1064 1582 1161 1617 λαθὼν,
1172 1582 1258 1613 ἔτεςος
1271 1580 1297 1608 δὲ
1310 1581 1422 1618 ὁρῶντος
1436 1580 1480 1606 τοῦ
1493 1577 1584 1616 ἀνδρὸς
1594 1579 1670 1605 τοῦτο
1679 1575 1830 1615 εἰργάσατο,

1066 1629 1105 1661 τίς
1121 1629 1219 1666 μᾶλλον
1243 1625 1372 1660 ἐλύπησεν
1390 1623 1431 1659 ἂν,
1451 1622 1498 1651 καὶ
1512 1623 1599 1651 δακεῖν
1613 1618 1644 1657 ἦν
1660 1621 1761 1657 ἷκανός;
1782 1622 1832 1661 οὔχ

1068 1671 1156 1709 οὗτος
1175 1673 1209 1701 Ὁ
1225 1672 1271 1710 μὲν
1287 1671 1338 1710 γὰρ
1355 1669 1422 1708 μετὰ
1435 1672 1480 1698 τοῦ
1494 1671 1582 1700 κακῶς
1596 1671 1706 1703 ποι-ἧσαι
1718 1668 1764 1696 καὶ
1777 1667 1830 1696 διέ-

1069 1731 1181 1750 πτυσεν·
1206 1721 1219 1747 ὁ
1240 1719 1280 1753 δὲ,
1302 1719 1324 1746 εἰ
1345 1716 1425 1754 μηδὲν
1445 1715 1548 1755 ἕτερον,
1572 1714 1666 1747 ἔδειξεν
1679 1714 1720 1743 ὅτι
1734 1714 1833 1743 δέδοικε

1069 1768 1113 1796 τὸν
1129 1764 1298 1803 ἠδικημένον.
1318 1762 1397 1792 Οὕτω
1412 1762 1456 1790 καὶ
1471 1762 1514 1789 ἐπὶ
1529 1763 1580 1789 τῶν
1593 1760 1749 1799 χρημάτων,
1761 1762 1775 1789 ὃ
1787 1758 1834 1797 μὲν

1071 1813 1154 1851 λάθρα
1174 1810 1280 1844 λαῧὼν,
1299 1809 1383 1847 ταύτῃ
1404 1807 1548 1845 τετίμηκε,
1570 1808 1607 1845 τῷ
1630 1806 1714 1844 λάθρα
1727 1805 1834 1834 λαὸεῖν·

1071 1862 1084 1888 ὃ
1106 1858 1133 1887 δὲ
1156 1858 1271 1897 φανερῶς
1292 1855 1337 1883 καὶ
1360 1853 1488 1891 δημοσίᾳ,
1512 1851 1579 1890 μετὰ
1604 1853 1651 1885 τ’ἧς
1676 1851 1772 1888 ζημίας
1789 1850 1835 1879 καὶ

1071 1903 1197 1943 αἰσχύνην
1209 1901 1336 1938 ἐπήγαγε.
1361 1898 1533 1936 Παυσώμεθα
1545 1893 1588 1925 οὖν
1599 1897 1633 1926 τὰ
1644 1895 1738 1936 ἑτέρων
1749 1895 1836 1934 ἁρπά-

1072 1952 1167 1984 ζοντες,
1184 1947 1229 1976 καὶ
1245 1946 1355 1980 πένητες
1375 1944 1420 1972 καὶ
1438 1943 1572 1972 πλούσιοι·
1590 1943 1618 1971 οὗ
1635 1941 1686 1980 γὰρ
1701 1941 1766 1979 πρὸς
1777 1940 1836 1973 τοὺς

1072 1994 1212 2025 πλουσίους
1237 2004 1281 2030 μοι
1305 1990 1382 2028 μόνον
1404 1985 1477 2021 οἶτος
1495 1991 1508 2017 ὁ
1522 1988 1612 2026 λόγος,
1629 1986 1697 2016 ἀλλὰ
1711 1986 1756 2015 καὶ
1771 1986 1836 2026 πρὸς

1072 2041 1130 2073 τοὺς
1144 2040 1268 2073 πένητας.
1294 2036 1347 2066 Καὶ
1359 2034 1465 2075 γὰρκαὶ
1478 2034 1550 2063 αὗτοὶ
1561 2033 1706 2072 ἁρπάζουσι
1719 2032 1777 2065 τοὺς
1790 2034 1835 2061 αὖ·

1073 2090 1125 2116 τῶν
1136 2083 1305 2121 πενεστέρους
1314 2104 1322 2117 ,
1334 2081 1378 2110 καὶ
1390 2080 1557 2120 χειροτέχναι
1568 2080 1592 2107 οἱ
1603 2077 1777 2117 εὐπορώτεροι
1790 2077 1836 2106 καὶ

1076 2128 1313 2169 δυνατώτεροιτοὺς
1325 2126 1506 2166 ἀπορωτέρους
1517 2125 1561 2154 καὶ
1572 2123 1739 2162 πενεστέρους
1749 2125 1839 2161 ἀπεμ-

1076 2179 1186 2207 πολοῦσι
1196 2199 1204 2211 ,
1219 2174 1335 2208 κάπηλοι
1349 2171 1498 2206 καπήλους,
1518 2169 1563 2199 καὶ
1576 2169 1672 2201 πάντες
1688 2171 1712 2197 οἷ
1729 2169 1773 2197 ἐπὶ
1792 2170 1840 2203 τῆς

1078 2225 1183 2262 ἀγορᾶς.
1209 2220 1292 2249 ιγΩσϊε
1313 2217 1440 2257 πάντοθεν
1464 2215 1592 2254 βούλομαι
1606 2214 1653 2249 τὴν
1671 2214 1774 2243 ἀδικίαν
1789 2213 1841 2247 ἐξε-

1077 2271 1142 2298 λεῖν.
1170 2266 1210 2295 Οὔ
1234 2264 1285 2303 γὰρ
1302 2265 1328 2291 ἐν
1351 2263 1389 2300 τῷ
1413 2261 1501 2300 μέτρῳ
1520 2261 1571 2288 τῶν
1591 2259 1777 2298 ἁρπαζομένων
1797 2259 1842 2288 καὶ

1079 2310 1264 2349 κλεπτομένων
1277 2331 1284 2345 ,
1298 2308 1356 2337 ἀλλ’
1373 2309 1399 2336 ἐν
1414 2309 1446 2344 τῇ
1460 2305 1611 2345 προαιρέσει
1628 2307 1673 2333 τοῦ
1688 2304 1845 2337 κλέπ-τοντος

1079 2359 1109 2388 τὸ
1121 2357 1239 2393 ἀδίκημα
1252 2354 1368 2384 ἵσταται.
1396 2352 1462 2381 εὈτι
1475 2351 1502 2381 δὲ
1516 2347 1586 2380 οὗτοι
1601 2350 1699 2388 μᾶλλόν
1715 2351 1766 2379 εἰσι
1779 2350 1844 2380 κλέ-

1126 2466 1136 2477 ³
1154 2456 1235 2489 [Dele
1255 2457 1299 2480 διὰ.
1322 2454 1399 2477 Fores
1421 2451 1519 2483 dejicit,
1542 2450 1585 2473 vel
1596 2445 1715 2481 effringit.
1727 2448 1844 2472 Dunaeus.

1094 2498 1150 2522 Imo
1163 2495 1208 2528 leg.
1224 2496 1330 2527 &faedam
1338 2512 1344 2523 ,
1353 2499 1396 2524 per
1407 2495 1505 2523 portam
1516 2488 1612 2520 irruit.]
