1893 2860
115 1314 171 1335 lsai.
182 1313 220 1342 (46.
230 1312 252 1335 3.

268 192 313 236 45
322 206 338 226 2
608 202 623 224 s
630 216 637 223 .

267 274 365 292 novum
384 263 586 290 Testamentum
608 260 685 290 vobis
704 267 808 300 parate,
823 260 1004 299 apostolorum

266 310 347 336 Actus
357 329 365 343 ,
380 307 543 345 Evangelia,
561 307 702 345 magistros
717 313 868 345 perpetuos.
886 307 915 335 Si
927 306 1005 335 dolor

265 353 405 387 acciderit,
422 360 557 390 tamquam
572 352 599 380 in
619 352 875 380 medicamentorum
891 353 1003 391 apothe—

265 409 322 426 cam
338 399 440 436 aspice,
460 398 534 426 illinc
553 398 615 426 mali
635 398 726 437 accipe
742 397 965 433 consolationem
983 398 1004 427 si

264 443 393 471 damnum
404 466 411 477 ,
427 443 449 471 si
462 453 548 478 mors,
571 443 592 471 si
614 450 721 471 tuorum
735 442 842 471 amissio
855 455 860 470 :
875 443 929 470 imo
941 454 1004 472 xero

265 501 315 519 non
329 490 430 529 aspice,
440 490 485 519 sed
498 491 586 518 onmia
601 491 715 529 suscipe,
727 497 752 518 et
764 497 850 518 mente
865 497 930 518 tene.
948 490 1003 519 Hoc

264 542 302 563 est
317 536 437 563 omnium
452 536 586 564 malorum
608 546 685 564 causa
696 558 704 573 ,
726 535 827 564 nescire
841 536 1001 574 Scripturas.

265 581 372 619 Absque
383 582 464 610 armis
476 582 546 610 imus
556 582 590 610 ad
603 582 703 610 bellum
716 594 725 619 5
741 589 765 610 et
776 582 911 620 quomodo
923 593 1001 621 opor-

263 634 298 656 tet
320 638 375 656 esse
397 628 484 656 salvos
501 629 512 656 Ξ)
536 628 665 656 Praeclare
687 628 826 656 uobiscum
851 628 939 667 agitur
949 650 957 665 ,
979 628 999 656 si

263 683 324 701 cum
339 673 381 701 his
398 673 465 701 salvi
479 673 576 709 simus;
591 680 694 701 tantum
709 673 782 702 abest
802 680 832 702 ut
846 674 945 711 absque
961 673 1001 701 liis

262 718 330 747 salvi
345 729 400 747 esse
415 719 555 758 possimus.
571 720 610 747 Ne
626 720 715 748 omnia
730 719 757 747 in
772 730 818 747 nos
833 719 979 758 conjiciatis
994 731 1000 745 :

263 775 325 793 oves
339 765 400 793 estis
413 787 422 802 ‚
440 765 486 793 sed
502 776 552 794 non
570 766 680 794 rationis
694 772 830 805 expertes,
845 776 939 794 verum
955 776 1001 793 ra-

263 810 334 838 tione
349 811 469 849 praedita:
485 823 491 838 τ
506 812 590 839 multa
601 812 678 840 Vobis
691 822 796 849 quoque
807 811 917 839 mandat
931 812 1000 839 Pau-

263 856 315 884 lus.
330 857 382 890 Qui
398 855 539 892 docentur,
554 868 606 885 non
629 868 733 895 semper
751 864 855 896 tempus
870 863 958 885 terunt
975 856 1001 884 in

263 900 393 930 discendo
404 924 412 938 ,
427 902 552 939 quoniam
574 913 625 930 uon
640 902 769 930 docentur
784 914 789 929 :
806 902 826 930 si
842 913 944 940 semper
957 901 1003 930 di-

264 954 338 981 scas,
356 955 501 982 numquam
523 945 618 973 disces.
635 946 675 973 Ne
693 945 729 973 ita
746 945 854 973 accedas
869 952 1005 982 tamquam

264 989 385 1017 futurum
405 989 439 1017 sit
456 996 484 1017 ut
499 1000 603 1029 semper
619 990 723 1025 disca53
743 990 844 1028 alioqui
859 1000 1006 1028 numquam

265 1035 347 1071 scie-55
363 1034 410 1063 sed
426 1042 564 1073 tamquam
577 1035 699 1064 discendi
712 1036 794 1064 finem
808 1042 1006 1074 assequuturus,

264 1087 289 1109 et
303 1080 386 1108 alium
402 1080 540 1110 docturus.
563 1083 614 1110 Dic
628 1081 705 1118 mihi,
720 1092 806 1110 annon
821 1081 931 1110 definita
944 1088 1008 1110 tem-

264 1136 328 1165 pora
340 1127 366 1154 in
382 1126 532 1165 disciplinis
547 1134 701 1167 exspectant
714 1138 822 1163 omnes,
838 1134 862 1155 et
877 1128 904 1155 in
922 1126 1008 1155 omni-

263 1171 314 1199 hus
334 1172 466 1200 artibus?
488 1172 533 1201 Sic
553 1184 644 1201 omnes
663 1180 765 1201 certum
786 1180 892 1212 tempus
907 1172 1005 1200 defini-

264 1227 324 1245 mus
340 1229 346 1244 :
360 1217 401 1246 sin
416 1224 505 1246 autem
521 1229 624 1258 semper
645 1218 743 1257 discas,
765 1226 804 1248 est
817 1219 924 1258 signum
936 1217 1008 1256 quod

264 1264 334 1292 nihil
350 1264 487 1294 didiceris.

306 1312 334 1339 9.
350 1310 406 1339 Hoc
416 1311 490 1339 Deus
504 1310 678 1350 exprobravit
691 1312 708 1341 J
712 1311 793 1339 udaeis
803 1333 810 1347 ,
830 1312 885 1349 Qui
899 1311 1007 1340 tollun-

266 1362 314 1384 tur
330 1367 365 1385 ex
383 1363 477 1393 utero,
494 1363 520 1386 ee
538 1358 712 1385 erudiuntur·
723 1367 813 1396 usque
827 1357 868 1385 ad
884 1359 1005 1386 senium.

264 1402 294 1431 Si
309 1412 361 1430 non
375 1413 480 1442 semper
488 1403 539 1432 hoc
550 1403 790 1442 exspectavissetis‚
804 1413 855 1431 non
867 1403 905 1432 sic
916 1403 1006 1432 omnia

263 1455 334 1477 retro
349 1448 484 1477 abiissent.
501 1449 531 1478 Si
551 1459 593 1477 res
613 1449 648 1477 ita
667 1449 777 1477 haberet
792 1456 820 1477 ut
834 1450 882 1478 alii
896 1449 1005 1487 quidem

264 1494 432 1531 didicissent,
448 1494 495 1522 alii
511 1505 573 1523 vero
583 1501 669 1523 essent
680 1495 830 1531 erudiendi,
847 1506 914 1534 opus
928 1496 1004 1524 nobis

263 1540 430 1579 profecisset;
447 1540 506 1568 aliis
523 1540 621 1568 cessuri
638 1540 717 1568 eratis
729 1564 734 1575 ‚
745 1547 770 1569 et
785 1541 860 1569 nobis
875 1552 953 1580 opem
964 1548 1006 1569 tu-

262 1585 367 1614 lissetis.
388 1586 439 1613 Dic
452 1585 536 1619 mibi,
553 1596 642 1623 quaeso
653 1607 661 1623 ,
678 1586 699 1613 si
715 1586 799 1623 aliqui
814 1586 882 1614 irent
896 1587 929 1615 ad
942 1587 1005 1615 lite·-

665 200 804 223 JOANMS
829 200 1009 223 CHRYSOST.
1040 200 1197 225 ARCHIEP.
1225 203 1492 229 CONSTANTINOP-

1062 262 1144 291 αἴτιον
1156 265 1208 292 τῶν
1219 267 1316 301 κακῶν,
1329 266 1360 295 τὸ
1374 266 1410 304 μὴ
1426 267 1521 295 εἰδέναι
1541 266 1587 300 τὰς
1602 266 1717 306 Γραφάς.
1742 267 1828 306 Χωρὶς

1061 309 1147 337 ὅπλων
1157 310 1193 341 εἷς
1203 310 1317 348 πόλεμον
1330 312 1468 350 βαδίζομεν
1476 325 1482 330 ·
1498 313 1542 342 καὶ
1556 312 1625 345 ι’πῶς
1635 312 1687 341 ἔδει
1698 314 1828 346 σωθῆναι;

1061 354 1208 392 Ἀγαπητὸν
1224 355 1291 392 μετὰ
1306 356 1402 385 τούτων
1418 360 1548 394 σωθῆναι,
1563 359 1627 396 μήτι
1638 370 1667 396 γε
1677 358 1758 397 χωρἰς
1771 357 1829 386 τού-

1059 412 1120 428 των.
1135 401 1180 435 Μὴ
1195 400 1228 428 τὰ
1242 400 1329 429 πάντα
1343 402 1383 440 ἐφ’
1399 405 1469 440 ἡμᾶς
1484 404 1600 443 ῥίπτετε·
1613 403 1734 442 πρόὸατά
1749 404 1808 431 ἐστε
1820 425 1827 438 ,

1060 447 1118 475 ἀλλ’
1135 448 1182 475 οὐκ
1196 447 1280 485 ἄλογα
1290 469 1297 481 ,
1312 448 1379 476 ἀλλὰ
1389 449 1482 486 λογικά
1490 461 1496 467 ·
1507 449 1593 478 πολλὰ
1604 450 1648 478 καὶ
1659 451 1719 487 ὑμῖν
1730 452 1743 478 ὁ
1756 450 1830 477 Παῦ-

1059 493 1102 525 λος
1114 492 1259 531 ἐπιτρέπει.
1286 494 1321 522 Οἱ
1344 493 1525 532 διδασκόμενοι
1540 496 1568 523 οὔ
1586 495 1727 527 διαπαντὸς
1743 494 1787 523 ἐπὶ
1801 494 1830 523 τὸ

1059 540 1151 575 μαθεῖν
1166 538 1352 578 διατρίὲουσιν,
1368 539 1424 568 ἐπεὶ
1434 540 1461 568 οὗ
1476 540 1656 569 διδάσκονται·
1671 541 1701 568 ἂν
1713 540 1753 568 ἀεὶ
1764 552 1830 578 μαν-

1058 583 1137 622 θάνῃς
1154 606 1161 619 ,
1177 583 1298 612 οὐδέποτε
1323 584 1439 623 μαθήσῃ.
1461 585 1507 621 Μὴ
1532 586 1613 618 οὕτως
1629 586 1720 624 ἔρχου,
1737 588 1772 618 ὡς
1788 585 1828 614 ἀεὶ

1058 630 1239 668 μαθησόμενος
1248 653 1255 666 ,
1270 630 1327 658 ἐπεὶ
1347 631 1469 660 οὐδέποτε
1494 632 1550 670 εἴσῃ
1560 654 1567 666 ,
1585 631 1643 660 om?
1655 634 1691 664 ὡς
1705 632 1749 660 καὶ
1763 633 1830 660 ἀπο·

1057 676 1256 714 μαθησόμενος,
1272 676 1316 705 καὶ
1332 676 1440 710 διδάξων
1458 677 1553 716 ἕτερον.
1570 677 1637 706 Εἰπὲ
1653 677 1680 705 δέ
1695 689 1755 715 μοι,
1770 677 1830 716 οὐχὶ

1057 722 1217 761 ὡρισμένους
1240 722 1346 762 καιροὺς
1369 723 1563 761 παραμένουσιν
1584 723 1696 755 ἅπαντες
1724 723 1750 751 ἓν
1774 727 1827 756 τοῖς

1058 768 1212 806 μαθήμασι,
1224 767 1269 796 καὶ
1283 770 1309 796 ἐν
1323 768 1421 801 πάσαις
1436 768 1525 800 ἁπλῶς
1535 773 1592 801 ταῖς
1604 767 1709 807 τέχναις
1720 781 1726 803 ;
1739 767 1832 801 Οὕτως

1058 813 1171 846 ἅπαντες
1191 814 1310 852 ὁρίζομεν
1326 814 1434 853 φανερὸν
1458 814 1565 853 καιρόν·
1583 813 1612 842 ἂν
1634 813 1661 842 δὲ
1688 814 1728 843 ἀεὶ
1750 817 1832 851 ῑμαν-

1060 859 1123 898 θάνῃ
1134 882 1141 895 ,
1155 859 1297 898 τεκμήριόν
1313 861 1367 889 ἔστι
1381 862 1425 889 τοῦ
1439 860 1519 897 μηδὲν
1537 862 1636 897 μαθεῖν.

1103 1311 1189 1339 Τοῦτο
1204 1309 1233 1338 τὸ
1247 1310 1343 1343 ὄνειδος
1357 1313 1410 1342 τοῖς
1425 1309 1560 1343 Ἰουδαίοις
1573 1312 1587 1339 ὁ
1601 1311 1668 1344 Θεὸς
1682 1305 1765 1340 εἶπεν·
1781 1312 1828 1340 Αἰ-

1064 1355 1167 1393 ρόμενοι
1189 1358 1218 1384 ἐκ
1232 1356 1347 1390 κοιλίας,
1359 1355 1405 1384 καὶ
1419 1356 1603 1394 παιδευόμενοι
1617 1356 1665 1390 ἕως
1675 1356 1771 1396 γήρως.
1794 1358 1829 1386 Εἰ

1063 1402 1099 1439 μὴ
1115 1401 1156 1430 ἀεὶ
1170 1403 1246 1430 τοῦτο
1260 1402 1450 1439 προσεδοκᾶτε,
1464 1402 1511 1430 οὔκ
1526 1401 1555 1430 ἂν
1571 1401 1653 1434 οὕτως
1665 1403 1700 1435 εἷς
1711 1402 1829 1432 τούπίσω

1025 1456 1041 1478 F
1060 1447 1147 1475 πάντα
1162 1447 1251 1485 ἀπῄει.
1270 1448 1303 1475 Εἰ
1318 1448 1377 1481 ἐνῆν
1399 1447 1457 1480 τοὺς
1478 1447 1524 1485 μὲν
1540 1443 1603 1476 εἶναι
1628 1448 1830 1486 μεμαθηκότας,

1059 1504 1118 1525 τους
1137 1493 1162 1521 δὲ
1180 1493 1336 1530 μέλλοντας,
1351 1493 1523 1531 προέκοψεν
1510 1506 1539 1522 αν
1551 1494 1580 1522 τὸ
1596 1493 1670 1532 ἔργον
1685 1497 1765 1532 ἡμῖν·
1777 1506 1829 1523 πα-

1062 1551 1230 1578 ρεχωρησατε
1245 1551 1274 1566 αν
1287 1538 1399 1578 ἑτέροις,
1410 1551 1455 1567 και
1467 1540 1689 1569 συναντελοίὸεσθε
1700 1552 1745 1568 και
1755 1543 1828 1577 ἡμῖν.

1061 1584 1130 1613 Εἰπέ
1145 1596 1189 1622 μοι
1201 1605 1208 1618 ‚
1224 1586 1245 1612 εἰ
1259 1584 1323 1623 πρὸς
1337 1596 1542 1623 γραμματιστην
1557 1596 1625 1617 τινες
1646 1585 1758 1620 ἀπίοιεν,
1772 1589 1829 1614 εἶτα

263 1630 512 1667 1a101em‚deinde
530 1638 666 1659 maneient
687 1641 789 1669 semper
805 1632 935 1661 discentes
950 1633 1004 1660 ele·
1015 1650 1067 1669 392
1063 1630 1163 1658 μένοιεν
1176 1630 1217 1659 ἀεὶ
1240 1630 1273 1658 τὰ
1296 1634 1412 1669 στοιχεῖα
1429 1630 1616 1668 μανθανοντες,
1635 1631 1664 1659 οὗ
1688 1630 1768 1660 πολυν
1791 1644 1829 1660 τω

266 1684 353 1705 menta
367 1699 375 1713 ,
403 1686 490 1705 annon
514 1676 644 1714 magisne
663 1676 780 1705 multum
802 1677 901 1706 laboris
923 1685 1008 1706 essent
1024 1679 1043 1700 Α
1063 1676 1211 1704 διδασκάλω
1224 1675 1301 1704 πόνον
1321 1675 1475 1715 παρέξουσῑ;
1496 1675 1586 1715 Μέχρι
1603 1676 1671 1709 τίνος
1687 1678 1748 1714 ὖμῖν
1769 1677 1829 1715 περὶ

266 1722 438 1751 exhibituri?
454 1722 601 1760 Quousque
619 1722 760 1751 vobiscum
775 1722 808 1750 de
822 1723 878 1751 viia
890 1723 1006 1751 dissem-

265 1768 345 1795 mus?
367 1767 448 1806 Apud
471 1767 605 1806 apostolos
628 1777 679 1795 non
701 1768 737 1795 ita
752 1774 823 1800 exat,
841 1768 887 1796 sed
902 1768 1008 1797 assilue

265 1813 468 1848 transiliebant,
481 1823 524 1841 eos
539 1813 585 1850 qui
601 1813 675 1851 prius
689 1813 826 1842 discebant
842 1814 1006 1843 constituen-

265 1865 303 1887 tes
325 1859 466 1897 magistros
480 1858 594 1886 aliorum
618 1858 665 1896 qui
680 1858 826 1887 discebant.
848 1859 892 1888 Sic
907 1867 1006 1898 potue-

265 1910 328 1932 runt
341 1903 416 1932 obire
429 1903 520 1932 orbem
535 1910 624 1939 terrae,
638 1903 710 1941 quod
725 1904 771 1932 uni
782 1904 841 1932 loco
854 1914 905 1933 non
920 1912 1007 1934 essent

265 1950 378 1988 alligati.
397 1951 487 1986 Quam
501 1950 600 1978 multos
615 1956 718 1978 nostros
736 1950 829 1978 fratres
845 1951 892 1988 qui
907 1959 967 1979 sunt
980 1951 1006 1980 in

264 1995 336 2033 agris
350 2018 356 2030 ‚
380 2002 510 2024 eteorum
531 1995 672 2034 magistros
684 1995 843 2024 existimatis
863 2007 938 2035 egere
956 1997 1006 2026 do-

265 2041 371 2070 ctrina?
394 2042 446 2070 Sed
460 2052 508 2069 vos
523 2052 565 2069 me
580 2041 674 2070 tenetis
693 2042 816 2069 affixum.
831 2043 900 2071 Nam
916 2042 1006 2082 prius-

265 2097 345 2124 quam
371 2093 451 2126 caput
470 2093 541 2115 recte
563 2086 597 2114 sit
616 2086 759 2124 affectum,
779 2097 1006 2126 supervacaneum

265 2141 302 2163 est
319 2134 358 2163 ire
369 2134 403 2163 ad
418 2135 552 2173 reliquum
565 2145 671 2173 corpus.
691 2134 788 2163 Omnia
804 2135 831 2163 in
843 2146 890 2164 nos
905 2147 1006 2175 conge-

265 2180 333 2209 ritis.
348 2181 490 2219 Oporteret
504 2191 552 2209 vos
562 2191 577 2208 a
590 2180 667 2208 nobis
679 2180 766 2208 solum
776 2179 895 2217 discere3
909 2193 1006 2211 uxores

264 2232 353 2253 autem
373 2236 388 2253 a
405 2225 492 2262 vobis,
515 2225 586 2254 filios
604 2236 619 2253 a
641 2225 719 2253 vobis
730 2237 738 2262 ,-
756 2225 803 2254 sed
827 2226 904 2255 nobis
917 2227 1007 2256 omnia

264 2271 425 2309 relinquitis.
440 2273 580 2310 Propterea
600 2281 713 2310 magnus
736 2278 774 2299 est
792 2271 876 2300 labor.
892 2274 1007 2302 Decen-

266 2323 319 2353 τες,
346 2317 448 2355 inquit,
474 2323 501 2346 et
527 2324 742 2346 commonentes
763 2320 952 2357 vosmetipsos
974 2321 1006 2348 in

265 2362 401 2400 psalmis,
425 2363 545 2399 hymnis
558 2384 567 2399 ‚
594 2369 621 2390 et
640 2365 762 2392 canticis
783 2365 1003 2402 spiritualibus.

267 2406 338 2435 Vide
360 2418 441 2445 quam
473 2417 525 2436 non
561 2407 729 2447 importunus
759 2415 785 2437 et
814 2410 941 2438 molestus
969 2411 1003 2440 sit

302 2509 313 2527 b
331 2508 387 2540 [πῶς
401 2513 429 2534 ἐκ
443 2511 470 2533 Α.
485 2516 509 2534 ct
521 2519 548 2534 ex
560 2519 624 2535 corr.
638 2512 678 2543 ss.]

1063 1722 1119 1759 βίου
1134 1722 1320 1759 διαλεγόμεθα;
1330 1722 1393 1751 Ἐπὶ
1404 1733 1454 1750 των
1469 1722 1622 1750 ἀποστόλων
1634 1734 1715 1754 ουτως
1728 1724 1774 1751 ουκ
1785 1725 1827 1759 ἠν,

1062 1767 1130 1795 ἀλλὰ
1145 1779 1259 1806 συνεχως
1271 1768 1434 1804 μετεπήδων,
1447 1767 1505 1799 τους
1515 1767 1641 1806 πρότερον
1652 1767 1828 1806 μανθάνοντας

1063 1813 1233 1845 διδασκάλους
1253 1815 1426 1845 καθιστῶντες
1440 1813 1534 1852 ἑτέρων
1549 1816 1626 1842 τινῶν
1643 1813 1828 1851 μαθητευομέ-

1061 1870 1121 1887 νων.
1136 1859 1228 1891 Οὕτως
1242 1859 1407 1894 ἠδυνήθησαν
1431 1858 1478 1893 τὴν
1500 1858 1653 1896 οἰκουμένην
1665 1860 1808 1897 περιελθεῖν
1818 1881 1826 1894 ,

1061 1907 1099 1943 τῷ
1115 1904 1150 1941 μὴ
1167 1906 1387 1943 προσδεσμεῖσθαι
1402 1905 1475 1944 τόπῳ
1500 1904 1546 1932 ἑνί.
1564 1904 1654 1938 Πόσης
1678 1904 1761 1933 οἴεσθε
1787 1905 1827 1932 δι-

1062 1950 1205 1982 δασκαλίας
1225 1951 1325 1978 δεῖσθαι
1346 1950 1405 1982 τοὺς
1419 1949 1559 1988 ὑμετέρους
1573 1949 1699 1988 ἀδελφοὺς
1711 1949 1770 1981 τοὺς
1782 1950 1827 1978 ἐπὶ

1062 1995 1112 2022 τῶν
1125 1996 1224 2034 ἀγρῶν,
1240 1995 1283 2023 καὶ
1294 1994 1352 2027 τοὺς
1364 1995 1468 2023 ἐκείνων
1481 1995 1664 2029 διδασκάλους,
1673 1994 1742 2023 Ἀλλ’
1754 1997 1828 2032 ὑμεῖς

1063 2052 1096 2077 με
1107 2041 1232 2079 κατέχετε
1241 2040 1469 2080 προσηλώσαντες.
1484 2040 1551 2080 Πρὶν
1564 2041 1580 2075 ἢ
1591 2040 1642 2078 γὰρ
1651 2040 1700 2075 τὴν
1711 2040 1826 2079 κεφαλὴν

1062 2087 1149 2119 καλῶς
1164 2088 1330 2121 διατεθῆναι,
1344 2086 1465 2126 περιττὸν
1480 2086 1523 2114 ἐπὶ
1543 2086 1573 2115 τὸ
1591 2085 1681 2115 λοιπὸν
1700 2087 1777 2123 σῶμα
1791 2085 1827 2114 ἴέ-

1062 2144 1113 2160 ναι.
1125 2132 1218 2160 Πάντα
1228 2134 1292 2169 ἡμῖν
1303 2132 1479 2171 ἐπιῤῥίπτετε.
1491 2131 1577 2169 Ὑμᾶς
1587 2133 1667 2170 ἐχρῆν
1680 2133 1743 2171 παρ’
1751 2133 1827 2169 ἡμῶν

1062 2177 1201 2216 μανθάνειν
1216 2178 1306 2215 μόνον·
1318 2178 1364 2210 τὰς
1374 2177 1401 2206 δὲ
1413 2182 1537 2216 γυναῖκας
1550 2178 1613 2216 παρ’
1621 2179 1705 2215 ὑμῶν,
1718 2177 1752 2205 τὰ
1765 2188 1827 2205 παι-

1061 2224 1104 2252 δία
1118 2225 1181 2262 παρ’
1208 2225 1294 2261 ὑμῶν·
1315 2223 1383 2252 ἀλλὰ
1404 2224 1490 2252 πάντα
1517 2226 1580 2260 ἡμῖν
1604 2222 1825 2260 καταλιμπάνετε.

1061 2269 1113 2298 Διὰ
1139 2273 1214 2298 τοῦτο
1231 2268 1311 2301 πολὺς
1331 2271 1345 2298 ὃ
1372 2268 1460 2302 κόπος.
1477 2269 1668 2303 Διδάσκοντες,
1688 2268 1766 2307 φησὶ,
1781 2268 1826 2296 καὶ

1061 2318 1238 2347 νουθετοῦντες
1253 2313 1359 2346 ἑαυτοὺς
1382 2315 1496 2352 ψαλμοῖς
1521 2314 1565 2342 καὶ
1585 2313 1674 2352 ὕμνοις
1689 2313 1734 2342 καὶ
1747 2314 1825 2352 ᾠδαῖς

1061 2365 1261 2399 πνευματικαῖς.
1287 2360 1357 2398 ”Ορα
1373 2360 1417 2388 καὶ
1436 2360 1466 2388 τὸ
1481 2360 1625 2398 ἀνεπαχθὲς
1641 2362 1686 2388 τοῦ
1706 2358 1823 2388 Παύλου.

1062 2407 1172 2442 Ἐπειδὴ
1192 2413 1202 2440 Ἰ
1219 2407 1364 2444 ᾰιάγνωσις
1377 2406 1431 2444 ἔχει
1446 2405 1532 2441 πόνον,
1547 2405 1592 2434 καὶ
1606 2404 1672 2434 πολὺ
1692 2404 1722 2434 τὸ
1737 2415 1824 2443 φορτι-

1107 2521 1115 2531 2
1135 2514 1274 2545 [μκνθάνητε
1288 2512 1304 2535 Α
1311 2511 1329 2542 -]
