1893 2860
102 1660 228 1680 Jub.i.21.

252 164 320 199 386
603 173 630 194 s.

660 171 798 194 Josxxls
825 170 1004 192 CHRYSOST.
1035 171 1188 194 Ancmffl’.

1218 173 1323 197 CONST
1332 174 1484 197 m'mnot‘.

249 249 292 265 seu
308 236 489 268 domin-illust,
506 234 605 271 gloriae
618 234 678 271 ejus
691 244 698 260 ;
713 232 775 270 quia
787 231 886 269 ubique
898 230 981 269 gloria
1001 233 1018 254 U
1037 232 1078 258 λιν
1098 235 1277 271 περιπατῆσαι
1296 237 1364 273 ὑμᾶς
1384 235 1459 268 ἀξίως
1479 239 1523 264 τοῦ
1545 236 1651 274 Κυρίου.
1677 238 1743 276 Περὶ
1758 241 1802 266 τοῦ

248 283 305 319 ojus
321 279 460 318 imperium
475 277 584 305 obtinet.
599 277 659 305 Jam
675 276 825 304 consolatus
841 282 895 310 cst,
911 274 982 312 quod

248 335 307 351 cuin
324 324 348 351 iu
365 322 460 360 probro
478 328 502 349 et
516 320 644 349 dedecore
658 320 763 354 essetis,
779 329 871 347 rursus
886 318 983 346 ambu-

248 370 320 397 lastis
345 368 426 405 digne
445 367 568 395 Domino.
584 366 624 393 Dc
639 365 709 393 Filio
722 364 788 393 dicit
808 364 877 392 illud
888 386 895 399 ‚
911 362 983 401 quod

248 416 304 453 ipse
319 414 418 451 ubique
428 412 570 451 imperium
582 418 607 439 et
617 410 785 439 dominatum
795 410 913 438 obtinent
923 415 947 437 et
957 409 982 436 in

247 460 311 487 meio
323 465 348 487 et
362 459 388 486 in
404 465 490 491 terra,
507 457 579 495 quod
593 457 649 495 ejus
662 456 746 493 gloria
767 455 866 493 ubique
881 461 982 493 regnet.

249 506 307 533 Non
329 504 401 533 dixit
431 510 550 539 tantum,
582 501 791 536 confortamini,
821 501 868 530 sed
894 507 922 529 ut
937 511 985 539 par

248 558 285 579 cst
307 561 350 579 eos
373 550 420 589 qui
437 549 553 578 Domino
575 555 628 576 tam
648 548 709 576 furti
725 547 858 575 serviunt.
874 548 913 574 In
929 547 986 574 Dei

248 599 406 636 agnitione.
422 596 511 624 Simul
524 595 604 623 etiam
623 594 730 632 attingit
745 593 874 621 rationem
889 591 984 630 cogni-

248 643 329 671 tionis
354 654 360 669 ε
381 652 455 670 error
472 641 573 680 quippe
589 646 640 675 est,
661 640 748 667 Deum
767 648 818 667 non
833 645 863 666 ut
882 643 985 676 oportet

249 700 334 718 nosse.
351 691 403 717 Aut
415 695 443 716 ut
456 688 597 723 crescatis,
614 686 716 724 inquit,
733 686 759 714 in
774 685 823 714 Dei
841 685 984 723 agnitione.

250 737 319 764 Nam
340 734 362 762 si
381 733 427 772 qui
450 733 549 761 Filium
569 732 668 767 nescit,
694 741 741 760 nec
756 732 860 759 Patrem
875 729 984 768 quidem

251 780 313 814 scit,
339 779 432 807 merito
447 789 514 817 opus
537 785 575 806 cst
589 777 724 815 agnitione
744 788 750 803 ε
774 775 870 805 etenim
886 776 986 814 absque

251 826 298 854 illa
313 825 350 853 nil
365 823 473 863 prodest
484 824 548 852 vita.
564 825 599 851 In
610 824 691 850 omni
701 823 845 860 patientia
866 828 894 849 et
920 821 984 849 lon-

250 872 443 909 ganimitate,
464 869 567 907 inquit,
585 879 650 897 cum
671 868 796 906 gaudio,
810 868 855 895 19.
872 868 985 905 gratias

251 922 370 954 agentes
387 916 458 943 Deo.
475 913 580 942 Deinde
591 923 635 941 eos
647 912 847 945 exhortaturus,
866 921 917 939 non
933 921 987 939 me-

251 960 327 988 minit
339 970 430 988 eorum
449 970 508 997 quae
523 965 583 987 sunt
595 958 632 986 eis
647 957 797 991 recondita;
812 956 857 985 sed
869 957 919 984 hoc
928 956 988 994 qui-

251 1005 311 1033 dem
321 1005 399 1033 tacite
410 1003 581 1042 significavit,
593 1003 682 1031 dicens
691 1001 776 1037 initio,
783 1003 905 1039 Propter
911 1011 989 1039 spem

251 1062 315 1089 quoe
337 1052 463 1089 reposita
486 1056 529 1078 est
548 1050 632 1077 vobis
651 1050 682 1076 in
702 1048 781 1076 coelis
806 1059 814 1074 .·
834 1047 878 1075 hic
900 1053 989 1075 autem

251 1096 371 1124 meminit
382 1106 474 1124 eorum
489 1105 547 1133 quae
556 1095 612 1133 jam
627 1094 736 1122 fuerunt
753 1104 759 1120 ι
774 1093 832 1121 haec
846 1092 917 1120 enim
928 1099 990 1120 sunt

252 1152 336 1170 causae
353 1141 470 1169 illorum.
494 1141 551 1169 Hoc
573 1149 652 1179 porro
673 1139 736 1167 facit
757 1139 784 1166 in
805 1138 898 1166 muitis
913 1137 987 1168 locis,

252 1189 320 1216 Nam
336 1199 394 1225 quae
406 1188 461 1225 jam
481 1187 603 1221 suerunt,
627 1184 708 1213 fldem
727 1184 841 1219 faciunt,
865 1191 890 1212 et
905 1183 992 1221 magis

252 1233 368 1261 excitant
381 1232 542 1261 auditorem.
565 1231 637 1259 Cum
651 1230 773 1269 gaudio,
794 1228 902 1266 inquit,
922 1239 992 1267 gra-

1038 282 1102 310 Υἱοῧ
1124 282 1199 311 τοῦτό
1219 295 1298 322 φησι,
1319 285 1348 313 τὸ
1364 288 1498 324 πανταχοῦ
1520 290 1624 325 κρατεῖν
1651 288 1735 322 αὐτὸν,
1757 288 1803 316 καὶ

1039 333 1064 359 ἐν
1080 332 1184 371 οὗρανῷ
1199 333 1243 361 καὶ
1256 334 1282 361 ἐν
1293 335 1326 372 γῇ
1339 356 1346 370 ,
1362 335 1401 363 ὅτι
1412 338 1428 370 ἡ
1444 336 1503 369 δόξα
1516 338 1592 365 αὐτοῦ
1604 341 1740 377 πανταχοῦ
1755 339 1803 376 βα-

1039 383 1142 412 σιλεύει.
1164 385 1223 422 Οὐχ
1234 384 1322 417 ἁπλῶς
1335 396 1408 423 φησι,
1421 387 1580 424 δυναμοῦσθε
1594 411 1601 424 ,
1618 390 1676 417 ἀλλ’
1690 391 1724 421 ὡς
1736 389 1803 421 εἰκὸς

1039 434 1098 467 τοὺς
1122 435 1202 467 οὕτως
1227 437 1325 474 ἰσχυρῷ
1349 437 1470 476 Δεσπότῃ
1492 439 1669 472 δουλεύοντας.
1700 440 1746 469 Ἐν
1769 442 1802 478 τῇ

1040 487 1179 526 ἐπιγνώσει
1193 491 1238 517 τοῦ
1259 490 1337 517 Θεοῦ.
1363 488 1434 527 Ἅμα
1454 491 1498 518 καὶ
1513 491 1679 530 παράπτεται
1691 494 1742 521 τῶν
1757 495 1803 527 τῆς

1040 538 1159 577 γνώσεως
1169 540 1252 578 λόγων
1263 552 1268 557 ·
1284 542 1359 569 τοῦτο
1370 541 1420 579 γὰρ
1433 543 1614 576 πεπλανῆσθαί
1630 546 1700 580 ἔστι,
1713 544 1744 572 τὸ
1766 544 1803 581 μὴ

1041 590 1135 619 εἰδέναι
1148 613 1154 626 ,
1168 593 1203 623 ὡς
1218 592 1264 627 δεῖ,
1279 591 1322 619 τὸν
1335 592 1412 620 Θεόν.
1429 592 1466 620 Ἢ
1478 591 1546 621 ὥστε
1557 594 1703 630 ἐπιδοῦναι,
1717 594 1805 633 φησὶν,

1040 644 1066 671 ἐν
1078 645 1109 681 τῇ
1123 642 1262 680 ἐπιγνώσει
1276 645 1320 671 τοῦ
1337 644 1415 672 Θεοῦ.
1433 644 1466 672 Εἰ
1480 643 1530 682 γὰρ
1545 645 1558 671 ὁ
1572 644 1616 673 τὸν
1630 644 1695 673 Υἱὸν
1709 646 1756 673 οὐκ
1770 646 1806 673 εἷ-

1041 693 1107 730 δὼς,
1130 694 1187 722 οὐδὲ
1208 693 1251 722 τὸν
1270 694 1379 733 Πατέρα
1403 694 1558 730 ἐπίσταται,
1575 695 1681 727 εἷκότως
1702 696 1740 723 δεῖ
1759 697 1806 730 τ’ἤς

1041 744 1218 783 ἐπιγνώσεως·
1233 745 1305 773 οὐδὲν
1317 745 1368 784 γὰρ
1381 746 1471 784 ὄφελος
1487 746 1542 783 βίου
1558 746 1655 781 ταύτης
1668 746 1738 775 ἄνευ.
1757 747 1804 779 Εἷς

1041 802 1129 825 πᾶσαν
1141 797 1274 834 ὑπομονὴν
1288 797 1332 824 καὶ
1345 797 1536 835 μακροθυμίαν,
1550 798 1625 836 φησὶ,
1642 797 1710 835 μετὰ
1719 803 1804 838 χαρᾶς

1043 850 1255 888 εὖχαριστοῧντες
1271 850 1308 886 τῷ
1323 850 1394 887 Θεῷ.
1414 844 1482 877 Εἶτα
1495 849 1598 886 μέλλων
1613 848 1705 882 αὐτοὺς
1721 861 1806 888 παρα-

1043 900 1142 934 καλεῖν,
1157 901 1185 928 οὗ
1209 899 1340 936 μέμνηται
1361 901 1413 927 τῶν
1431 900 1578 937 μελλόντων
1596 901 1681 932 αὐτοῖς
1697 902 1807 930 ἀποκεῖ-

1045 952 1120 985 σθαι,
1135 951 1203 978 ἀλλὰ
1215 953 1292 978 τοῦτο
1305 950 1351 986 μὲν
1364 950 1471 988 ᾐνίξατο
1482 952 1508 979 ἐν
1517 952 1550 988 τῇ
1567 953 1636 990 ἀρχῇ
1650 950 1740 987 εἰπὼν,
1756 951 1808 980 Διὰ

1044 1002 1092 1036 τὴν
1113 1002 1207 1030 ἐλπίδα
1225 1001 1272 1036 τὴν
1295 1001 1470 1039 ἀποκειμένην
1485 1003 1546 1039 ὑμῖν
1565 1003 1590 1031 ἐν
1603 1006 1657 1035 τοῖς
1677 1003 1792 1041 οὐρανοῖς
1803 1015 1809 1021 ·

1045 1054 1155 1081 ἐνταῦθα
1173 1052 1200 1081 δὲ
1220 1055 1273 1081 τῶν
1298 1053 1348 1087 ἤδη
1365 1053 1535 1091 ὑπαρξάντων
1560 1053 1708 1092 μέμνηται·
1728 1057 1810 1083 ταῦτα

1045 1104 1096 1144 γὰρ
1116 1104 1220 1134 ἐκείνων
1241 1105 1321 1134 αἴτια.
1349 1105 1402 1134 Καὶ
1423 1106 1558 1144 πολλαχοῦ
1576 1108 1654 1134 τοῦτο
1669 1110 1747 1135 ποιεῖ,
1766 1105 1810 1135 Τὰ

1046 1156 1096 1195 γὰρ
1110 1156 1160 1191 ἤδη
1176 1156 1301 1194 γεγονότα
1313 1157 1391 1186 πλέον
1405 1159 1561 1193 πιστοῦται,
1572 1157 1618 1186 καὶ
1632 1158 1731 1195 μᾶλλον
1743 1159 1810 1196 αἱρεῖ

1046 1207 1090 1236 τὸν
1102 1208 1245 1246 ἀκροατήν.
1270 1207 1346 1236 Μετὰ
1368 1213 1470 1247 χαρᾶς,
1492 1208 1580 1246 φησὶν,
1600 1210 1811 1248 εὐχαριστοῦντες

253 1279 310 1304 tias
328 1282 445 1315 agentes
469 1276 544 1303 Deo.
566 1274 629 1302 Haec
651 1280 690 1302 est
706 1272 892 1310 consequentia
910 1283 915 1298 :
933 1272 991 1300 Nou
1012 1269 1027 1290 F
1046 1261 1084 1299 Τῷ
1099 1262 1170 1299 Θεῷ·
1190 1259 1225 1288 Ἥ
1240 1259 1380 1289 ἀκολουθία
1395 1259 1462 1294 αὕτη
1477 1261 1560 1289 ἐστίν’
1575 1263 1604 1288 οὗ
1619 1259 1756 1298 παυόμεθα
1770 1261 1811 1289 εὖ-

252 1331 384 1349 cessamus
396 1330 471 1349 orare
485 1330 534 1358 pro
544 1319 632 1354 vobis,
640 1325 666 1347 et
677 1318 776 1356 gratias
786 1328 864 1356 agere
875 1317 908 1346 de
920 1317 990 1356 prio-

1047 1311 1154 1350 χόμενοι
1169 1311 1235 1348 ὑπὲρ
1247 1313 1331 1348 ὑμῶν,
1346 1311 1391 1339 καὶ
1403 1313 1614 1350 εὐχαριστοῦντες
1628 1311 1672 1340 ἐπὶ
1683 1315 1736 1344 τοῖς
1749 1322 1813 1350 προ-

252 1367 338 1397 ribus.
366 1366 452 1395 Vides
463 1365 598 1403 quomodo
612 1364 668 1402 ipse
688 1363 862 1402 aggrediatur
870 1364 944 1401 loqui
959 1363 992 1392 de
1010 1373 1030 1394 Α
1047 1362 1139 1401 τέροις.
1163 1361 1245 1400 Ὁρᾷς
1259 1363 1315 1394 πῶς
1334 1362 1425 1391 ἑαυτὸν
1441 1363 1578 1400 ἐμὸιὸάζει
1593 1364 1628 1395 εἷς
1641 1363 1685 1392 τὸν
1695 1363 1812 1401 περὶτοῦ

253 1412 323 1441 Filio
334 1413 347 1440 Ξ)
361 1413 428 1440 Nam
442 1412 537 1440 sicum
547 1420 644 1449 magno
655 1409 753 1448 gaudio
765 1409 863 1448 gratias
874 1409 991 1447 agimus,

254 1468 349 1495 magna
370 1463 432 1485 sunt
456 1467 515 1494 quae
537 1455 674 1484 dicuntur.
696 1455 763 1482 Nam
790 1461 814 1482 et
837 1454 929 1492 gratiae
948 1454 992 1492 agi

255 1509 366 1541 possunt
376 1508 484 1541 propter
495 1501 583 1530 solum
598 1506 714 1533 meu1m;
730 1506 841 1538 possunt
855 1500 937 1528 etiam
948 1500 991 1537 agi

255 1549 348 1587 gratiae
364 1548 398 1576 ab
411 1558 441 1576 eo
461 1547 508 1585 qui
527 1554 565 1575 est
581 1546 607 1574 in
630 1555 741 1574 moerore
765 1557 771 1572 ε
789 1551 818 1572 ut
839 1551 919 1584 puta,
941 1545 992 1574 Job

256 1593 365 1632 quidem
379 1594 474 1632 agebat
489 1592 599 1631 gratias,
611 1591 658 1620 sed
671 1590 764 1619 dolore
779 1591 908 1619 affectus:
923 1590 994 1618 ideo-

256 1651 309 1678 que
319 1640 440 1675 dicebat,
462 1640 607 1667 Dominus
625 1638 702 1665 dedit
714 1659 722 1673 ,
733 1637 877 1665 Dominus
892 1638 992 1665 abstu-

258 1686 301 1714 lit.
318 1686 358 1714 Ne
370 1684 459 1722 dicas,
474 1694 525 1712 non
540 1683 631 1712 dolore
641 1692 700 1711 eum
710 1681 829 1710 affecisse
841 1692 870 1709 ea
883 1692 941 1719 quae
951 1682 994 1709 sa-

257 1738 297 1759 cta
309 1731 428 1765 fuerant,
443 1740 528 1768 neque
539 1739 599 1758 eum
614 1728 733 1767 injecisse
747 1727 774 1755 in
789 1727 871 1755 animi
886 1727 994 1765 aegritu-

256 1777 363 1813 dinem,
382 1786 414 1804 ne
422 1775 488 1814 justi
502 1784 630 1813 magnum
641 1774 745 1802 auferas
757 1772 915 1801 encomium.
926 1773 994 1801 Cum

256 1829 345 1850 autem
362 1821 419 1849 haec
430 1820 482 1848 sint
495 1818 653 1857 hujusmodi
665 1841 672 1854 ,
691 1828 743 1846 non
759 1824 868 1856 propter
878 1824 977 1845 metum
986 1839 994 1853 ,

257 1876 342 1904 neque
367 1871 478 1904 propter
504 1864 673 1892 dominatum
694 1869 797 1891 tantum
815 1884 823 1898 ‚
848 1861 893 1890 sed
915 1862 995 1890 etiam

257 1918 366 1950 propter
382 1911 467 1949 ipsam
486 1919 576 1938 rerum
595 1915 735 1944 naturam,
752 1908 871 1936 Gratias
884 1909 997 1946 agimus

258 1960 302 1990 ei,
317 1959 367 1995 qui
381 1957 483 1995 dig-nos
501 1965 553 1983 nos
561 1955 641 1994 fecit
655 1956 687 1981 in
697 1959 812 1992 partem
826 1955 912 1981 sortis
929 1963 997 1982 san·

258 2009 370 2030 ctorum
394 2004 425 2029 in
447 2001 565 2030 lumine.
587 2000 715 2037 Magnam
738 2008 795 2026 rem
809 1998 937 2035 loquutus
949 2005 996 2026 est.

259 2047 336 2075 Talia
351 2053 412 2075 sunt
426 2056 485 2084 quze
506 2045 568 2074 daia
583 2051 662 2080 sunt,
683 2043 786 2081 inquit,
803 2049 832 2071 ut
847 2053 899 2071 non
911 2043 999 2071 solum

259 2092 378 2129 dederit,
394 2091 440 2120 sed
460 2092 541 2120 etiam
555 2091 635 2118 fortes
650 2089 741 2117 fecerit
755 2088 790 2116 ad
804 2087 998 2127 accipiendum.

259 2138 340 2172 Quod
352 2144 442 2165 autem
455 2136 538 2171 dixit,
553 2135 593 2164 Ei
606 2137 655 2173 qui
668 2135 771 2173 dignos
784 2134 926 2173 nossecit‚
938 2144 999 2162 ma—

260 2194 342 2221 gnum
362 2183 468 2222 pondus
489 2181 613 2210 ostendit.
638 2180 678 2209 Ut
699 2179 720 2208 si
746 2179 880 2218 quispiam
901 2179 1000 2208 infimae

261 2228 420 2256 conditionis
435 2237 483 2255 rex
496 2227 582 2254 factus
595 2225 687 2260 fuerit,
704 2230 790 2264 potest
803 2224 846 2252 cui
862 2224 926 2252 velit
937 2224 1001 2253 dare

261 2275 462 2312 praefecturam3
476 2280 502 2302 et
515 2273 583 2302 hanc
595 2272 678 2300 solam
691 2271 714 2299 ei
731 2277 816 2310 potest
828 2270 893 2299 dare
906 2271 999 2309 digni-

262 2326 341 2348 tatem
353 2342 360 2354 ,
382 2319 428 2348 sed
451 2329 501 2347 non
522 2318 649 2346 idoneum
665 2315 776 2344 reddere
797 2315 832 2344 ad
851 2315 998 2354 gerendum

263 2364 449 2401 magistratum
471 2366 557 2402 (saepe
569 2362 648 2390 etiam
667 2361 746 2390 talem
757 2361 911 2400 quempiam
926 2361 996 2389 ridi-

1050 1412 1113 1440 rto&
1126 1411 1217 1450 λόγον;
1238 1413 1272 1440 Ei
1291 1412 1342 1450 γὰρ
1357 1413 1560 1451 εὐχαριστοῦμεν
1572 1412 1639 1450 μετὰ
1650 1418 1735 1452 χαρᾶς
1747 1415 1813 1442 πολ-

1046 1465 1094 1498 λῆς
1102 1485 1109 1498 ,
1121 1464 1223 1502 μεγάλα
1235 1463 1268 1493 τὰ
1280 1464 1417 1502 λεγόμενα.
1441 1464 1521 1493 Ἐστι
1531 1464 1582 1503 γὰρ
1593 1467 1756 1504 εὐχαριστεῖν
1770 1465 1813 1494 διὰ

1047 1515 1126 1554 φόὸον
1142 1514 1229 1552 μόνον,
1241 1515 1311 1544 ἔστιν
1324 1518 1488 1554 εὐχαριστεῖν
1499 1516 1544 1544 καὶ
1554 1518 1580 1545 ἐν
1592 1516 1663 1555 λύπῃ
1675 1516 1747 1553 ὄντα,
1759 1512 1812 1546 οἷον

1047 1569 1061 1596 ὃ
1081 1566 1144 1596 ’hbe
1158 1567 1313 1606 ηὐχαρίστει
1335 1567 1392 1604 μὲν,
1406 1567 1566 1605 ὀδυνώμενος
1583 1568 1609 1596 δέ
1620 1579 1626 1585 ·
1643 1568 1683 1597 διὸ
1696 1567 1741 1596 καὶ
1756 1567 1814 1597 ἔλε-

1048 1630 1091 1657 γεν
1103 1640 1110 1653 ,
1128 1617 1162 1646 Ὁ
1176 1617 1272 1656 Κύριος
1286 1617 1390 1651 ἔδωκεν,
1402 1619 1415 1645 ὃ
1437 1617 1533 1656 Κύριος
1550 1617 1679 1657 ἀφείλετο.
1698 1617 1746 1653 Μὴ
1763 1618 1819 1656 γάρ

1049 1681 1088 1702 τις
1107 1669 1215 1707 λεγέτω,
1235 1669 1276 1698 ὅτι
1290 1669 1335 1697 οὐκ
1352 1668 1442 1697 ἐλύπει
1458 1669 1534 1697 αὖτὸν
1550 1668 1583 1698 τὰ
1596 1668 1740 1707 γενόμενα,
1756 1669 1814 1698 οὐδὲ

1050 1719 1149 1758 ἀθυμία
1161 1719 1328 1758 περιέὲαλλε.
1351 1719 1427 1754 Μηδὲ
1439 1720 1469 1748 τὸ
1479 1719 1548 1757 μέγα
1559 1719 1689 1758 ἐγκώμιον
1701 1721 1816 1760 ἄφαιρεῦ

1050 1774 1104 1800 σθω
1115 1774 1160 1800 τοῦ
1172 1770 1282 1799 δικαίου.
1306 1770 1390 1800 ‘'va
1406 1770 1431 1799 δὲ
1446 1774 1555 1799 τοιαῦτα
1568 1767 1602 1810 ᾗ,
1616 1773 1644 1800 οὔ
1656 1771 1699 1801 διὰ
1714 1772 1758 1801 τὸν
1768 1772 1815 1811 φό-

1051 1822 1109 1858 ὅον,
1127 1822 1183 1850 οὐδὲ
1202 1822 1245 1850 διὰ
1267 1822 1418 1851 δεσποτείαν
1435 1822 1522 1860 μόνον,
1541 1822 1608 1851 ἀλλὰ
1622 1823 1667 1851 καὶ
1682 1824 1716 1851 δι’
1734 1823 1815 1859 αὖτὴν

1050 1874 1098 1908 τὴν
1109 1875 1160 1902 τῶν
1171 1873 1334 1912 πραγμάτων
1350 1873 1658 1913 φύσιν,Εὖχαριστοῧμεν
1672 1876 1710 1913 τῷ
1721 1874 1816 1903 ἱκανώ-

1053 1937 1127 1954 σαντι
1147 1927 1217 1962 ἡμᾶς
1232 1926 1267 1957 εἷς
1281 1924 1328 1959 τὴν
1345 1924 1438 1963 μερίδα
1457 1928 1502 1953 τοῦ
1515 1925 1612 1964 κλήρου
1628 1927 1680 1953 τῶν
1696 1925 1776 1964 ἇγίων
1791 1928 1817 1955 ε’ν

1052 1979 1090 2016 τῷ
1110 1976 1186 2015 φωτί.
1218 1976 1296 2015 Μέγα
1320 1976 1468 2015 ἐφθέγξατο.
1491 1976 1610 2006 Τοιαῧτά
1625 1978 1680 2006 ἐστι
1696 1977 1728 2005 τὰ
1748 1978 1818 2006 δεδο-

1056 2028 1120 2066 μένα
1132 2051 1140 2064 ,
1155 2028 1242 2067 φησὶν,
1253 2030 1288 2060 ὡς
1303 2027 1340 2066 μὴ
1354 2029 1441 2056 δοῦναι
1456 2028 1543 2065 μόνον,
1558 2027 1625 2056 ἀλλὰ
1641 2028 1686 2056 καὶ
1699 2028 1819 2067 ἰσχυροὺς

1053 2081 1163 2114 ποιῆσαι
1182 2078 1247 2117 πρὸς
1267 2078 1297 2107 τὸ
1314 2078 1414 2106 λαὸεῖν.
1437 2078 1486 2116 Τῷ
1500 2073 1543 2106 οῧν
1561 2079 1653 2114 εἰπεῖν,
1666 2078 1714 2117 Τῷ
1725 2078 1820 2107 ἱκανώ-

1055 2142 1130 2159 σαντι
1140 2153 1147 2166 ,
1168 2129 1234 2158 πολὺ
1252 2130 1282 2158 τὸ
1297 2130 1376 2169 βάρος
1390 2128 1494 2162 ἔδειξεν.
1518 2124 1582 2158 Οἶον
1600 2129 1645 2158 ἐάν
1660 2141 1700 2163 τις
1715 2129 1822 2165 εὐτελὴς

1055 2182 1100 2210 καὶ
1126 2181 1248 2220 βασιλεὺς
1271 2181 1399 2219 γένηται,
1426 2180 1533 2210 δυνατὸν
1557 2182 1628 2220 αὐτῷ
1653 2181 1823 2220 ἐπαρχότητα

1055 2239 1142 2266 δοῦναι
1158 2233 1180 2276 ᾧ
1196 2237 1335 2276 βούλεται·
1357 2237 1402 2265 καὶ
1419 2240 1540 2266 τοσοῦτον
1554 2237 1660 2266 δύναται
1672 2239 1682 2252 ⁸
1691 2237 1778 2276 μόνον,
1791 2237 1822 2266 τὸ

1055 2293 1159 2332 ἀξίωμα
1185 2294 1289 2329 δοῦναι,
1316 2294 1373 2322 ἀλλ’
1395 2293 1453 2332 οὐχὶ
1475 2293 1519 2321 καὶ
1544 2293 1691 2328 ἐπιτήδειον
1712 2295 1822 2328 ποιῆσαι

1058 2350 1122 2388 πρὸς
1131 2349 1179 2385 τὴν
1191 2350 1274 2389 ἀρχήν
1287 2349 1425 2385 (πολλάκις
1436 2349 1461 2377 δὲ
1472 2349 1516 2378 τὸν
1530 2351 1644 2378 τοιοῦτον
1655 2349 1700 2377 καὶ
1711 2347 1822 2387 καταγέ-

265 2409 355 2436 culum
368 2408 431 2436 sacit
443 2408 543 2441 honor)
557 2420 562 2434 τ
578 2408 598 2435 si
612 2413 701 2435 autem
715 2406 873 2445 dignitatem
884 2405 1001 2443 dederit,
1027 2413 1045 2437 c.
1061 2409 1156 2435 λαστον
1171 2407 1187 2440 ἠ
1199 2405 1263 2443 τιμὴ
1276 2408 1354 2441 ποιεῖ)
1367 2417 1371 2422 ’
1389 2404 1432 2433 ἐὰν
1454 2405 1542 2442 μέντοι
1559 2405 1644 2434 καὶτὸ
1658 2403 1761 2442 ἀξίωμα
1776 2404 1824 2442 δῷ,

297 2515 304 2525 -“
326 2507 363 2532 [Α.
380 2510 406 2534 ὠ,-
419 2512 493 2536 μῲω,
506 2514 555 2529 uon
569 2505 632 2529 maie
648 2506 654 2535 J
