1893 2860
87 1029 201 1049 Orandum

88 1060 179 1088 ubique.

89 1436 174 1457 ,Ὶ1,ιιι1ι.
191 1442 228 1458 21.

88 1498 162 1518 Mare.
191 1504 228 1520 ιι.

87 1533 126 1550 23.

88 1942 170 1964 ΜαΙΙΙι.
188 1951 210 1972 7.

88 1979 123 1994 ιι.

249 133 335 167 (ififfl
597 143 624 165 S.

654 144 792 166 JOANMS
819 145 997 167 CHRYSOST.

1029 145 1167 169 Ancum-:1¹
1175 162 1181 169 .
1210 149 1336 172 CONSTA
1343 150 1395 172 ΝἸῚ
1402 150 1462 172 ΝΟΡ
1470 164 1477 172 .

247 216 352 243 quoque
373 205 430 233 loeo
453 204 503 232 hoc
519 203 680 232 subindicat.
700 205 759 233 Non
782 205 865 243 igitur
880 205 907 234 in
929 205 986 233 loco
1007 207 1024 229 Ε
1043 206 1127 239 δοξίαν
1141 210 1223 246 <puy-715
1235 209 1408 248 παρίστησιν,
1423 211 1491 239 οὕτω
1505 209 1536 246 δὴ
1552 210 1595 239 καὶ
1611 212 1720 239 ἐνταῦθα
1731 212 1806 239 τοῦτο

246 252 372 289 quopiam
387 250 532 277 orationem
550 249 699 277 faciendam
711 261 766 278 csse
780 250 905 279 definivit
917 273 926 288 ,
940 251 986 279 sed

246 299 296 326 hoc
308 308 390 324 uuum
404 303 507 325 tantum
517 296 815 335 prmcephffugicndam
824 308 879 326 esse
889 308 986 327 vanam

245 342 369 380 gloriam.
391 342 491 370 Paulus
509 352 571 371 vero
592 342 650 370 haec
666 341 733 370 dicit
751 342 785 371 ad
807 343 985 372 differentiam

244 387 363 416 Jmlaicae
379 387 506 415 orationis
523 399 528 414 ε
547 387 609 416 vidc-
624 398 738 425 namque
755 388 821 426 quid
837 389 908 417 dicat
923 401 930 417 ε
948 391 985 417 In,

244 436 323 461 omni
334 434 397 462 loco
407 434 579 462 extollentes
591 440 709 462 sanctas
720 445 824 463 manus
831 447 841 468 ;
854 435 926 473 quod
939 437 985 465 Ju-

246 478 310 507 ‹lscis
325 488 377 506 non
392 478 496 507 licebat.
512 480 602 517 Neque
619 479 690 507 enim
705 486 825 518 poterant
845 479 879 508 ad
897 481 985 509 Deum

245 524 368 552 accedere
381 524 447 552 alibi
461 531 486 552 et
499 524 637 552 immolare
651 531 676 553 et
687 525 788 553 cultum
804 525 928 564 implerc;
938 526 985 554 scd

243 569 363 608 undique
378 581 411 598 ex
426 577 481 599 toto
495 570 558 599 orbe
579 578 781 607 concurrentes,
796 582 886 600 omnes
906 573 984 611 puri-

243 616 378 645 ficationes
387 616 414 644 in
425 616 523 655 templo
531 616 615 645 facere
623 617 771 655 oportebat.
785 618 833 646 His
841 617 983 647 adversam

243 661 451 690 admonitionem
461 662 578 699 inducit;
587 669 611 690 et
620 673 634 691 a
644 664 796 692 necessitate
806 664 850 691 illa
860 663 984 699 libemus,

243 708 303 736 Non
325 707 500 746 hujusmodi,
516 707 619 745 inquit,
634 715 722 736 nostra
736 715 797 736 sunt
808 731 814 743 ,
831 708 921 746 qualia
934 710 984 738 Ju-

243 753 332 782 daica.
347 753 424 782 Sicut
445 753 514 782 enin]
538 764 586 792 pro
610 754 735 782 omnibus
754 754 885 783 orationes
900 755 985 783 facere

1005 664 1021 687 F

1042 252 1194 281 αἰνίττεται.
1210 255 1250 282 Οὐ
1262 254 1348 283 τοίνυν
1363 258 1398 288 εἷς
1412 257 1455 285 τὸν
1469 257 1547 285 τόπον
1560 256 1701 295 περιώρισε
1713 256 1759 291 τὴν
1771 258 1811 285 εὐ-

1041 296 1101 335 χὴν,
1112 299 1169 325 ἀλλ’
1183 298 1210 326 ἓν
1224 298 1301 336 μόνον
1316 299 1423 333 ἐπέταξε
1435 301 1464 329 τὸ
1477 301 1636 334 ἀκενόδοξον.
1652 301 1685 329 ‘O
1697 301 1723 330 δὲ
1737 302 1809 330 Παῦ-

1040 344 1084 375 λος
1097 343 1180 371 ταῦτά
1195 355 1259 382 φησι
1269 344 1333 381 πρὸς
1342 346 1540 382 ἀντιδιαστολὴν
1552 349 1598 382 τῆς
1609 347 1755 381 Ἰουδαϊκῆς
1768 348 1807 375 εὐ-

1039 391 1098 427 χῆς·
1106 388 1155 428 ὅρα
1165 388 1216 427 γὰρ
1225 388 1250 417 τί
1264 400 1341 428 φησιν
1350 401 1356 406 ·
1366 389 1411 418 Ἐν
1421 391 1499 419 παντὶ
1507 392 1578 431 τόπῳ
1589 392 1743 431 ἐπαίροντας
1753 392 1807 420 ὁσί-

1041 445 1084 466 ους
1094 439 1193 474 χεῖρας·
1205 435 1268 473 ὅπερ
1280 439 1332 467 τοῖς
1345 434 1478 468 Ἰουδαίοις
1488 436 1560 474 Θέμις
1570 439 1615 466 οὐκ
1625 433 1665 472 ἧν.
1677 437 1746 466 Οὐδὲ
1756 437 1807 476 γὰρ

1040 479 1098 514 ἐξῆν
1113 482 1150 519 τῷ
1163 482 1224 519 Θεῷ
1239 480 1374 520 προσιέναι
1390 481 1506 520 ἀλλαχοῦ
1517 482 1561 510 καὶ
1573 482 1640 511 Ούειν
1648 483 1692 511 καὶ
1701 483 1747 516 τὰς
1758 484 1805 511 λα-

1039 526 1126 564 τρείας
1136 527 1274 562 ἐπιτελεῖν,
1288 527 1346 553 ἀλλ’
1359 528 1396 558 εἷς
1407 526 1453 554 ἕνα
1469 527 1547 555 τόπον
1564 527 1624 560 τοὺς
1641 528 1805 567 πανταχόθεν

1040 572 1069 599 ἐκ
1080 573 1127 606 τῆς
1138 571 1291 608 οἰκουμένης
1311 572 1500 611 συντρέχοντας
1513 571 1616 600 ἅπαντα
1634 573 1667 601 τὰ
1684 575 1730 608 τ’ἥς
1742 574 1804 612 ἁγι-

1040 616 1127 649 στείας
1141 619 1167 645 ἐν
1182 619 1219 655 τῷ
1236 618 1290 655 ναῷ
1305 618 1432 646 ἐπιτελεῖν
1448 617 1508 646 ἔδει.
1526 617 1633 646 Τούτων
1649 618 1803 657 ἀντίῤῥοπον

1039 662 1086 697 τὴν
1102 662 1256 701 παραίνεσιν
1272 663 1386 701 εἰσάγει,
1401 662 1446 691 καὶ
1461 664 1508 697 τῆς
1525 662 1639 702 ἀνάγκης
1652 664 1803 697 ἀπαλλάξας

1039 707 1155 743 ἐκείνης,
1177 710 1223 736 οὐκ
1237 708 1306 744 ἔστι,
1331 708 1409 746 φησὶ,
1423 712 1531 737 τοιαῦτα
1551 708 1584 737 τὰ
1603 708 1737 747 ἡμέτερα,
1761 705 1802 737 οἶα

1039 753 1072 781 τὰ
1085 753 1225 783 Ἰουδαϊκά.
1239 753 1345 793 ‘'ssot-:ep
1357 754 1407 792 γὰρ
1420 754 1485 793 ὑπὲρ
1497 754 1602 783 πάντων
1615 754 1661 787 τὰς
1672 755 1750 794 εὐχὰς
1761 767 1802 783 κε-

239 800 333 838 jubct;
350 810 412 828 nam
434 801 486 828 Pro
508 800 642 835 omnibus,
658 800 756 837 inquit,
776 800 898 829 Christus
913 812 982 829 mor-
993 812 1030 831 590
1039 799 1108 827 λεύει
1120 804 1210 828 ποιεῖν·
1225 800 1290 839 ὑπὲρ
1300 800 1405 828 πάντων
1416 800 1466 839 γὰρ
1479 800 1523 828 καὶ
1535 802 1548 829 ὁ
1558 800 1670 838 Χριστὸς
1681 800 1803 837 ἀπέθανε,

243 852 305 874 tuus
319 852 368 881 est,
383 852 418 881 et,
434 847 486 873 Pro
495 845 620 873 omnibus
634 845 689 874 liaec
703 845 819 884 praedico
836 858 842 873 :
857 846 895 874 sic
919 847 983 875 ubi-
1002 841 1022 862 Α
1039 845 1083 873 καὶ
1098 845 1164 884 ὑπὲρ
1181 846 1297 881 πάντων,
1322 846 1394 884 φησὶ,
1416 849 1499 874 ταῦτα
1517 846 1637 884 κηρύττω
1650 858 1656 864 ·
1677 846 1745 875 οὕτω
1758 846 1804 875 καὶ

243 901 294 928 que
318 891 418 919 bonum
443 897 481 918 est
508 901 600 927 orare;
623 891 773 919 observatio
797 898 886 920 autem
912 892 984 921 nulla

242 937 366 976 deinceps
380 936 414 965 de
427 937 485 965 loco
503 937 546 971 sit,
561 936 609 965 sed
625 936 659 965 dc
674 937 754 965 modo
769 937 906 966 orationis.
919 939 986 967 Ubi-

243 993 294 1020 que
315 992 371 1019 ora,
387 982 486 1020 inquit;
505 981 605 1019 ubique
623 989 727 1010 sanctas
751 993 845 1010 manus
867 983 983 1012 extolle:

242 1028 292 1056 hoc
307 1034 346 1056 est
360 1027 433 1065 quod
452 1027 590 1065 quaeritur.
608 1027 683 1063 Quid
697 1027 749 1055 sibi
764 1028 823 1056 vult
837 1028 960 1057 Sanctus
973 1032 984 1056 ‚³

241 1075 325 1102 Puras
338 1085 343 1100 :
357 1072 421 1111 quid
442 1079 480 1101 est
493 1095 501 1109 ‚
518 1083 599 1111 puras
609 1073 622 1100 ἶ)
636 1074 696 1101 Non
718 1083 787 1111 aqua
807 1073 922 1108 ablutas,
938 1074 985 1103 sed

241 1119 276 1147 ab
294 1119 406 1148 avaritia
418 1140 425 1155 ,
437 1118 572 1154 caedibus,
588 1118 690 1157 rapinis
701 1140 710 1155 ,
726 1118 814 1157 plagis
831 1119 980 1150 mundatas.

240 1165 307 1194 Sine
327 1167 372 1192 im
388 1171 415 1192 et
436 1165 653 1203 disceptatione.
669 1164 745 1199 Quid
766 1164 817 1193 hoc
843 1165 903 1193 est?
924 1165 985 1203 quis

241 1221 319 1239 orans
336 1210 481 1238 irascitur?
496 1210 553 1238 Hoc
567 1216 623 1248 est,
640 1210 697 1239 sine
717 1210 878 1249 injuriarum
899 1222 985 1240 recor-

242 1256 357 1285 datione.
377 1258 465 1285 Purus
492 1256 526 1285 sit
550 1256 650 1285 orantis
679 1256 803 1294 animus,
820 1258 893 1286 omni
918 1257 986 1287 vitio

241 1302 310 1330 liber
322 1314 328 1329 :
341 1312 417 1331 nemo
432 1301 587 1330 inimicitias
599 1301 701 1330 habens
711 1301 746 1330 ad
762 1303 849 1331 Deum
863 1302 984 1332 accedat:

241 1359 317 1377 nemo
338 1359 400 1377 cum
421 1348 559 1377 aversione
580 1355 606 1376 et
629 1347 829 1387 disceptatione.
849 1349 922 1384 Quid
948 1355 987 1377 est

243 1394 323 1430 illud,
340 1395 407 1423 Sine
423 1395 656 1433 disceptatione?
675 1393 832 1423 Audiamus,
849 1395 909 1423 Non
924 1405 986 1433 ergo

243 1438 423 1468 dubitandum
447 1445 503 1475 est,
526 1449 573 1467 nos
596 1438 755 1467 exauditum
771 1439 814 1467 iri.
836 1440 986 1477 Quoecum-

243 1493 298 1522 que
314 1483 396 1518 enirn,
408 1483 505 1520 inquit,
521 1483 667 1511 credentes
685 1485 843 1521 petieritis,
858 1486 985 1522 accipie-

243 1530 298 1561 ti5;
317 1534 342 1556 et
361 1537 480 1564 rursum,
503 1527 577 1555 Cum
596 1528 681 1555 statis
703 1527 744 1555 ad
766 1527 921 1563 orandum,
939 1528 985 1555 di-

242 1571 483 1609 nzittite‚siq1‹id
505 1571 619 1599 habetis
642 1577 744 1599 contra
766 1570 904 1608 aliquem.
929 1571 985 1599 Hoc

241 1623 289 1649 est,
303 1617 372 1645 SIne
386 1618 432 1644 ira
449 1622 476 1644 et
492 1617 710 1655 di5ceptatione.
725 1616 760 1644 Et
776 1615 922 1654 quomodo,
939 1616 983 1644 in-

239 1662 314 1700 quies
328 1685 335 1698 ,
358 1661 466 1690 credere
492 1668 584 1700 potero
610 1672 652 1689 me
677 1668 905 1699 consequuturum
929 1671 984 1690 esse

239 1708 312 1746 quod
335 1708 417 1747 peto?
437 1707 467 1736 Si
489 1707 559 1735 nihil
585 1707 748 1736 contrarium
768 1714 842 1746 petas
862 1707 906 1742 iis,
922 1718 982 1745 quaa

239 1755 296 1793 ipse
310 1754 375 1783 dare
392 1761 500 1793 paratus
514 1761 562 1789 est,
578 1753 599 1782 si
618 1754 686 1781 nihil
702 1753 844 1792 indignum
860 1755 943 1792 Rege,
960 1754 983 1782 si

238 1800 308 1828 nihil
319 1801 461 1837 stcculare,
476 1800 498 1828 si
511 1800 599 1828 omnia
615 1799 778 1839 spiritualia,
792 1799 814 1828 si
828 1800 929 1838 absque
943 1800 982 1828 ira

239 1845 358 1881 accedas,
375 1846 396 1874 si
411 1856 491 1885 puras
505 1852 531 1874 et
552 1852 655 1874 sanctas
675 1845 775 1874 habeas
797 1856 982 1874 manuszsan-

240 1899 287 1921 ctae
303 1899 392 1921 amem
406 1898 468 1921 sunt
481 1892 533 1920 illae
547 1902 605 1930 quae
620 1891 802 1930 eleemosynas
820 1898 937 1930 erogant.
951 1893 981 1921 Si

239 1938 277 1967 sic
290 1938 409 1975 accedas,
418 1937 476 1967 voti
487 1947 594 1976 compos
609 1937 669 1966 eris.
685 1938 754 1965 Nam
767 1937 798 1966 Si
806 1947 870 1975 vos,
881 1937 979 1975 inquit,

240 1995 307 2015 cum
329 1988 392 2015 sitis
412 1985 503 2020 mali,
522 1987 612 2014 nostis
629 1986 705 2013 bona
725 1985 797 2013 data
819 1985 890 2013 dare
903 1985 982 2024 filiis

239 2034 355 2068 vestris,
369 2037 480 2071 quanto
495 2033 588 2070 magis
603 2032 695 2059 Pater
707 2037 804 2059 vester
818 2032 868 2070 qui
882 2032 913 2058 in
928 2041 981 2059 cce-

240 2077 277 2106 lis
298 2083 350 2106 est.
368 2076 596 2116 Disceptationem
613 2075 658 2104 hic
675 2082 754 2104 vocat
773 2075 978 2104 dubitationem.

239 2124 370 2153 Similiter
377 2131 402 2152 et
411 2123 536 2152 mulieres
542 2123 614 2158 volo,
624 2123 720 2161 inquit,
729 2122 763 2151 ad
774 2124 861 2151 Deum
871 2123 982 2152 accede-

239 2179 267 2198 re
275 2169 331 2198 sine
342 2169 454 2206 ira‚sine
464 2168 666 2207 disceptatione,
677 2174 779 2197 sanctas
791 2178 886 2196 manus
896 2168 980 2196 hahe-

237 2226 274 2253 re,
285 2216 510 2255 concupiscentias
521 2226 582 2244 suas
593 2225 645 2244 non
657 2215 742 2253 sequi,
757 2225 808 2244 non
819 2226 920 2254 rapere,
929 2225 981 2244 non

238 2271 333 2289 avaras
347 2271 410 2290 esse.
424 2260 499 2296 Quid
517 2261 589 2289 enim
608 2260 688 2289 refert
708 2260 783 2288 illam
804 2270 855 2288 non
877 2271 979 2300 rapere,

239 2307 261 2334 si
283 2317 330 2346 per
351 2307 441 2335 virum
461 2317 539 2335 suum
561 2306 632 2335 illud
652 2306 773 2335 efficiat?
787 2308 808 2334 Α
824 2307 982 2335 mulieribus

240 2361 328 2382 autem
347 2354 452 2393 aliquid
473 2354 590 2394 amplius
613 2354 678 2393 petit
699 2353 808 2383 Paulus.
823 2354 896 2389 Quid
912 2354 982 2383 illud

241 2405 277 2426 cst
287 2399 300 2425 ἶ)
314 2400 387 2428 Cum
402 2400 580 2429 verecundia
589 2422 598 2434 ,
613 2398 701 2437 inquit
712 2422 720 2434 ‚
733 2405 761 2427 et
774 2400 916 2437 pudicitia
927 2422 935 2434 ,
951 2401 981 2427 in

274 2505 282 2514 Ν
301 2496 368 2530 [Lo-3.
383 2502 439 2523 ὅσιαι
452 2498 496 2530 δέ]

1005 1311 1023 1333 Β

1039 893 1176 930 πανταχοῦ
1197 892 1276 920 καλὸν
1291 891 1422 930 εὔχεσθαι·
1443 894 1458 926 ἡ
1475 891 1501 920 δὲ
1515 891 1699 930 παρατήρησις
1714 892 1804 920 λοιπὸν

1041 936 1076 973 μὴ
1092 936 1152 974 περὶ
1165 936 1244 965 τόπον
1260 937 1343 972 ἔστω,
1369 936 1436 965 ἀλλὰ
1450 937 1510 974 περὶ
1525 937 1569 964 τὸν
1592 937 1687 975 τρόπον
1701 938 1748 971 τῆς
1763 938 1805 965 εὖ<

1039 984 1097 1020 χῆς.
1115 983 1257 1021 Πανταχοῧ
1273 982 1320 1020 μὲν
1336 981 1423 1020 εὔχου,
1439 981 1512 1020 φησὶ,
1533 984 1668 1020 πανταχοῦ
1681 981 1709 1011 δὲ
1722 982 1806 1014 ὁσίους

1039 1032 1129 1066 χεῖρας
1149 1027 1254 1066 ἔπαιρε
1270 1028 1345 1056 τοῦτό
1362 1029 1418 1055 ἐστι
1431 1027 1461 1055 τὸ
1475 1027 1642 1065 ζητούμενον.
1659 1026 1765 1059 Ὁσίους
1780 1028 1807 1056 δὲ

1041 1073 1066 1100 τί
1080 1074 1153 1109 ἐστι;
1177 1073 1313 1112 Καθαράς·
1334 1073 1450 1112 καθαρὰς
1463 1072 1489 1101 δὲ
1499 1072 1525 1100 τί
1547 1074 1633 1108 ἐστιν;
1656 1074 1717 1112 Οὐχ
1733 1072 1808 1101 ὕδατι

1041 1119 1207 1156 νιπτομένας,
1223 1119 1290 1147 ἀλλὰ
1304 1118 1463 1153 πλεονεξίας,
1477 1118 1574 1156 φόνων,
1587 1119 1719 1158 ἁρπαγῆς,
1737 1119 1808 1153 πλη-

1041 1166 1093 1203 γῶν
1114 1164 1239 1204 καθαράς.
1254 1164 1342 1203 Χωρὶς
1361 1165 1440 1203 ὂργῆς
1455 1164 1498 1192 καὶ
1521 1164 1701 1203 διαλογισμοῦ.
1723 1163 1758 1193 Τί
1776 1163 1807 1199 δὴ

1041 1210 1117 1239 τοῦτό
1128 1211 1198 1246 ἐστι,
1212 1209 1251 1242 τίς
1264 1209 1290 1238 δὲ
1302 1209 1439 1249 εὐχόμενος
1452 1209 1595 1248 ὂργίζεται;
1606 1208 1744 1245 Τουτέστι,
1755 1221 1810 1248 χω-

1043 1256 1081 1294 ρἰς
1095 1256 1279 1294 μνησικακίας.
1297 1255 1408 1294 Καθαρὰ
1427 1255 1494 1284 ἔστω
1506 1259 1550 1285 τοῦ
1562 1254 1703 1294 εὐχομένου
1719 1257 1736 1290 ἧ
1748 1256 1808 1284 διά-

1042 1314 1108 1337 νοια,
1132 1302 1229 1334 παντὸς
1256 1301 1353 1334 πάθους
1380 1301 1572 1340 ἁπηλλαγμένη
1583 1313 1589 1319 ·
1625 1301 1716 1340 μηδεὶς
1741 1301 1809 1339 μετὰ

1041 1347 1136 1387 ἔχθρας
1154 1347 1273 1386 προσίτω
1293 1349 1330 1386 τῷ
1347 1348 1425 1385 Θεῷ·
1452 1347 1543 1385 μηδεὶς
1566 1347 1633 1385 μετὰ
1649 1347 1741 1382 ἀηδίας
1765 1348 1810 1376 καὶ

1043 1394 1221 1432 διαλογισμοῦ.
1237 1393 1274 1422 Τί
1285 1394 1351 1427 ἐστι,
1369 1392 1458 1431 Χωρὶς
1473 1393 1657 1431 διαλογισμοῧ;
1671 1392 1810 1422 Ἐπακού-

1042 1450 1140 1476 σωμεν.
1166 1438 1231 1477 Ἄρα
1252 1440 1281 1467 οὐ
1297 1439 1334 1466 δεῖ
1353 1438 1419 1470 ὅλως
1439 1438 1615 1476 ἀμφιὸάλλειν
1639 1437 1680 1467 ὅτι
1693 1439 1809 1467 ἐπακου-

1042 1484 1201 1521 σΘηο-όμεθα.
1215 1483 1289 1513 “Οσα
1301 1483 1352 1523 γὰρ
1370 1484 1399 1512 ἂν
1413 1484 1553 1519 αἰτήσητε,
1571 1484 1650 1523 φησὶ,
1671 1483 1811 1513 πιστεύον-

1042 1543 1097 1565 τες,
1109 1530 1237 1570 λήψεσθε’
1253 1530 1298 1559 καὶ
1315 1530 1408 1565 πάλιν,
1424 1530 1512 1559 “Oa-ow
1533 1530 1649 1566 στήκητε
1662 1530 1810 1570 προσευχό-

1043 1588 1131 1615 μενοι,
1152 1577 1258 1616 ἀφίετε,
1278 1575 1342 1604 εἴτι
1361 1576 1434 1615 ἔχετε
1449 1576 1516 1604 κατά
1530 1587 1607 1608 τινος.
1629 1575 1716 1604 Τοῦτό
1736 1577 1808 1610 ἐστι,

1040 1623 1128 1661 Χωρὶς
1140 1624 1218 1662 ὀργῆς
1232 1621 1276 1650 καὶ
1292 1622 1472 1660 διαλογισμοῦ.
1491 1621 1544 1650 Καὶ
1556 1623 1626 1657 πῶς,
1641 1621 1718 1660 φησὶ,
1733 1621 1809 1656 δυνή-

1039 1679 1119 1705 σομαι
1136 1667 1283 1703 πιστεύειν,
1297 1666 1337 1695 ὅτι
1357 1666 1524 1704 ἕπιτεύξομαι
1538 1669 1585 1702 τῆς
1599 1666 1742 1702 αἰτήσεως,
1758 1663 1804 1695 Ἂν

1039 1714 1120 1752 μηδὲν
1131 1713 1244 1743 ἐναντίον
1257 1715 1346 1752 αἰτῇς,
1359 1708 1395 1741 ὧν
1406 1712 1494 1741 δοῦναί
1506 1714 1576 1741 ἐστιν
1588 1712 1699 1750 ἕτοιμος·
1711 1712 1742 1740 ἂν
1755 1723 1804 1750 μη-

1038 1759 1079 1788 δὲν
1103 1758 1204 1792 ἀνάξιον
1225 1762 1270 1788 τοῦ
1293 1758 1436 1796 βασιλέως,
1461 1757 1490 1786 ἂν
1513 1757 1593 1796 μηδὲν
1614 1757 1752 1796 βιωτικὸν,
1773 1757 1803 1785 ἂν

1037 1804 1124 1833 πάντα
1139 1804 1319 1842 πνευματικὰ,
1335 1803 1364 1831 ἂν
1376 1803 1457 1842 χωρὶς
1468 1804 1547 1842 ὀργῆς
1560 1803 1672 1842 προσίῃς
1682 1826 1690 1839 ,
1710 1803 1740 1831 ἂν
1756 1814 1804 1831 κα-

1038 1850 1117 1889 Οαρὰς
1138 1850 1206 1889 ἔχων
1231 1849 1276 1882 τὰς
1296 1854 1404 1888 χεῖρας,
1440 1849 1470 1877 ἂν
1494 1848 1584 1881 ὁσίας·
1611 1852 1622 1865 a
1648 1848 1717 1877 ὅσιαί
1739 1850 1803 1877 εἰσιν

1038 1897 1065 1924 αἱ
1095 1895 1271 1933 ἐλεημοσύνας
1295 1894 1474 1933 ἐργαζόμεναι.
1505 1894 1551 1922 Ἂν
1582 1894 1648 1923 οὕτω
1675 1893 1803 1932 προσίῃς,

1037 1941 1142 1973 πάντως
1153 1940 1272 1978 ἐπιτεύξῃ
1284 1942 1330 1974 τῆς
1343 1939 1479 1974 αἰτήσεως.
1499 1940 1533 1968 Ei
1553 1939 1604 1978 γὰρ
1623 1941 1710 1977 ὑμεῖς,
1726 1939 1803 1978 φησι,

1039 1987 1147 2025 πονηροὶ
1168 1986 1239 2018 ὄντες
1256 1985 1342 2014 οἴδατε
1355 1985 1458 2022 δόματα
1471 1984 1557 2023 ἀγαθὰ
1577 1985 1675 2015 διδόναι
1693 1989 1746 2018 τοῖς
1757 1984 1803 2013 τέ-

1038 2044 1108 2065 κνοις
1119 2034 1205 2070 ὑμῶν,
1226 2031 1300 2070 πόσῳ
1323 2031 1422 2069 μᾶλλον
1443 2033 1456 2059 ὁ
1468 2031 1564 2070 Πατὴρ
1582 2032 1656 2068 ὑμῶν
1674 2032 1688 2059 ὁ
1705 2032 1731 2060 ἐν
1750 2035 1804 2063 τοῖς

1037 2079 1171 2117 οὖρανοῖς;
1191 2077 1367 2115 Διαλογισμὸν
1380 2076 1427 2111 τὴν
1443 2075 1602 2115 ἅμφιὸολίαν
1614 2076 1693 2115 λέγει.
1705 2075 1803 2106 Ὡσαύ-

1037 2136 1088 2157 τως
1107 2123 1210 2155 καὶτὰς
1221 2127 1345 2162 γυναῖκας
1368 2122 1503 2160 βούλομαι,
1517 2122 1592 2161 φησὶ,
1614 2124 1676 2162 Θεῷ
1694 2121 1804 2162 προσιέ-

1037 2182 1079 2199 ναι
1093 2170 1176 2210 χωρὶς
1197 2170 1291 2208 ὀργῆς,
1311 2168 1392 2207 χωρὶς
1411 2168 1590 2206 διαλογισμοῦ,
1610 2167 1696 2200 ὁσίους
1713 2172 1803 2207 χεῖρας

1037 2216 1106 2255 ἔχειν
1119 2238 1125 2249 ,
1140 2215 1177 2253 μὴ
1195 2219 1252 2247 ταῖς
1263 2213 1412 2252 ἐπιθυμίαις
1423 2214 1599 2246 ἐξακολουθεῖν
1618 2218 1676 2246 ταῖς
1688 2215 1803 2249 ἑαυτῶν,

1038 2261 1074 2300 μὴ
1094 2261 1230 2300 ἁρπάζειν,
1243 2259 1278 2298 μὴ
1299 2260 1473 2288 πλεονεκτεῖν.
1497 2259 1533 2287 Τί
1549 2258 1611 2298 γὰρ,
1624 2258 1672 2287 κᾶν
1688 2258 1753 2294 αὕτη
1766 2258 1802 2296 μὴ

1037 2307 1143 2347 ἁρπάζῃ
1156 2329 1163 2342 ,
1184 2305 1264 2334 διὰδὲ
1283 2307 1328 2333 τοῦ
1339 2304 1432 2343 ἀνδρὸς
1450 2307 1527 2333 τοῦτο
1546 2304 1705 2343 ἐργάζηται,
1724 2304 1804 2343 Παρὰ

1038 2352 1064 2381 δὲ
1077 2354 1128 2381 τῶν
1139 2353 1269 2390 γυναικῶν
1281 2350 1326 2379 καὶ
1343 2350 1422 2379 πλέον
1440 2362 1466 2378 τι
1487 2350 1554 2378 αἰτεῖ
1570 2351 1584 2378 ὃ
1599 2350 1711 2382 Παῦλος.
1723 2350 1803 2379 Ποῖον

1038 2398 1068 2432 δὴ
1086 2401 1178 2432 τοῦ-τω
1197 2396 1237 2426 Τὸ
1251 2395 1316 2434 μετὰ
1336 2396 1420 2428 αἰδοῦς
1441 2395 1485 2424 καὶ
1501 2394 1666 2434 σωφροσύνης
1677 2418 1684 2432 ,
1707 2394 1785 2434 φησὶν
1797 2411 1805 2425 2
