1893 2860
233 166 302 214 746
555 175 584 197 S.

233 240 342 273 diendi,
359 237 470 266 audiat.
485 237 561 274 Saepc
576 245 606 263 ea
621 234 654 263 de
669 244 699 264 re
712 233 865 272 loquimur,
881 233 973 261 nolen-

233 291 271 313 tes
294 282 403 321 quidem
426 291 494 320 saepe
512 280 617 316 dicere,
644 279 692 308 sed
719 279 812 308 coacti.
834 278 974 308 vellemus

234 330 303 357 enim
320 338 351 355 ne
369 327 476 355 initium
491 325 601 364 quidem
618 325 716 354 horum
734 326 868 364 proserre3
894 324 937 352 vel
951 323 974 352 si

234 373 292 401 fieri
307 383 358 401 non
373 379 459 411 posset
470 394 478 407 ,
501 371 594 400 saltem
611 382 694 411 parva
708 370 830 399 adhibita
841 369 974 398 medicina

233 430 280 449 vos
293 419 329 447 ad
344 419 482 447 sanitatem
494 417 620 447 reducere
626 429 634 455 ;
644 417 689 446 sed
705 428 768 446 cum
781 428 828 446 vos
839 417 866 445 in
881 417 975 445 morbo

232 465 422 504 perseveretis,
436 465 517 493 soluti
531 471 556 493 et
570 464 710 493 illiberalis
725 463 808 493 animi
824 470 908 501 esset,
922 464 972 492 ab·

233 514 324 542 sistere
341 523 355 541 a
370 512 467 541 medici
482 512 583 550 officio⁷
602 512 656 541 imo
668 511 698 540 id
712 511 864 540 immanitas
877 517 902 539 et
913 522 973 540 cru-

232 558 328 587 delitas
342 565 417 588 esset.
434 558 463 588 Si
478 558 549 587 enim
564 557 682 587 medicos
694 568 756 586 cum
769 557 802 586 de
817 557 974 596 corporibus

233 604 311 642 aegris
325 603 481 643 desperant,
501 614 627 643 rogamus
641 603 774 639 dicentes,
797 604 821 632 N
824 614 853 640 e,
867 613 914 632 oro
929 610 971 640 te,

231 650 351 689 negligas
361 673 368 686 ,
389 650 436 679 sed
456 661 538 689 usque
549 649 584 679 ad
599 656 749 679 extremum
765 650 877 678 halitum
889 673 896 685 ‚
913 660 972 688 quae

232 700 278 722 tua
293 701 354 722 sunt
366 694 486 734 proferre
499 705 533 723 ne
546 694 658 723 desistas
669 706 676 722 :
692 704 779 723 annon
791 693 876 722 multo
887 695 972 732 magis

232 749 280 768 nos
301 739 372 779 ipsos
393 739 610 768 concitabimus?
630 739 760 768 Fortassis
775 739 846 768 enim
860 750 921 768 cum
936 740 971 769 ad

232 785 304 824 ipsas
314 785 392 814 inseri
407 792 497 824 portas
512 785 630 823 venerit,
645 792 670 814 et
683 785 717 813 ad
729 785 851 823 nequitiae
867 785 970 821 limina,

232 830 387 870 resipiscere
408 830 519 870 poterit,
537 830 663 867 recreari,
679 831 874 868 convalescere,
887 838 912 859 et
926 831 970 860 vi-

231 883 288 905 tam
303 883 428 905 aetcrnam
442 886 587 914 capessere.
609 878 682 911 Quot
704 876 790 913 enim,
807 887 869 904 cum
885 876 971 906 decies

232 920 367 949 audissent
378 944 384 955 ,
408 930 454 948 nee
472 920 539 958 quid
560 930 636 948 sensu
652 920 848 959 percepissent,
862 919 971 949 demum

231 974 266 992 ex
278 975 329 992 una
343 963 467 992 concione
480 964 598 992 conversi
613 963 696 992 sunt?
708 964 765 992 Imo
780 974 832 992 non
847 963 881 992 ab
895 975 946 993 una
963 976 969 993 x

231 1008 292 1036 licet
304 1008 375 1036 enim
390 1008 416 1036 in
427 1007 519 1036 decem
530 1008 586 1036 illis
598 1007 672 1036 nullo
685 1017 764 1035 sensu
779 1006 968 1042 afficerentur,

231 1060 319 1082 tamen
332 1054 429 1082 lucrati
440 1060 502 1082 sunt
509 1076 518 1091 ,
530 1063 559 1081 ac
571 1052 681 1081 demum
694 1052 813 1081 fructum
824 1060 910 1082 totum
924 1053 970 1082 de-

231 1106 394 1138 cerpserunt.
417 1099 492 1127 Sicut
513 1098 585 1127 enim
598 1098 678 1126 arbor
688 1120 695 1134 ‚
708 1097 800 1126 decem
814 1098 912 1128 ictibus
926 1110 972 1128 ac-

231 1145 316 1184 ceptis
337 1155 384 1173 nec
402 1145 490 1184 lapsa,
503 1144 611 1173 demum
626 1155 678 1172 uno
691 1144 807 1183 impacto
821 1144 970 1182 decutitur,

231 1201 285 1219 non
302 1201 354 1218 uno
369 1191 424 1219 ictu
435 1190 552 1230 dejecta,
564 1189 611 1219 sed
626 1190 751 1229 postremi
765 1198 868 1230 gestum
880 1190 972 1220 decem

231 1236 291 1265 aliis
302 1247 407 1275 quoque
419 1236 582 1265 adscribitur
595 1249 600 1264 ε
613 1243 637 1265 et
653 1236 699 1274 qui
711 1236 747 1265 ad
761 1237 876 1266 radicem
889 1238 972 1277 respi-

230 1282 266 1310 cit
278 1282 307 1311 id
318 1283 407 1317 novit,
422 1283 468 1321 qui
482 1289 569 1311 autem
581 1293 694 1322 superne
704 1290 729 1311 et
739 1293 773 1311 ex
786 1289 879 1312 trunco
891 1283 920 1311 id
932 1284 972 1312 vi-

233 1321 293 1358 det,
308 1322 378 1350 nihil
391 1322 478 1351 simile
492 1329 578 1361 potest
592 1323 744 1362 conspicere
761 1334 766 1350 :
781 1323 817 1351 ita
832 1323 922 1352 ethic.
937 1323 972 1352 Et

231 1378 301 1407 serpe
316 1379 378 1397 cum
391 1368 489 1397 medici
501 1369 651 1408 complures
662 1369 779 1408 plurima
793 1369 906 1397 attulere
917 1380 972 1398 me-

229 1412 395 1451 dimmcnta‚
416 1413 485 1442 nihil
506 1414 690 1452 profecerunt,
715 1414 877 1453 demumque
896 1425 970 1443 acce-

229 1458 296 1488 dens
310 1459 398 1495 alius,
424 1466 512 1488 totum
532 1460 639 1489 curavit
655 1472 660 1487 :
675 1471 761 1498 neque
783 1467 871 1489 tamen
895 1461 970 1489 illius

229 1513 268 1534 est
281 1512 365 1534 totum
378 1517 458 1545 opus,
474 1507 520 1536 sed
533 1508 612 1535 etiam
623 1518 715 1536 eorum
728 1507 774 1545 qui
787 1507 862 1546 prius
873 1509 968 1537 morbo

230 1562 321 1580 curam
336 1552 522 1582 adhibuerant.
535 1554 627 1591 Itaque
640 1554 744 1582 etiamsi
761 1564 812 1582 non
825 1565 896 1582 nunc
911 1565 971 1593 per—

229 1605 312 1637 ceptae
341 1598 469 1627 doctrinae
495 1599 612 1627 fructum
637 1599 829 1636 exhibeamus,
860 1599 971 1628 demum

231 1643 394 1682 proferemus
407 1655 413 1670 :
426 1643 497 1681 quod
507 1644 577 1672 enim
589 1651 679 1683 postea
692 1645 856 1683 proferemus
869 1652 971 1674 certum

230 1689 326 1717 habeo.
342 1690 401 1718 Non
416 1697 502 1728 potest
519 1690 591 1718 enim
605 1697 709 1718 tantum
725 1690 851 1719 audiendi
866 1691 970 1720 deside-

231 1736 321 1773 rium,
337 1744 362 1765 et
378 1744 481 1765 tantum
500 1737 621 1765 studium
638 1738 736 1766 frustra
752 1738 859 1775 asserri;
875 1739 946 1768 absit
961 1751 968 1766 :

231 1781 277 1810 sed
291 1782 393 1810 utinam
407 1792 514 1819 omnes,
532 1782 577 1820 qui
591 1782 692 1811 Christi
706 1783 805 1812 monita
819 1783 911 1812 audire
927 1784 969 1813 di-

231 1826 276 1866 gni
288 1827 375 1856 habiti
387 1838 497 1866 sumus,
511 1834 608 1856 :eterna
621 1828 690 1857 bona
704 1838 905 1868 consequamur.

488 2045 646 2074 HOMILIA
663 2046 714 2075 Vl.

233 2137 301 2167 cip,
317 2137 350 2164 II.
360 2147 387 2165 v.
400 2138 448 2166 20.
459 2139 495 2165 In
505 2148 613 2177 magna
625 2144 721 2166 autem
733 2139 818 2166 domo
829 2149 887 2166 non
902 2145 969 2167 sunl

273 2190 387 2212 tantum
403 2195 478 2213 vasa
495 2195 585 2212 aurea
603 2191 630 2213 et
648 2191 796 2224 argentea,
821 2186 970 2213 sedetiam

273 2230 370 2268 lignea
385 2237 411 2258 et
423 2231 551 2269 fictilia;
561 2237 588 2258 et
600 2231 732 2268 quoedam
746 2231 863 2270 quidem
874 2233 905 2259 in
919 2232 966 2259 1ιο-

275 2282 382 2312 norem,
391 2277 525 2315 {sacellam
536 2286 606 2304 vero
616 2278 646 2304 in
654 2278 870 2305 contumeliam.
880 2278 913 2305 91
924 2299 929 2305 .
940 2277 971 2306 Si

274 2323 337 2358 quis
349 2332 414 2359 ergo
429 2322 630 2350 emundaverit
643 2324 769 2361 seipsum
783 2324 820 2351 ab
832 2324 904 2357 istis,
918 2325 972 2351 erit

273 2377 328 2394 vas
344 2369 375 2394 in
390 2368 527 2396 honorem
543 2368 771 2406 sanctificatum,
784 2375 812 2397 et
826 2369 897 2398 utile
911 2369 971 2397 Do-

275 2413 362 2447 mino,
376 2413 407 2440 in
419 2423 502 2441 omne
517 2424 587 2452 opus
601 2415 706 2442 honum
723 2421 870 2453 paralum.

275 2503 304 2529 ’1.
329 2501 461 2531 Plurimos
475 2504 615 2533 hominum
632 2505 711 2534 etiam
734 2516 804 2535 nunc
819 2506 848 2535 id
866 2506 970 2544 turbat,

235 2557 283 2574 cur
304 2547 367 2575 mali
385 2556 573 2587 permaneant,
589 2557 613 2578 et
629 2560 679 2579 non
690 2558 808 2589 pereant.
822 2552 909 2591 Hujus
924 2563 970 2581 au-

992 2377 1008 2398 F

624 172 763 197 JOANNIS
789 171 971 195 CIIRYSOST-
1001 170 1156 195 ARCHIEP.
1185 171 1453 196 CONSTANTlNOP.

1027 232 1208 271 Ἐίῗουλόμεθα
1224 233 1270 270 μὲν
1288 233 1338 273 γὰρ
1354 234 1420 272 μηδὲ
1436 234 1484 269 τὴν
1499 233 1584 273 ἀρχὴν
1597 235 1660 271 ἡμῖν
1677 233 1795 270 ἀνάγκην

1028 277 1145 316 γίνεσθαι
1160 279 1211 306 τῶν
1224 278 1348 307 τοιούτων
1362 279 1460 317 λόγων·
1479 280 1501 308 εἰ
1517 280 1543 307 δὲ
1559 279 1610 317 μὴ,
1624 279 1672 307 κᾶν
1688 279 1714 312 ἐξ
1735 280 1795 308 ὀλί-

1027 335 1075 361 γης
1097 323 1212 363 ἰατρείας
1231 324 1430 361 ἀπαλλαγέντας
1447 329 1492 354 τοῦ
1511 326 1671 363 νοσήματος,
1684 325 1727 354 ἐπὶ
1747 325 1795 360 τὴν

1027 368 1125 407 ὑγίειαν
1145 371 1214 406 ὑμᾶς
1229 370 1418 407 ἐπαναγαγεῖν·
1436 370 1565 407 μενόντων
1582 371 1607 399 δὲ
1624 372 1696 409 ὑμῶν
1713 372 1739 399 ἐν
1761 372 1794 409 τῇ

1027 415 1178 454 ἀρρωστίᾳ,
1190 415 1298 444 ἐκλύτου
1313 415 1359 443 καὶ
1376 415 1508 453 βαναύσου
1529 417 1614 455 ψυχῆς
1631 418 1661 445 ἂν
1676 417 1715 452 εἴη
1732 420 1796 445 &rto-

1027 463 1122 496 στῆναι
1135 463 1181 495 τῆς
1196 461 1330 499 μεθοδείας
1343 462 1390 496 τῆς
1406 463 1540 500 ἰατρικῆς,
1554 463 1598 491 καὶ
1613 463 1740 498 ἀπηνείας
1751 462 1797 491 καὶ

1027 507 1173 545 ὠμότητος.
1196 508 1230 536 Εἰ
1244 506 1295 546 γὰρ
1309 506 1367 538 τοὺς
1388 506 1422 535 τὰ
1437 506 1550 544 σώματα
1567 509 1797 546 ἀπαγορεύσαντας

1026 552 1129 591 ἰατροὺς
1143 554 1358 592 παρακαλοῦμεν,
1371 552 1505 591 λέγοντες,
1520 552 1556 590 μὴ
1572 553 1723 592 ἀμελήσῃς,
1735 555 1794 583 ἀλλ’

1025 598 1091 631 ὅλως
1119 597 1213 637 μέχρις
1233 598 1349 637 ἐσχάτης
1375 600 1507 633 ἀναπνοῆς
1529 597 1562 626 τὰ
1585 599 1659 638 παρὰ
1687 602 1796 628 σεαυτοῦ

1025 643 1179 682 προσφέρων
1192 643 1229 681 μὴ
1251 643 1364 682 ἀνήσῃς·
1375 645 1403 673 οὐ
1421 644 1512 682 πολλῷ
1527 645 1626 682 μᾶλλον
1642 647 1719 682 ἡμεῖς
1737 646 1798 673 ἑαυ-

1024 688 1083 722 τοὺς
1091 688 1382 727 παραινέσομεν;Ἴσως
1392 689 1442 728 γὰρ
1458 690 1525 727 μετὰ
1535 690 1565 718 τὸ
1577 691 1658 718 ἐλθεῖν
1670 691 1704 722 εἷς
1717 689 1798 722 αὐτὰς

1025 738 1070 763 τοῦ
1089 735 1151 773 ᾅδου
1171 734 1219 768 τὰς
1238 734 1394 771 πύλας,καὶ
1411 736 1458 769 τῆς
1474 735 1568 768 κακίας
1585 735 1667 770 αὐτῆς
1684 734 1718 764 τὰ
1732 735 1798 774 πρό-

1026 783 1102 819 θυρα,
1116 781 1248 819 ἀνανῆψαι
1263 780 1401 816 δυνήσεται
1416 780 1460 809 καὶ
1475 781 1672 816 ἀνακτήσασθαι
1686 781 1732 810 καὶ
1747 783 1799 820 ῥω-

1026 828 1134 863 σθῆναι,
1148 827 1194 855 καὶ
1217 826 1389 856 ἐπιλαὸέσθαι
1415 829 1462 862 τῆς
1487 828 1592 856 αἰωνίου
1611 829 1688 862 ζωῆς.
1711 828 1797 856 Πόσοι

1026 873 1078 902 ἀπὸ
1102 873 1147 911 μὲν
1171 873 1283 909 δεκάτης
1303 873 1454 912 ἀκροάσεως
1474 873 1531 903 οὐδὲ
1554 874 1672 909 αἴσθησιν
1691 873 1796 910 ἔλαὸον,

1025 918 1131 956 ὕστερον
1153 918 1179 947 δὲ
1196 919 1248 947 ἀπὸ
1274 923 1335 956 μιᾶς
1359 919 1440 956 μόνης
1462 920 1681 959 ἐπεστράφησαν;
1695 921 1794 957 μᾶλλον

1026 964 1052 992 δὲ
1067 966 1113 993 οὐκ
1127 964 1178 992 ἀπὸ
1193 969 1267 1002 μιᾶς
1281 966 1303 993 εἷ
1315 964 1365 1003 γὰρ
1379 965 1424 993 καὶ
1437 966 1600 1000 ἀναισθήτως
1614 961 1684 1004 εἶχον
1698 967 1723 993 ἐν
1738 970 1796 998 ταῖς

1025 1009 1104 1045 δέκα,
1117 1010 1176 1039 ἀλλ’
1187 1010 1259 1048 ὅμως
1281 1010 1433 1048 ἐκέρδαναν,
1444 1011 1488 1039 καὶ
1506 1011 1613 1050 ὕστερον
1632 1011 1676 1040 τὸν
1693 1010 1794 1050 καρπὸν

1024 1056 1116 1094 ἀθρόον
1141 1055 1252 1089 ἔδειξαν.
1278 1056 1381 1095 εὨσπερ
1402 1057 1453 1096 γὰρ
1480 1056 1524 1086 ἐπὶ
1544 1057 1662 1096 δένδρου,
1679 1056 1708 1085 τὸ
1731 1056 1795 1085 δέκα

1025 1101 1104 1130 λαὸὸν
1116 1101 1213 1140 τομὰς,
1224 1101 1269 1130 καὶ
1285 1102 1321 1140 μὴ
1337 1102 1485 1131 καταπεσὸν
1497 1102 1548 1131 ὑπὸ
1563 1105 1614 1131 τῶν
1629 1102 1708 1138 δέκα,
1720 1101 1795 1131 ὕστε-

1026 1157 1068 1185 ρον
1091 1147 1118 1176 δὲ
1145 1152 1206 1185 μιᾶς
1232 1147 1391 1186 ἐπαχθείσης
1423 1153 1475 1176 πᾶν
1510 1148 1659 1188 κατηνέχθη
1669 1159 1674 1165 ·
1696 1148 1725 1177 οὔ
1747 1149 1796 1182 τῆς

1026 1197 1087 1231 μιᾶς
1108 1192 1135 1222 δὲ
1154 1193 1244 1232 γέγονε
1264 1195 1363 1231 τομῆς,
1378 1193 1447 1222 ἀλλὰ
1464 1196 1516 1222 τῶν
1538 1194 1602 1223 δέκα
1623 1194 1680 1222 ἐστὶ
1700 1193 1730 1222 τὸ
1748 1196 1795 1229 τῆς

1025 1238 1136 1277 ὑστέρας
1150 1238 1323 1278 κατόρθωμα·
1341 1240 1385 1268 καὶ
1400 1242 1413 1268 ὃ
1428 1239 1475 1277 μὲν
1489 1239 1554 1279 πρὸς
1568 1239 1616 1275 τὴν
1639 1239 1710 1279 ῥίζαν
1733 1239 1794 1268 ἰδὼν

1027 1279 1079 1312 οἶδε
1091 1287 1166 1313 τοῦτο
1175 1307 1182 1320 ,
1196 1286 1209 1313 ὁ
1224 1285 1251 1314 δὲ
1264 1285 1360 1314 ἄνωθεν
1376 1286 1428 1314 ἀπὸ
1439 1288 1483 1314 τοῧ
1499 1286 1639 1325 στελέχους
1653 1297 1795 1324 καταμαν-

1027 1330 1110 1358 θάνων
1126 1330 1198 1359 οὐδὲν
1217 1334 1318 1360 τοιοῦτο
1340 1331 1449 1360 δύναται
1468 1333 1594 1361 συνιδεῖν·
1608 1332 1675 1360 οὕτω
1696 1331 1727 1367 δὴ
1749 1331 1793 1360 καὶ

1025 1377 1146 1405 ἐνταῦθα.
1160 1377 1212 1405 Καὶ
1233 1378 1329 1415 ἰατρῶν
1349 1377 1375 1405 δὲ
1396 1377 1524 1410 πολλάκις
1545 1377 1632 1406 πολλὰ
1649 1388 1791 1416 προσενεγ-

1024 1421 1126 1450 κάντων
1148 1422 1291 1460 φάρμακα,
1303 1422 1410 1460 οὐδεμία
1429 1423 1532 1461 γέγονεν
1550 1422 1674 1462 ὠφέλεια,
1687 1422 1793 1462 ὕστερον

1023 1467 1052 1495 δέ
1072 1479 1112 1499 τις
1125 1467 1287 1505 προσελθὼν,
1301 1468 1331 1496 τὸ
1345 1473 1396 1496 πᾶν
1419 1468 1607 1508 κατώρθωσεν·
1623 1470 1671 1497 οὐκ
1690 1468 1789 1497 ἐκείνου

1024 1511 1052 1540 δέ
1075 1514 1131 1541 ε’στι
1150 1512 1228 1549 μόνου
1250 1513 1280 1541 τὸ
1300 1512 1384 1552 ἔργον,
1400 1514 1468 1542 ἀλλὰ
1484 1514 1529 1542 καὶ
1543 1513 1648 1542 ἐκείνων
1664 1516 1716 1543 τῶν
1738 1514 1789 1549 ἤδη

1022 1558 1259 1597 κατεργασαμένων
1278 1559 1308 1587 τὸ
1326 1559 1415 1591 πάθος.
1428 1559 1512 1588 ῑὨστε
1528 1559 1576 1588 κᾶν
1592 1559 1629 1597 μὴ
1644 1562 1688 1588 νῦν
1704 1560 1790 1598 δῶμεν

1022 1606 1069 1638 τῆς
1091 1603 1241 1642 ἀκροάσεως
1254 1604 1313 1637 τοὺς
1327 1604 1455 1643 καρποὺς,
1470 1605 1577 1645 ὕστερον
1602 1605 1719 1643 δώσομεν
1729 1617 1736 1623 ·
1750 1605 1790 1634 ὅτι

1022 1649 1073 1688 γὰρ
1088 1649 1216 1686 δώσομεν,
1232 1650 1331 1690 σφόδρα
1346 1650 1502 1688 πέπεισμαι.
1521 1652 1561 1679 Οὐ
1581 1650 1632 1690 γὰρ
1653 1651 1732 1687 ἔστιν,
1744 1652 1791 1680 οὐκ

1023 1695 1079 1723 ἔστι
1103 1695 1231 1730 τοσαύτην
1255 1695 1403 1735 φιληκοΐαν,
1423 1696 1468 1724 καὶ
1488 1700 1609 1726 τοσοῦτον
1629 1697 1707 1726 πόθον
1734 1698 1790 1725 δια-

1022 1746 1111 1770 πεσεῖν
1122 1753 1127 1758 ·
1142 1741 1178 1779 μὴ
1192 1742 1306 1781 γένοιτο·
1322 1742 1390 1771 ἀλλὰ
1405 1743 1500 1776 πάντες
1515 1743 1582 1776 ἄξιοι
1599 1745 1650 1771 τῶν
1665 1746 1709 1772 τοῦ
1722 1744 1789 1782 Χρι-

1023 1789 1084 1815 στοῧ
1104 1787 1282 1826 παραινέσεων
1303 1788 1450 1827 γενόμενοι,
1465 1788 1589 1827 τύχοιμεν
1607 1791 1660 1818 τῶν
1678 1789 1789 1818 αἰωνίων

1023 1833 1138 1870 ἀγαθῶν.

1308 2045 1443 2073 ΟΜΙΛΙΑ
1464 2044 1498 2077 ς’.

1026 2136 1032 2146 ’
1047 2150 1072 2165 ,ν
1091 2136 1192 2175 μεγάλῃ
1206 2136 1233 2165 δὲ
1248 2136 1319 2175 οἰκίᾳ
1329 2137 1376 2165 οὐκ
1390 2135 1445 2165 ἔστι
1459 2135 1536 2174 μόνον
1549 2135 1630 2171 σκεύη
1643 2140 1730 2176 χρυσᾶ
1745 2137 1790 2164 καὶ

1066 2184 1183 2221 ἀργυρᾶ,
1200 2182 1268 2210 ἀλλὰ
1288 2182 1334 2211 καὶ
1357 2181 1446 2215 ξύλινα
1468 2181 1514 2210 καὶ
1535 2182 1693 2220 ὀστράκινα·
1710 2182 1755 2210 καὶ
1774 2182 1790 2210 ἃ

1066 2228 1113 2266 μὲν
1128 2229 1164 2261 εἰς
1178 2227 1270 2266 τιμὴν,
1286 2228 1302 2256 ἃ
1319 2227 1345 2256 δὲ
1366 2229 1402 2259 εἷς
1417 2226 1536 2264 ἀτιμίαν.
1554 2227 1618 2256 Ἐὰν
1634 2222 1677 2255 οὖν
1693 2239 1732 2260 τις
1745 2228 1790 2255 ἐκ·

1065 2274 1168 2313 καθάρῃ
1193 2274 1284 2302 ἑαυτὸν
1307 2273 1359 2302 ἀπὸ
1380 2272 1490 2309 τούτων,
1506 2272 1582 2301 ἔσται
1595 2276 1686 2305 σκεῦος
1701 2274 1738 2305 εἷς
1750 2284 1791 2300 τι-

1067 2319 1118 2357 μὴν
1136 2319 1306 2357 ἡγιασμένον,
1320 2318 1468 2358 εὔχρηστον
1485 2321 1520 2358 τῷ
1535 2318 1675 2357 Δεσπότῃ,
1689 2319 1725 2351 εἷς
1739 2322 1790 2347 πᾶν

1068 2366 1142 2404 ἔργον
1157 2365 1253 2403 ἀγαθὸν
1265 2364 1472 2402 ἡτοιμασμένον.

1066 2508 1185 2542 Πολλοὺς
1200 2510 1252 2537 τῶν
1276 2507 1419 2548 ἀνθρώπιον
1441 2508 1546 2548 θορυὸεἷ
1569 2508 1608 2536 ἔτι
1629 2507 1674 2536 καὶ
1691 2509 1745 2542 νῦν,
1761 2508 1790 2536 τί

1027 2554 1123 2589 δήποτε
1140 2554 1260 2592 μένουσιν
1277 2557 1300 2583 οἱ
1314 2554 1406 2588 κακοὶ,
1419 2554 1462 2582 καὶ
1480 2555 1526 2582 οὐκ
1542 2553 1713 2583 ἀπόλλυνται.
1727 2554 1787 2582 Εἰσὶ
