1893 2860
93 1669 215 1696 Episcopus

92 1700 159 1721 :isc-llo
175 1707 211 1720 ve-

93 1736 149 1752 ctus.

242 165 310 212 79ss
575 178 603 200 s.
633 176 772 200 somnus
799 175 978 198 cunxsosr.

240 238 280 264 fac
295 236 468 265 maledicendi
480 247 634 275 :quousque
646 238 695 265 ista
707 237 780 265 dices
789 237 803 265 ξ’
812 237 872 264 Non
883 235 923 264 vis
935 235 974 263 iu-

240 282 306 309 scrre
319 281 456 320 pecunias?
468 292 544 310 nemo
559 283 639 320 cogit,
654 292 730 311 nemo
743 283 798 311 vitu
813 282 891 310 affert
907 292 913 308 :
928 291 976 308 cnr

239 327 318 354 etiam
333 327 448 354 hortanti
460 334 485 355 ct
496 328 637 356 consilium
649 327 724 356 danti
735 326 914 356 conviciaris?
924 326 977 355 Sed

240 372 266 399 iu
277 372 430 400 necessitate
440 380 560 402 versetur
574 373 672 412 aliquis
686 385 691 401 ε
704 383 789 411 neque
804 373 850 401 ille
862 372 978 412 porrigit

239 427 346 445 manunt
358 439 366 453 ,
382 418 438 446 sive
453 418 525 455 quod
541 429 592 447 non
607 418 706 458 possit,
722 418 779 446 sive
795 417 868 456 quod
882 418 909 445 in
924 416 978 445 alio

239 467 359 488 versetur
382 462 495 499 negotio.
512 462 594 490 Nulla
608 462 688 490 datur
706 462 798 498 venia,
823 461 870 490 scd
884 471 978 489 rursus

237 505 435 534 criminationes
449 506 662 545 praecedentibus
678 508 788 546 pejores.
809 506 925 535 lloccine
940 512 979 534 est

239 550 424 589 principatus?
453 552 508 580 Nec
531 563 594 581 sane
620 559 706 592 potest
729 552 822 581 ulcisci
845 564 851 579 :
876 552 977 581 viscera

238 596 308 624 euim
320 603 381 625 sunt
395 608 451 626 sua.
475 600 514 626 Ac
529 598 597 627 sicut
614 599 733 636 viscera,
749 598 770 627 si
786 597 978 633 intumuerint,

238 642 260 669 si
282 642 401 671 dolorem
422 643 560 672 intulerint
581 644 662 683 capiti
678 655 708 673 ac
732 644 836 682 reliquo
857 644 978 682 corpori,

239 700 290 718 uon
305 689 434 719 audemus
455 691 563 729 ulcisci5
583 702 669 730 neque
684 692 754 720 enim
769 698 873 731 arrepto
889 690 979 729 gladio

239 737 421 766 abscindimus
435 750 440 766 :
453 739 491 767 sic
506 746 531 767 et
553 739 575 767 si
590 740 650 777 quis
666 750 699 768 ex
720 738 835 767 subditis
857 739 919 767 talis
931 738 979 774 sit,

239 789 319 820 atque
332 793 364 811 ex
386 784 621 813 criminationibus
645 784 799 823 hujusmodi
816 785 918 813 labores
933 795 980 812 uo-

239 828 281 856 bis
296 839 473 868 moerorcsque
494 830 630 867 intulerit,
654 830 750 858 ulcisci
764 840 816 858 non
830 830 959 858 audemus
974 842 979 857 :

240 875 268 903 id
283 876 353 904 enim
368 887 382 904 a
398 884 507 915 patet-no
523 877 612 905 auimo
627 878 720 916 procul
734 884 790 912 est;
816 877 861 905 sed
878 887 982 905 neccsse

240 928 278 949 est
293 921 441 949 molestiam
455 922 521 950 ferre
532 945 539 959 ‚
553 922 637 950 donec
652 922 697 950 ille
709 922 744 950 ad
756 932 846 950 sanam
867 929 982 951 mentem

241 966 393 994 reducatur.
419 967 548 995 Emtitius
572 978 665 996 servus
681 967 761 996 habet
782 967 894 1005 aliquod
915 978 982 1006 opus

241 1012 418 1052 imperatum;
435 1013 457 1041 si
479 1013 547 1042 illud
563 1014 720 1053 perfecerit,
733 1014 791 1052 jam
804 1014 845 1041 sui
857 1013 982 1042 dominus

241 1066 279 1087 est
296 1071 302 1086 ε
317 1067 343 1088 at
357 1060 401 1089 bic
416 1060 623 1099 circumquaque
648 1060 780 1097 trahitur;
806 1061 890 1089 multa
905 1061 939 1089 ab
952 1071 983 1089 eo

239 1106 400 1145 exiguntur,
421 1118 482 1146 quae
497 1108 568 1136 vires
579 1108 637 1146 ejus
650 1114 811 1147 exsuperant
825 1120 831 1135 :
844 1108 867 1136 si
882 1118 934 1137 non
949 1108 983 1137 sit

240 1152 345 1181 dicendi
362 1153 478 1192 peritus,
492 1154 577 1182 multa
591 1153 656 1182 hinc
666 1164 821 1190 murmura;
835 1154 858 1182 si
870 1160 930 1193 apte
946 1154 983 1182 lo-

240 1198 286 1236 qui
309 1199 412 1237 valeat,
436 1211 530 1229 rursus
554 1200 735 1228 accusationes
752 1211 758 1227 ε
778 1200 867 1229 Inanis
891 1200 983 1239 gloriae

241 1243 354 1283 cupidus
368 1252 407 1273 est
422 1257 427 1272 :
442 1245 494 1274 nisi
518 1252 636 1274 mortuos
660 1245 774 1282 excitet,
799 1245 902 1274 nullius
926 1256 983 1274 mo-

241 1290 323 1318 menti
342 1297 398 1329 est,
414 1291 511 1330 inquit.
527 1292 578 1320 Ille
598 1291 660 1331 pius
673 1298 726 1328 est,
741 1291 844 1330 inquit,
860 1291 904 1320 hic
919 1302 983 1321 vero

241 1345 292 1364 non
308 1335 382 1365 item.
399 1337 429 1366 Si
442 1337 577 1366 moderato
592 1344 683 1366 utatur
698 1337 772 1374 cibo,
787 1348 879 1367 rursus
894 1338 983 1366 crimi-

241 1391 274 1408 na
287 1392 293 1408 τ
306 1382 471 1420 Oportebat,
488 1383 589 1421 inquit,
604 1382 681 1411 illum
696 1383 839 1411 suffocari:
855 1384 878 1412 si
892 1383 982 1412 lavan-

242 1433 295 1454 tem
320 1427 418 1456 viderit
437 1428 586 1467 quispiam,
610 1428 673 1456 hinc
697 1428 818 1457 convicia
843 1429 960 1468 ingentia
974 1441 980 1457 :

242 1471 373 1510 Indignus
387 1474 496 1502 omnino
511 1480 549 1502 cst
559 1496 566 1509 ,
592 1473 696 1511 inquit,
717 1474 763 1511 qui
780 1474 862 1502 solem
877 1474 979 1503 videat.

242 1516 272 1545 Si
293 1517 387 1545 eadem
401 1519 458 1557 ipsa
471 1519 566 1556 faciat,
582 1529 642 1557 quae
665 1529 713 1557 ego
728 1518 811 1554 facio,
826 1519 848 1547 si
862 1520 981 1556 lavatur,

243 1562 266 1591 si
278 1563 393 1592 comedit
406 1571 430 1592 et
445 1564 528 1601 bibit,
539 1564 562 1593 si
573 1564 739 1594 vestimentis
750 1565 869 1603 operitur
878 1588 887 1599 ‚
900 1566 921 1594 si
933 1565 982 1594 do-

244 1619 305 1638 mus
321 1617 345 1638 et
358 1610 522 1639 famulorum
536 1621 628 1639 curam
642 1610 738 1647 habet,
754 1621 800 1638 cnr
814 1610 881 1639 mihi
894 1612 983 1650 praefi—

246 1654 336 1683 citur?
349 1655 403 1684 Sed
415 1662 441 1684 et
454 1656 567 1684 famulos
582 1655 664 1684 habet
678 1655 729 1683 sibi
744 1654 923 1684 ministrantes
934 1678 941 1689 ‚
958 1664 983 1685 ct

247 1701 328 1729 asello
346 1701 455 1730 vehitur
469 1714 475 1729 :
489 1712 538 1729 cur
559 1700 626 1729 mihi
644 1701 759 1739 praeest?
774 1703 825 1737 At,
840 1712 928 1739 quaeso
944 1709 982 1739 tc,

245 1758 332 1776 annon
346 1747 425 1776 debet
448 1748 573 1777 ministro
591 1747 640 1783 uti,
655 1747 700 1775 sed
714 1747 771 1785 ipse
792 1747 880 1785 iguem
895 1748 983 1777 incen-

244 1793 325 1830 dere,
340 1803 437 1831 aquam
453 1794 563 1828 afferre,
574 1793 647 1832 ligna
660 1792 788 1828 scindere,
804 1793 830 1821 in
844 1794 930 1822 forum
944 1794 985 1822 in-

245 1838 341 1876 gredi?
353 1845 377 1867 et
391 1845 488 1876 quanta
498 1838 555 1867 haec
566 1837 728 1877 turpitudo?
741 1838 773 1865 At
782 1839 865 1866 sancti
876 1838 983 1876 quidem

245 1884 286 1912 illi
307 1884 376 1921 viri,
397 1884 529 1924 apostoli,
551 1894 612 1912 eum
632 1884 679 1921 qui
698 1882 825 1911 doctrinm
840 1884 984 1922 insisteret,

246 1939 330 1967 neque
343 1929 378 1958 ad
392 1929 537 1959 viduarum
548 1928 727 1957 ministerium
738 1940 847 1968 operam
860 1930 925 1960 dare
936 1943 983 1961 vo-

247 1975 320 2012 lunt,
334 1975 380 2003 sed
393 1975 421 2004 id
434 1975 520 2014 operis
532 1975 578 2003 illo
593 1974 735 2013 indignum
753 1975 917 2006 arbitrantur
931 1990 936 2006 :
952 1985 983 2006 tu

247 2029 308 2048 vero
327 2020 405 2049 illum
421 2020 448 2050 in
463 2020 624 2048 famulorum
642 2026 749 2048 tuorum
769 2021 889 2050 officium
912 2023 984 2051 redi-

247 2063 308 2101 gis?
324 2065 378 2093 Cur
392 2072 421 2093 tu
435 2065 482 2103 qui
497 2065 554 2093 haec
568 2064 695 2103 imperas,
715 2072 789 2093 tuam
803 2076 911 2105 operam
931 2078 983 2096 non

248 2109 380 2148 impendis
390 2133 398 2148 ,
420 2121 505 2148 neque
517 2110 576 2138 haec
588 2109 701 2148 imples?
715 2121 817 2147 nonne,
832 2123 921 2150 quaeso
942 2120 984 2150 tc,

248 2154 325 2194 longe
347 2156 433 2195 majus
450 2155 499 2184 tibi
519 2155 597 2184 infert
621 2155 816 2192 ministerium,
841 2168 922 2195 quam
935 2165 981 2194 tu,

246 2202 292 2238 qui
306 2202 453 2241 corporalia
467 2202 564 2231 curas?
586 2212 634 2230 cur
648 2212 700 2230 non
722 2213 830 2232 servum
844 2205 927 2234 mittis
942 2212 983 2234 ῑιι-

247 2255 292 2273 um
303 2268 310 2281 ,
323 2246 368 2284 qui
380 2247 420 2275 illi
431 2245 582 2275 ministret?
597 2245 720 2275 Clu-istus
732 2247 799 2276 lavit
814 2248 891 2286 pedes
904 2249 984 2278 disci-

248 2291 389 2329 pulorum;
411 2299 437 2321 et
450 2300 479 2321 tu
496 2292 517 2321 si
533 2292 712 2321 ministerium
733 2292 837 2322 doctori
851 2295 982 2333 praebeas,

248 2347 280 2364 an
300 2348 426 2376 magnum
441 2338 507 2376 quid
520 2339 604 2367 facis?
627 2338 681 2367 Sed
701 2349 785 2377 neque
798 2340 839 2368 vis
852 2342 983 2392 praebere,

249 2382 301 2410 ituo
324 2382 411 2422 ipsum
428 2383 549 2423 impedis.
569 2384 645 2419 Quid
661 2385 745 2423 crgo?
760 2395 823 2413 num
837 2397 851 2414 e
863 2387 926 2416 caelo
942 2388 984 2416 vi-

282 2487 290 2498 a
309 2480 403 2513 [Mat-g.
427 2481 504 2505 Suvil.
525 2494 561 2507 και
579 2487 651 2508 ταῦτα
662 2485 774 2514 ὑπομένει.
787 2485 862 2515 Quod
877 2486 996 2518 recipien—

248 2518 306 2543 dum
326 2525 408 2544 censet.
419 2520 537 2550 Duutcus,
558 2520 591 2544 ita
605 2522 758 2546 constituens
770 2524 860 2548 verba:
877 2530 942 2551 τοῦτο
960 2527 995 2550 vis-,-

1009 176 1026 197 A
1033 177 1162 200 ttCtttEt‘.
1191 180 1253 201 CON
1259 180 1375 204 STAN'rt
1382 182 1442 204 NOP
1449 197 1455 204 .

1029 239 1094 275 χῶν.
1112 239 1218 267 Παῦσαι
1230 241 1353 279 λοιδορῶν
1364 253 1369 259 ·
1385 242 1465 297 μέχρι
1484 243 1552 276 τίνος
1566 246 1649 272 ταῦτα
1663 242 1728 281 φῇς;
1751 243 1791 272 Οὖ

1032 283 1119 321 βουλει
1142 285 1308 323 εἷσενεγκεῖν;
1329 288 1410 320 οὗδεις
1431 291 1445 317 6
1466 291 1686 328 καταναγκάζων,
1710 289 1793 321 οὐδεὶς

1031 331 1043 357 6
1057 329 1222 367 βιαζόμενος·
1237 331 1264 359 τι
1274 343 1317 360 και
1329 333 1434 372 λοιδορῃ
1444 336 1482 362 τῶ
1493 339 1662 374 παραινοῦντι
1672 335 1716 364 καὶ
1730 345 1793 372 συμ-

1032 373 1198 412 δουλευοντι;
1216 376 1284 406 Ἀλλ
1304 380 1340 410 εἷς
1361 379 1451 418 χρείαν
1475 392 1514 412 τις
1533 381 1663 417 κατέστη,
1683 380 1728 409 καὶ
1748 381 1794 408 οὒκ

1032 420 1110 459 ωρεξε
1123 426 1200 461 χεῖρα
1216 423 1252 461 μὴ
1269 424 1401 461 δυνηθεις,
1418 425 1435 459 ἢ
1452 437 1496 454 και
1510 426 1552 454 ἔτί
1541 429 1615 465 ρωΟι
1631 426 1795 466 ἀσχοληθείς-

1033 468 1153 505 Οὐδεμία
1169 469 1329 507 συγγνιίιμη.
1345 470 1413 499 ἀλλὰ
1427 471 1505 500 πάλιν
1524 472 1678 511 κατηγορίαι
1694 472 1797 511 χείρους

1034 514 1086 541 τῶν
1105 514 1248 555 προτέρων,
1263 518 1274 530 ³
1287 517 1374 544 Τοῦτο
1389 518 1450 554 γοῦν
1473 517 1557 556 ἀρχή,
1577 517 1628 546 Καὶ
1647 517 1796 554 ἀμύνασθαι

1034 560 1079 587 οὐκ
1093 559 1167 598 ἔχει·
1188 561 1328 600 σπλάγχνα
1346 562 1397 600 γάρ
1416 563 1485 591 ἐστιν
1502 563 1564 591 ἴδια.
1589 562 1642 591 Καὶ
1656 561 1746 601 ὥσπερ
1768 563 1798 591 τὸ

1033 606 1199 644 σπλάγχνον,
1221 607 1269 636 κᾶν
1284 607 1383 646 οἷδαίνῃ
1395 630 1402 643 ,
1423 608 1471 637 κᾶν
1487 608 1565 637 πόνον
1580 607 1685 647 παρέχῃ
1706 608 1751 636 καὶ
1764 609 1796 644 τῇ

1032 652 1133 688 κειραλῇ
1156 653 1201 680 καὶ
1216 665 1253 680 τω
1270 654 1354 692 λοιπῳ
1379 653 1498 692 σώματι,
1523 655 1551 682 οὗ
1572 655 1710 691 τολμῶμεν
1727 652 1798 690 ἀμύ-

1033 699 1140 724 νασθαι·
1160 699 1188 726 οὔ
1202 698 1253 738 γὰρ
1267 699 1422 733 λαθόντες’“
1411 699 1481 739 ςίφος
1497 698 1714 738 διαῤῥηγνύομεν·
1730 710 1797 727 ουτω

1034 742 1082 770 κᾶν
1094 754 1145 771 των
1160 745 1314 783 ἀρχομένων
1329 757 1368 778 τις
1384 749 1521 784 τοιοῦτοςῄ

1036 799 1062 825 ps
1052 788 1118 826 έχων
1142 790 1186 818 καὶ
1204 791 1314 829 ἀθυμίας
1335 793 1364 820 ἐκ
1381 793 1432 820 τῶν
1454 779 1618 830 κατηγοριῶν
1633 790 1749 825 τούτων,
1769 790 1797 817 οὗ

1034 835 1174 873 τολμῶμεν
1200 837 1361 874 ἀμύνασθαι·
1385 838 1474 876 πόῤῥω
1493 837 1543 876 γὰρ
1565 840 1648 866 ταῦτα
1667 836 1799 874 πατρικῆς

1036 879 1163 916 διανοίας,
1175 884 1233 911 ἀλλ’
1243 883 1344 921 ἀνάγκη
1353 883 1440 922 φέρειν
1450 883 1492 912 τὸν
1503 883 1594 918 πόνον,
1604 882 1652 915 ἕως
1664 881 1693 909 ἂν
1705 881 1800 911 ἐκεῖνος

1036 925 1127 964 ὑγιαίνῃ
1143 930 1239 961 καλῶς.
1253 929 1287 959 ‘O
1304 929 1485 969 ἀργυρώνητος
1499 929 1601 963 οἰκέτης
1615 928 1671 966 ἔχει
1687 939 1712 955 τι
1725 926 1800 964 ἔργον

1037 970 1253 1009 ἐπιτεταγμένον,
1268 973 1316 1002 κᾶν
1331 977 1407 1002 τοῦτο
1420 972 1625 1012 ἀνύσῃῇλοιπὸν
1640 973 1732 1000 ἑαυτοῦ
1751 971 1802 999 κύ-

1040 1027 1092 1054 ριος
1106 1016 1220 1053 γίνεται·
1238 1015 1311 1053 οὗτος
1326 1020 1352 1050 δὲ
1369 1022 1505 1059 πανταχοῦ
1518 1018 1699 1058 περιέλκεται,
1717 1016 1803 1045 πολλὰ

1037 1059 1082 1087 καὶ
1096 1062 1148 1089 τῶν
1160 1063 1227 1102 ὑπὲρ
1242 1063 1350 1102 δύναμιν
1363 1066 1514 1093 ἀπαιτεῖται
1523 1075 1529 1081 ·
1546 1062 1576 1090 ἂν
1590 1061 1626 1100 μὴ
1638 1062 1692 1098 Ξῖδῇ
1702 1060 1803 1099 λέγειν,

1037 1105 1116 1138 mnne
1129 1108 1142 1135 ὁ
1161 1110 1325 1147 γογγυσμός·
1343 1109 1373 1138 ἂν
1390 1109 1415 1138 δὲ
1430 1110 1484 1148 εἰδῇ
1499 1109 1600 1148 λέγειν,
1620 1106 1699 1135 πάλιν
1719 1117 1804 1140 κατη-

1036 1151 1137 1189 γορίαι,
1160 1155 1289 1189 κενόδοξός
1309 1157 1391 1185 ἐστιν·
1410 1156 1440 1184 ἂν
1456 1155 1492 1193 μὴ
1508 1152 1614 1193 νεκρους
1629 1153 1732 1191 ἆνῑστᾷ,
1755 1153 1803 1181 οὗ·

1038 1196 1107 1230 δενος
1121 1198 1230 1237 λόγου”
1213 1201 1299 1237 αξιος,
1313 1201 1408 1241 φησίν·
1423 1204 1437 1230 6
1450 1203 1521 1230 δεῖνα
1533 1199 1669 1234 εὖλαὸής
1658 1209 1745 1233 εστιν,
1760 1200 1803 1226 οὑ-

1036 1253 1079 1275 10<
1102 1243 1129 1273 δὲ
1155 1245 1193 1274 οὔ.
1213 1245 1258 1275 Ἂν
1278 1247 1398 1287 ἀπολαύῃ
1419 1246 1570 1285 συμμέτρου
1589 1255 1702 1284 τροφης,
1721 1243 1801 1272 πάλιν

1036 1291 1209 1329 κατηγορίαι·
1233 1292 1286 1322 ἔδει
1311 1293 1387 1322 αὐτὸν
1411 1291 1620 1331 ἀπηγγονίσθαι,
1652 1287 1747 1328 φησίν·
1771 1286 1802 1315 ἂν

1036 1334 1200 1374 λουόμενον”
1190 1339 1230 1377 ιδῃ
1242 1351 1293 1375 τις,
1306 1339 1402 1368 πολλαὶ
1414 1337 1583 1376 κατηγορίαι·
1598 1335 1664 1368 ολως
1680 1332 1738 1363 Οὐδὲ
1757 1344 1801 1361 τον

1036 1379 1109 1414 ἥλιον
1123 1385 1185 1422 ὁρᾷν
1200 1384 1312 1423 ὀφείλει,
1337 1384 1423 1423 φησίν.
1446 1385 1480 1412 Εἰ
1499 1383 1525 1412 δὲ
1539 1382 1573 1410 τὰ
1589 1380 1654 1409 αὐτὰ
1674 1378 1801 1418 πράττεῑ)

1036 1426 1102 1466 ἅπερ
1117 1428 1182 1467 ἐγὼ,
1203 1430 1247 1458 καὶ
1260 1431 1365 1459 λούεται
1379 1430 1424 1458 καὶ
1439 1429 1517 1458 ἐσθίει
1531 1428 1576 1456 καὶ
1590 1426 1661 1456 πίνει
1676 1425 1720 1454 καὶ
1733 1425 1800 1461 ἱμά-

1035 1484 1078 1500 τια
1090 1474 1294 1512 περιὸέὲληται,
1307 1475 1351 1504 καὶ
1366 1475 1450 1508 οἰκίας
1468 1473 1597 1514 φροντίζΞι
1611 1471 1656 1500 καὶ
1677 1470 1800 1504 Οῗκῑτῶν,

1036 1517 1103 1550 τίνος
1114 1520 1200 1548 ἕνεκεν
1212 1522 1274 1559 ἐμοῦ
1286 1522 1462 1561 προέστηκεν;
1474 1518 1553 1549 Ἀλλὰ
1565 1518 1607 1547 καὶ
1622 1516 1724 1548 οἰκέτας
1737 1515 1802 1554 ἕχεῑ,

1529 745 1646 781 ,πόνους
1663 747 1726 782 ἡμῖν
1742 755 1797 772 πα-

1036 1563 1114 1601 (Ῡησὶ,
1136 1565 1194 1598 τοὺς
1209 1567 1421 1605 διακονουμένους
1438 1567 1523 1605 αὐτῷ,
1538 1565 1583 1593 καὶ
1603 1563 1646 1592 ἐπὶ
1658 1562 1715 1591 ὄνου
1729 1563 1803 1601 ὀχεῖ-

1035 1620 1093 1637 ται·
1116 1609 1184 1644 τίνος
1205 1608 1248 1640 οῧν
1271 1612 1357 1641 ἕνεκεν
1377 1615 1442 1650 ἐμοῦ
1463 1610 1638 1651 προέστηκεν;
1661 1607 1742 1636 Ἀλλὰ
1761 1607 1801 1641 τί,

1037 1655 1094 1683 Sim-⁷
1109 1667 1167 1693 μοι,
1186 1659 1231 1686 οὐκ
1246 1658 1344 1697 ὀφείλει
1358 1658 1402 1687 τὸν
1417 1656 1617 1694 διακονούμενον
1631 1654 1717 1693 ἔχειν,
1743 1654 1801 1682 ἀλλ’

1037 1701 1112 1733 αὐτὸς
1130 1702 1160 1730 τὸ
1181 1706 1231 1742 π’ῡρ
1256 1704 1406 1739 ἀνακαίειν,
1423 1704 1468 1732 καὶ
1483 1703 1650 1742 ὑδροφορεῖν,
1671 1699 1716 1728 καὶ
1738 1698 1800 1731 ξύλα

1037 1745 1162 1786 διακλᾷν,
1176 1750 1221 1778 καὶ
1237 1751 1273 1782 εἷς
1288 1750 1384 1788 ἀγορὰν
1400 1750 1541 1787 ἔμὸάλλειν
1555 1760 1562 1783 ;
1576 1747 1620 1776 καὶ
1639 1746 1708 1780 πόση
1724 1747 1801 1775 τοῦτο

1038 1792 1148 1831 αἷιἻῦνη
1162 1795 1275 1833 γίνεται,
1297 1797 1349 1824 Καὶ
1364 1797 1387 1824 οἱ
1403 1795 1450 1834 μὲν
1463 1795 1531 1833 ἅγιοι
1546 1795 1639 1822 ἐκεῖνοι
1655 1792 1761 1830 ἄνδρες,
1776 1792 1800 1819 οἱ

1039 1838 1195 1876 ἀπόστολοι,
1209 1842 1252 1870 τὸν
1270 1854 1307 1870 τω
1324 1841 1395 1880 λόγω
1408 1849 1653 1881 προσκαρτερουντα
1669 1837 1726 1866 οὐδὲ
1743 1837 1801 1864 δια-

1037 1884 1111 1923 κονίᾳ
1131 1889 1220 1925 χηρῶν
1245 1872 1381 1926 βούλονται
1412 1885 1598 1925 προσανέχειν,
1619 1883 1676 1911 ἀλλ’
1698 1881 1800 1914 ἀνάξιον

1038 1931 1116 1959 αὐτου
1132 1944 1161 1960 το
1175 1937 1285 1972 πρᾶγμα
1297 1936 1362 1961 εἰναι
1375 1932 1521 1970 νομίζουσι·
1535 1943 1565 1958 συ
1582 1929 1608 1959 δὲ
1620 1929 1694 1957 αὐτον
1709 1939 1754 1956 και
1765 1928 1801 1958 εἰς

1037 1975 1083 2010 Τὴν
1098 1979 1206 2007 οἰκετων
1224 1979 1368 2017 ὑπνρεσίαν
1385 1978 1518 2008 καθελκεις
1529 1987 1581 2004 των
1597 1976 1663 2010 σῶν,
1681 1972 1732 2002 Διὰ
1748 1973 1773 2001 τί
1788 1975 1801 2000 6

1037 2024 1119 2050 ταῦτα
1132 2024 1278 2053 ἐπιτάττων
1291 2026 1319 2053 οὗ
1333 2024 1453 2063 παρέρχῃ
1465 2022 1513 2058 συ,
1527 2033 1572 2050 και
1585 2023 1667 2049 ταῦτα
1678 2020 1801 2058 πληροῖς

1038 2067 1096 2096 εἰπέ
1110 2080 1154 2105 μοι
1163 2070 1245 2109 ,οὐχὶ
1259 2070 1364 2106 μείζονά
1379 2081 1420 2098 σοι
1438 2069 1596 2096 διακονεῖται
1610 2064 1770 2103 υπηρεσίαν,
1784 2063 1802 2098 ἢ

1039 2124 1069 2141 συ
1088 2114 1121 2143 τὰ
1137 2115 1292 2154 σωματικά;
1311 2115 1355 2145 διὰ
1373 2114 1399 2143 τί
1418 2113 1454 2152 μὴ
1469 2113 1512 2141 τὸν
1526 2113 1609 2141 παῖδα
1625 2110 1737 2148 πέμπεις
1756 2108 1801 2137 τὸν

1039 2158 1082 2187 σὸν
1104 2172 1169 2199 προς
1186 2161 1234 2197 τὴν
1253 2161 1344 2190 τούτου
1362 2159 1522 2200 ὑπηρεσίαν,
1543 2157 1576 2186 Ὁ
1597 2156 1710 2195 Χριστὸς
1730 2155 1802 2194 ἔνιψε

1038 2216 1097 2238 τους
1110 2206 1192 2240 πόδας
1203 2209 1254 2236 τῶν
1268 2208 1403 2245 μαθητῶν·
1420 2217 1450 2234 συ
1463 2203 1603 2244 θεραπείαν
1618 2203 1648 2230 ἂν
1662 2203 1802 2241 παρασχῇς

1038 2263 1076 2279 τω
1091 2253 1257 2293 διδασκάλω,
1275 2253 1342 2291 μέγα
1356 2264 1382 2280 τι
1399 2255 1495 2287 ποιεῖς,
1509 2250 1579 2279 Ἀλλ’
1594 2249 1652 2277 οὔτε
1667 2259 1698 2276 συ
1715 2246 1801 2285 βούλει

1038 2303 1201 2337 παρασχεῖν,
1219 2310 1264 2326 και
1279 2297 1354 2327 αὐτὸν
1370 2296 1488 2328 κωλύεις
1502 2295 1538 2324 Τί
1557 2297 1614 2331 οὖν;
1629 2292 1681 2322 ἀπὸ
1697 2294 1741 2321 τοῦ
1757 2292 1802 2320 οὖ-

1004 2345 1021 2366 F
1041 2353 1117 2380 ρανου
1139 2346 1183 2382 ζῃν
1198 2343 1311 2382 ὀφείλει,
1327 2342 1396 2371 Αλλ’
1419 2343 1447 2370 οὗ
1471 2341 1591 2379 βούλεται
1605 2339 1685 2371 οὕτως
1697 2340 1710 2366 ὁ
1724 2337 1801 2369 Θεός.

1038 2387 1074 2416 'lt'
1086 2391 1144 2425 οὖν,
1159 2391 1182 2417 οἱ
1203 2389 1356 2424 ἀπόστολοι,
1377 2399 1470 2426 φησιν,
1495 2385 1640 2425 ἐλευθέρους
1656 2387 1726 2423 εἶχον
1741 2384 1801 2411 δου-

1046 2492 1122 2521 ἀρχή,
1137 2492 1171 2513 καὶ
1183 2491 1256 2514 ταῦτα
1269 2490 1384 2520 ὑπομένει,
1398 2485 1454 2518 και.)
