1893 2860
111 311 195 331 emim.
213 311 248 333 τῦ.

107 1136 158 1155 A-ti
179 1134 201 1156 6.

120 2016 182 2036 Μία.
194 2023 214 2043 7.
227 2015 249 2036 3.

113 2279 230 2301 Monachu-

112 2318 160 2330 1vini
176 2313 218 2331 xil-1

112 2342 228 2363 numhih‘.

266 140 336 187 (376
596 153 624 175 5.

653 153 792 176 JOANMS
818 151 1000 175 cum'SOST.
1029 150 1184 174 ARCHIEP.
1212 152 1478 176 CONSTANTINOP-

266 214 315 241 bus
331 213 458 250 obsequio
473 213 620 241 foveantur.
637 213 677 241 Ne
702 213 751 241 lios
773 212 940 252 prosequaris
954 211 1000 250 qui
1020 214 1036 236 B
1055 211 1127 249 παρὰ
1138 213 1241 240 πολλῶν
1253 214 1461 252 γνωριζομένους.
1478 214 1529 246 ⁰0<
1541 214 1659 250 ἐποίησεν
1678 215 1730 251 ἑνὶ,
1741 216 1818 255 φησὶ,

264 259 290 286 in
308 258 382 296 eopia
398 268 487 286 rerum
499 264 571 292 sunt,
582 257 630 286 sed
640 268 684 286 eos
696 258 742 296 qui
756 257 784 286 in
797 257 924 286 aerumnis
934 279 942 294 ,
955 257 1000 295 qui

263 304 346 342 ignoti
361 310 434 333 sunt.
452 304 508 341 Qui
514 305 634 343 fecerit,
652 304 739 342 inquit
751 326 759 341 ,
775 306 826 333 uni
836 315 872 334 ea:
884 305 929 333 his
946 306 1000 332 mi-

264 352 360 383 nimis,
374 350 542 388 mihi-jecit.

292 395 321 423 5.
334 395 374 423 Ne
392 394 439 423 des
451 394 612 434 praesulibus
627 395 753 425 Ecclesiae
768 403 797 424 nt
816 396 978 426 distribuant
991 410 998 426 ε

261 448 290 468 tu
313 440 370 479 ipsa
393 440 536 476 distribue,
555 449 584 470 ut
603 452 655 470 non
677 442 804 481 impensae
824 442 931 480 solum,
954 442 1000 471 sed

261 486 342 516 ctiam
358 487 500 516 ministerii
516 487 665 516 mercedem
678 488 777 517 habeas
791 499 796 515 :
815 488 931 528 propriis
944 499 1001 517 ma-

259 533 339 562 nibus
354 533 451 571 largire
465 545 470 560 :
487 540 521 562 tu
535 534 641 562 sulcum
656 545 720 563 sere..
738 535 798 563 Non
809 541 848 563 est
860 534 904 563 hic
913 542 1000 564 aratro

260 589 328 619 opus
338 602 347 617 ,
366 590 450 618 neque
472 580 555 609 hoves
572 587 601 608 ut
612 581 763 619 jungantur
775 604 782 617 ,
797 591 882 619 neque
896 587 1000 620 tempus

259 625 468 664 exspectandum
480 648 487 661 ,
500 636 585 663 neque
598 632 666 654 terra
678 625 807 654 sulcanda
817 648 824 662 ,
839 636 925 664 neque
939 637 1000 655 cum

260 671 360 709 frigore
374 671 533 700 certandum
548 683 554 698 t
570 678 624 700 tota
645 672 803 711 hujusmodi
819 672 1000 700 sollicitudine

258 727 375 745 vacuum
398 724 437 746 est
450 717 501 746 hoc
531 728 628 746 semen.
652 718 684 746 In
706 718 801 746 eaelum
823 728 938 756 namque
960 729 999 747 se-

258 762 329 791 mina
341 763 424 802 jacis,
440 763 487 791 ubi
500 773 551 791 non
568 763 665 801 frigus,
685 773 737 791 non
750 763 848 800 hiems,
861 774 913 792 non
923 763 999 792 aliud

257 808 399 847 quidpiam
421 807 575 847 hujusmodi
591 815 648 836 cst:
672 808 700 836 in
722 808 824 836 animas
843 809 943 837 semina
955 809 999 848 ja-

257 853 310 888 cis,
326 853 372 881 ubi
386 864 462 881 nemo
473 853 544 891 quod
558 853 655 882 seritur
669 853 767 888 aufert,
781 853 827 881 sed
846 854 999 882 firmissime

257 899 395 935 retinetur,
409 909 440 927 ac
449 909 510 927 cum
519 909 615 937 magna
631 909 694 927 cura
708 906 734 927 et
747 898 896 938 diligentia.
906 900 950 928 Tu
962 910 1000 928 se-

259 944 338 972 mina.
351 945 406 972 Cur
414 944 528 982 teipsum
540 943 659 972 mercede
667 944 777 983 privas?
788 945 887 982 Magna
897 955 996 973 merces

257 995 295 1017 est
308 999 384 1028 posse
396 989 477 1017 etiam
491 989 577 1017 aliena
590 989 746 1028 dispensare
762 1001 770 1017 ι
785 999 837 1017 non
852 990 937 1019 dandi
952 1001 997 1018 so-

257 1035 314 1063 lum
325 1045 425 1063 merces
438 1041 485 1070 est,
499 1034 546 1063 sed
557 1035 639 1063 etiarn
647 1044 705 1073 quae
717 1034 780 1063 data
793 1042 855 1064 sunt
864 1042 934 1064 recte
944 1036 997 1064 dis-

258 1080 399 1120 pensandi.
427 1080 482 1109 Cur
505 1087 533 1109 tu
549 1080 698 1109 mercedem
720 1091 771 1109 non
787 1081 911 1120 accipis?
925 1082 999 1120 quod

239 1151 244 1156 .
257 1127 328 1155 enim
343 1127 423 1165 hujus
437 1127 518 1155 etiam
528 1127 566 1155 rei
582 1137 682 1155 merces
692 1126 735 1163 sit,
748 1126 829 1155 audi:
845 1127 996 1156 Constitue—

258 1179 332 1211 runt,
348 1173 446 1211 inquit,
458 1172 573 1212 apostoli
587 1172 755 1212 Stephanum
770 1172 804 1201 ad
818 1173 997 1203 ministerium

258 1218 414 1247 viduarum.
431 1218 475 1246 Sis
487 1225 514 1246 tu
528 1217 695 1257 dispensator
717 1218 849 1247 bonorum
868 1225 994 1247 tuorum:

258 1265 315 1304 ipsa
330 1271 354 1293 te
365 1264 516 1303 benignitas
539 1263 646 1292 ordinat
666 1270 692 1292 et
715 1264 765 1293 Dei
780 1264 868 1293 timor.
884 1264 933 1293 Est
947 1265 998 1294 hoc

257 1310 338 1339 etiam
352 1321 420 1341 vana
436 1310 522 1349 gloria
530 1321 655 1346 vacuum,
666 1310 770 1340 animas
781 1317 889 1347 recreat,
902 1321 997 1339 manus

258 1357 414 1393 sanctificat,
428 1356 550 1385 inflatum
559 1357 678 1384 animum
688 1355 790 1395 dejicit,
798 1356 997 1396 philosophiam

257 1402 334 1432 docet
347 1425 356 1439 ,
370 1403 527 1431 alacriorem
541 1402 605 1431 facit
617 1425 626 1437 ,
645 1402 696 1430 hoc
721 1402 771 1430 tibi
797 1402 997 1431 benedictiones

257 1450 383 1478 conciliat
397 1461 402 1477 :
420 1449 519 1478 recedit
543 1456 623 1488 caput
647 1456 726 1477 tuum
750 1450 862 1488 plenum
887 1448 998 1478 benedi-

257 1496 390 1524 ctionibus
413 1495 567 1524 viduarum.
580 1495 733 1523 studiosior
748 1501 803 1523 esto
817 1494 846 1522 in
870 1494 996 1523 orationi-

259 1542 320 1578 hus,
337 1549 439 1570 sanctos
454 1542 526 1570 viros
539 1541 659 1579 inquire,
682 1542 728 1579 qui
743 1551 805 1570 vere
818 1541 902 1569 sancti
918 1548 997 1578 sunt,

257 1589 304 1626 qui
317 1588 344 1616 in
371 1587 564 1617 solitudinibus
579 1587 690 1624 sedent,
714 1587 760 1625 qui
780 1586 932 1615 mendicare
946 1597 998 1615 non

258 1641 388 1674 possunt,
402 1634 447 1673 qui
462 1635 550 1662 Deum
566 1643 670 1672 semper
685 1632 849 1662 meditamur
866 1646 872 1661 :
888 1633 999 1672 longum

258 1681 308 1708 iter
319 1679 425 1719 suscipe
437 1702 445 1716 ‚
460 1690 508 1718 per
531 1679 646 1718 teipsum
660 1689 739 1717 eroga
754 1689 760 1705 :
777 1678 893 1706 multum
906 1679 976 1707 enim
991 1701 998 1715 ‚

259 1725 280 1753 si
295 1725 401 1753 dederis
413 1747 421 1761 ,
433 1724 605 1753 emolumenti
616 1724 793 1762 consequeris.
809 1723 894 1752 Vides
906 1724 997 1752 taber-

259 1772 384 1800 naculum
411 1778 437 1800 et
462 1771 643 1800 diversorium
656 1771 670 1798 i‘
688 1770 764 1799 vides
782 1769 943 1798 desertum?
957 1770 999 1798 vi-

259 1818 304 1846 des
323 1817 497 1846 solitudinem
508 1817 520 1845 Ρ
536 1818 612 1855 Saepe
622 1816 655 1844 ad
666 1816 792 1855 pecunias
805 1815 924 1844 dandum
936 1826 998 1855 pro-

261 1864 358 1899 fectus,
378 1862 477 1891 dedisti
501 1862 618 1890 animam
640 1868 722 1890 totam
735 1884 742 1897 ‚
757 1861 879 1890 detentus
899 1861 972 1890 fuisti
988 1885 996 1899 ‚

259 1916 283 1937 ct
298 1920 360 1937 eum
375 1909 428 1937 alio
442 1909 565 1947 captivus
579 1908 689 1936 effectus
700 1918 727 1936 es
739 1930 748 1945 ,
763 1918 795 1935 ac
807 1907 910 1936 mundo
924 1918 999 1946 pere-

261 1955 355 1993 grinus
380 1954 496 1983 evasisti.
518 1955 618 1992 Magna
640 1964 682 1982 res
697 1960 734 1981 cst
748 1963 880 1992 pauperes
894 1953 997 1982 videre.

261 2001 368 2028 Melius
380 2006 421 2028 est
434 2022 442 2036 ,
459 1998 546 2037 inquit
559 2021 567 2035 ,
589 1999 703 2037 ingredi
715 2000 746 2026 in
761 1999 877 2026 domum
895 1998 999 2035 luctus,

261 2056 349 2085 quam
363 2048 394 2074 in
409 2046 526 2074 domum
541 2046 625 2073 risus.
649 2044 700 2072 Hic
714 2043 785 2072 enim
808 2044 913 2072 animus
928 2043 999 2072 intu-

261 2092 364 2121 mescit.
378 2092 447 2120 Nam
459 2090 480 2119 si
493 2097 521 2118 tu
532 2090 656 2118 similiter
669 2089 775 2118 deliciis
787 2097 812 2118 te
825 2089 922 2118 dedere
935 2100 997 2129 pos-

261 2138 312 2175 sis,
328 2137 410 2166 habes
433 2136 654 2173 incitamentum
669 2135 691 2164 si
708 2146 759 2164 nou
773 2135 857 2175 possis
869 2157 878 2173 ,
897 2146 998 2164 moero-

266 2196 293 2213 re
306 2184 431 2213 afficeris.
452 2185 483 2212 In
504 2183 585 2212 domo
599 2190 688 2212 autem
713 2183 802 2212 luctus
822 2183 891 2212 nihil
903 2183 999 2222 hujus-

262 2231 351 2267 modi;
365 2230 410 2258 sed
430 2230 452 2258 si
475 2229 563 2258 absint
579 2229 699 2266 deliciae,
724 2239 777 2257 non
801 2229 890 2266 doles;
907 2229 929 2258 si
951 2229 1000 2257 ad-

263 2276 333 2311 sint,
354 2276 470 2315 teipsum
483 2275 617 2314 reprimis.
634 2276 706 2304 Vere
720 2274 816 2303 domus
838 2275 926 2303 luctus
941 2282 1000 2303 sunt

264 2322 436 2359 monasteria,
449 2321 496 2350 ubi
507 2321 625 2349 cilicium
638 2321 749 2358 etcinis,
760 2321 806 2349 ubi
816 2321 943 2359 solitudo,
953 2321 1000 2350 ubi

266 2366 355 2394 nullus
367 2365 447 2402 risus,
460 2375 507 2393 nec
519 2365 687 2393 saecularium
699 2375 788 2393 rerum
797 2365 939 2401 tumultus,
954 2365 999 2393 ubi

1055 257 1152 285 τούτων
1166 258 1217 285 τῶν
1229 258 1389 297 ἐλαχίστων,
1402 260 1460 297 ἐμοὶ
1474 259 1588 295 ἐποίησε.

1096 393 1142 429 Μὴ
1158 394 1208 432 δῷς
1220 397 1272 427 τοῖς
1286 395 1434 434 προεστῶσι
1446 398 1494 431 τῆς
1504 396 1664 432 Ἐκκλησίας
1679 399 1819 436 διανεῖμαι·

1055 437 1085 468 σὺ
1098 438 1250 474 διακόνησον
1262 439 1326 474 αὐτὴ
1339 462 1346 476 ,
1357 439 1398 468 ἵνα
1409 439 1446 478 μὴ
1458 444 1502 469 τοῦ
1517 443 1679 480 ἀναλίσκειν,
1694 443 1762 472 ein&
1773 444 1819 472 καὶ

1054 486 1099 513 τοῧ
1115 487 1278 523 ὑπηρετῆσαι
1291 485 1353 524 ἔχῃς
1367 485 1411 514 τὸν
1428 486 1533 524 μισθόν·
1548 488 1654 522 οἰκείαις
1669 489 1744 528 χερσὶ
1763 489 1817 522 δός·

1054 529 1085 558 σὺ
1109 535 1214 570 σπεῖρον
1236 530 1284 566 τὴν
1305 531 1418 559 αὔλακα.
1447 532 1504 560 Οὐκ
1529 532 1566 561 ἔνι
1580 533 1687 574 ἄροτρον
1708 536 1819 563 ἐνταῦθα

1054 576 1204 613 πήξασθαι,
1221 577 1278 605 οὐδὲ
1293 579 1352 615 βοῦν
1365 576 1467 613 ζεῦξαι,
1484 577 1541 606 οὐδὲ
1562 579 1649 617 καιρὸν
1665 581 1819 618 ἀναμεῖναι,

1054 621 1111 650 οὐδὲ
1130 623 1177 660 γῆν
1202 623 1358 660 ἀνατεμεῖν,
1375 622 1432 652 οὐδὲ
1454 626 1546 662 κρυμῷ
1563 625 1706 654 παλαῖσαι·
1732 626 1820 660 πάσης

1053 667 1150 702 ταύτης
1164 669 1211 701 τῆς
1223 669 1408 708 περιεργασίας
1421 669 1589 705 ἀπήλλακται
1603 666 1675 704 οἶτος
1689 673 1703 700 ὃ
1715 672 1819 711 σπόρος.

1054 714 1100 745 Εἰς
1120 713 1171 753 γὰρ
1184 715 1227 743 τὸν
1243 715 1350 754 οὐρανὸν
1365 715 1496 754 σπείρεις,
1511 716 1572 745 ἔνθα
1586 718 1614 745 οὗ
1635 717 1746 756 κρυμὸς,
1761 718 1819 747 οὐδὲ

1031 765 1035 771 “
1053 759 1172 797 χειμὼν,
1193 761 1238 789 οὐκ
1256 760 1320 789 ἄλλο
1343 761 1428 790 οὐδέν·
1452 763 1486 794 εἷς
1502 761 1590 800 ψυχὰς
1604 763 1735 802 σπείρεις,
1759 764 1821 793 ἔνθα

1053 804 1134 837 οὐδεὶς
1158 805 1188 834 τὸ
1207 806 1367 844 βαλλόμενον
1384 807 1470 845 αἴρει,
1496 807 1564 836 ἀλλὰ
1588 808 1728 848 κατέχεται
1752 821 1819 849 σφο-

1054 851 1135 889 δρῶς,
1149 851 1193 879 καὶ
1210 851 1276 889 μετὰ
1289 853 1388 886 nou-75
1399 854 1445 886 τῆς
1458 852 1592 892 ἁκριὸείας
1601 876 1609 889 ,
1621 855 1665 882 καὶ
1677 855 1744 892 μετὰ
1757 858 1819 885 πολ-

1053 898 1100 931 λῆς
1114 899 1160 932 τῆς
1176 898 1300 932 σπουδῆς.
1317 897 1355 926 Σὺ
1369 902 1483 936 σπεῖρον.
1499 898 1550 927 Διὰ
1564 899 1590 927 τί
1602 900 1695 928 σαυτὸν
1706 903 1818 930 ἀποστε-

1056 946 1106 982 ρεῖς
1123 946 1167 972 τοῦ
1182 945 1289 980 μισθοῧ;
1306 943 1396 981 Μέγας
1418 944 1508 981 μισθὸς
1529 944 1559 972 τὸ
1580 944 1703 975 δύνασθαι
1728 948 1773 976 καὶ
1786 948 1819 977 τὰ

1053 990 1104 1017 τῶν
1127 989 1214 1018 ἄλλων
1228 991 1383 1027 οἰκονομεῖν.
1407 990 1446 1018 Οὔ
1462 993 1507 1019 τοῦ
1524 991 1610 1018 δοῦναι
1630 991 1707 1029 μόνον
1730 995 1820 1031 μισθός

1053 1036 1123 1064 ἔστιν
1132 1056 1140 1068 ,
1154 1035 1221 1064 ἀλλὰ
1236 1035 1281 1063 καὶ
1295 1038 1339 1064 τοῦ
1354 1036 1441 1068 καλῶς
1457 1035 1627 1074 οἷκονομῆσαι
1641 1036 1674 1065 τὰ
1688 1038 1820 1077 διδόμενα.

1053 1080 1104 1109 Διὰ
1127 1080 1153 1109 τί
1175 1081 1212 1119 μὴ
1233 1080 1263 1110 σὺ
1280 1080 1424 1119 λαμῧοὶνεις
1446 1081 1489 1110 τὸν
1505 1081 1611 1119 μισθόν,
1637 1082 1679 1111 ὅτι
1704 1084 1755 1125 γὰρ
1775 1085 1821 1113 καὶ

1052 1125 1142 1156 τούτου
1157 1127 1212 1155 ἐστὶ
1232 1126 1322 1164 μισθὸς
1333 1149 1340 1162 ,
1357 1126 1467 1154 ἄκουσον
1479 1138 1484 1144 ·
1511 1126 1701 1164 Κατέστησαν,
1723 1129 1802 1168 φησὶν
1812 1152 1820 1166 ‚

1052 1175 1075 1202 οἱ
1091 1173 1230 1202 ἀπόστολοι
1245 1171 1303 1205 τοὺς
1322 1172 1382 1211 περὶ
1402 1173 1534 1211 Στέφανον
1555 1174 1591 1206 εἷς
1605 1173 1652 1209 τὴν
1664 1177 1716 1203 τῶν
1729 1178 1819 1214 χηρῶν

1053 1219 1193 1249 διακονίαν,
1212 1221 1290 1248 Γενοῧ
1307 1218 1338 1248 σὺ
1355 1219 1490 1256 οἰκονόμος
1508 1221 1560 1248 τῶν
1576 1223 1686 1249 σαυτοῦ·
1708 1221 1773 1256 αὐτή
1790 1233 1819 1250 σε

1050 1269 1192 1306 χειροτονεῖ
1208 1267 1224 1300 ἦ
1237 1264 1430 1304 φιλανθρωπία,
1446 1267 1460 1293 ὁ
1478 1267 1522 1293 τοῧ
1543 1266 1613 1294 Θεοῦ
1630 1265 1717 1305 φόὸος.
1733 1268 1820 1297 Τοῦτο

1051 1312 1096 1341 καὶ
1116 1310 1261 1344 κενοδοξίας
1277 1310 1463 1346 ἀπήλλακται,
1488 1313 1563 1340 τοῦτο
1579 1311 1625 1340 καὶ
1644 1311 1732 1351 ψυχὰς
1753 1315 1819 1342 ἀνα-

1049 1357 1143 1394 παύει,
1166 1361 1241 1386 τοῦτο
1255 1357 1300 1385 καὶ
1315 1360 1405 1395 χεῖρας
1420 1356 1537 1394 ἁγιάζει,
1553 1359 1628 1385 τοῦτο
1643 1358 1686 1386 καὶ
1698 1359 1819 1398 φρόνημα

1051 1407 1191 1441 κατασπᾷ,
1205 1405 1282 1430 τοῦτο
1295 1401 1338 1430 καὶ
1353 1401 1507 1440 φιλοσοφίαν
1522 1401 1652 1437 διδάσκει,
1665 1407 1741 1432 τοῦτο
1755 1416 1819 1444 προ-

1051 1448 1191 1487 θυμότερον
1215 1447 1368 1485 ἐργάζεται,
1390 1446 1466 1475 τοῦτο’
1488 1458 1516 1475 σε
1541 1447 1586 1480 τὰς
1611 1449 1729 1487 εὖλογίας
1749 1455 1819 1479 ποιεῖ

1050 1495 1156 1523 λαὲεῖν·
1181 1493 1284 1521 ἄπεισιν
1306 1495 1322 1527 ἡ
1336 1492 1437 1531 κεφαλή
1459 1505 1504 1522 σου
1520 1494 1648 1533 δεχομένη
1669 1495 1754 1528 πάσας
1773 1497 1819 1530 τὰς

1050 1539 1123 1578 παρὰ
1146 1541 1197 1567 τῶν
1220 1540 1311 1578 χηρῶν
1335 1538 1461 1577 εὐλογίας.
1482 1539 1681 1579 Προθυμότερος
1696 1545 1772 1580 γενοῦ
1792 1544 1819 1571 ἐν

1050 1589 1106 1618 ταῖς
1121 1586 1225 1624 εὐχαῖς,
1249 1584 1419 1623 περιεργάζου
1442 1584 1486 1612 καὶ
1513 1585 1600 1623 ἁγίους
1627 1586 1737 1626 ἄνδρας,
1761 1587 1820 1620 τοὺς

1050 1632 1129 1662 ὄντως
1144 1631 1246 1668 ἁγίους,
1262 1629 1321 1662 τοὺς
1335 1632 1361 1658 ἐν
1375 1634 1432 1662 ταῖς
1444 1630 1566 1669 ἐρημίαις
1577 1632 1748 1670 καθημένους,
1759 1633 1819 1667 τοὺς

1051 1678 1079 1705 οὖ
1092 1677 1247 1714 δυναμένους
1258 1678 1373 1705 ἐπαιτεῖν
1382 1698 1389 1711 ,
1404 1675 1464 1708 τοὺς
1472 1676 1683 1716 προσανέχοντας
1693 1680 1731 1718 τῷ
1746 1680 1818 1718 Θεῷ·

1052 1724 1141 1762 βάδιζε
1163 1722 1266 1763 μακρὰν
1288 1722 1359 1757 ὁδὸν,
1381 1721 1450 1750 δίδου
1467 1721 1509 1750 διὰ
1533 1727 1642 1753 σαυτοῦ·
1667 1724 1753 1754 πολλὰ
1767 1725 1817 1765 γάρ

1051 1771 1107 1799 ἐστι
1129 1768 1162 1797 δι’
1184 1771 1275 1797 ἑαυτοῦ
1295 1769 1443 1807 ὠφελῆσαι,
1469 1767 1513 1796 ἐὰν
1533 1768 1591 1807 δῷς.
1613 1769 1696 1809 Ὁρᾷς
1718 1771 1818 1807 σκηνὴν

1051 1816 1096 1844 καὶ
1108 1814 1288 1853 καταγώγιον,
1304 1816 1365 1853 δρᾷς
1381 1812 1508 1852 ἐρημίαν;
1523 1816 1584 1854 ὁρᾷς
1598 1815 1724 1853 μόνωσιν;
1745 1819 1819 1846 Πολ-

1051 1862 1127 1894 λάκις
1148 1860 1268 1889 ἀπελθὼν
1283 1860 1370 1888 δοῦναι
1383 1859 1524 1898 χρήματα,
1547 1860 1645 1894 ἔδωκας
1663 1862 1710 1896 τὴν
1729 1863 1817 1902 ψυχὴν

1053 1907 1204 1945 ὁλόκληρον,
1215 1906 1260 1934 καὶ
1268 1904 1441 1943 κατεσχέθης,
1455 1905 1500 1933 καὶ
1511 1905 1617 1944 γέγονας
1629 1908 1818 1947 συναιχμάλω-

1053 1964 1095 1985 τος
1106 1951 1204 1980 ἐκείνου
1213 1974 1221 1987 ,
1233 1950 1439 1984 συνεξενίτευσας
1452 1951 1490 1989 τῷ
1505 1950 1606 1991 κόσμῳ,
1618 1952 1697 1990 Μέγα
1707 1958 1818 1992 πρᾶγμα

1054 1998 1098 2027 καὶ
1110 1998 1223 2033 πένητας
1237 1999 1308 2036 ὁρᾷν.
1330 1995 1437 2034 Ἀγαθὸν
1447 2018 1454 2031 ,
1469 1996 1563 2034 φησὶν,
1588 1999 1711 2027 εἰσελθεῖν
1728 2000 1764 2031 εἷς
1783 2001 1820 2028 οἷ-

1054 2044 1112 2074 κίαν
1126 2043 1247 2078 πένθους,
1259 2043 1276 2077 ἢ
1288 2043 1323 2075 εἷς
1335 2040 1419 2070 οἰκίαν
1434 2041 1554 2079 γέλωτος.
1569 2042 1704 2072 Ἐντεῦθεν
1715 2046 1733 2079 ἠ
1747 2044 1819 2084 ψυχὴ

1020 2099 1037 2122 F
1054 2089 1218 2130 φλεγμαίνει.
1237 2087 1288 2116 Ἂν
1309 2087 1355 2125 μὲν
1367 2086 1418 2125 γὰρ
1433 2086 1497 2125 ἔχῃς
1509 2087 1604 2125 ὁμοίως
1621 2094 1736 2128 τρυφᾷν,
1757 2101 1821 2128 προ-

1053 2135 1152 2175 τροπὴν
1169 2134 1262 2167 ἔλαὸες
1278 2134 1313 2166 εἷς
1336 2132 1487 2167 σπατάλην·
1504 2132 1534 2160 ἂν
1548 2133 1575 2163 δὲ
1590 2133 1627 2172 μὴ
1640 2134 1721 2173 ἔχῃς,
1734 2134 1820 2170 λύπην

1054 2181 1141 2214 ἐδέξω.
1153 2182 1201 2213 Εἷς
1216 2180 1243 2210 δὲ
1256 2179 1303 2214 τὴν
1318 2178 1402 2207 οἰκίαν
1414 2180 1425 2192 ³
1436 2181 1480 2207 τοῦ
1492 2179 1599 2212 πένθους
1612 2179 1683 2209 οὐδὲν
1696 2183 1822 2216 τοιοῦτον,

1054 2227 1122 2256 ἀλλὰ
1136 2226 1184 2255 κᾶν
1200 2225 1236 2264 μὴ
1252 2225 1314 2264 ἔχῃς
1330 2227 1444 2262 τρυφᾷν,
1460 2226 1508 2254 οὐκ
1525 2225 1660 2265 ἤλγησας,
1674 2226 1722 2254 κᾶν
1743 2225 1821 2264 ἔχῃς,

1053 2272 1230 2311 καταστέλλῃ.
1256 2270 1359 2302 Ὄντως
1379 2268 1449 2298 οἰκία
1464 2270 1572 2304 πένθους
1593 2271 1626 2300 τὰ
1641 2271 1820 2310 μοναστήρια,

1053 2320 1113 2348 ἔνθα
1132 2318 1227 2350 σάκκος
1241 2317 1285 2346 καὶ
1307 2316 1417 2352 σποδὸς,
1432 2314 1492 2344 ἔνθα
1507 2316 1632 2355 μόνωσις,
1655 2316 1715 2346 ἔνθα
1738 2316 1820 2355 γέλως

1054 2365 1152 2397 οὐδεὶς.
1175 2363 1231 2392 οὐδὲ
1248 2365 1377 2401 βιωτικῶν
1402 2363 1564 2402 πραγμάτων
1583 2362 1670 2401 ὄχλος,
1697 2362 1757 2390 ἔνθα
1774 2374 1819 2397 νη·

263 2412 413 2450 jejunium,
438 2411 484 2439 ubi
511 2410 587 2440 humi
613 2411 738 2449 cubatio,
767 2411 813 2439 ubi
838 2422 905 2450 pura
940 2419 1000 2440 sunt
1020 2419 1038 2441 Λ
1055 2410 1144 2443 στεία,
1166 2410 1226 2438 ἔνθα
1247 2409 1389 2448 χαμευνία,
1415 2409 1500 2437 πάντα
1520 2407 1622 2446 καθαρὰ
1644 2408 1751 2442 κνίσσης
1774 2409 1818 2436 αἷ-

302 2523 309 2533 ³
330 2516 430 2546 {Opinoi
449 2516 577 2549 legendum
593 2521 726 2545 tebni-15⁰4
740 2521 773 2542 ια,
790 2516 905 2550 εἴτεύςφ]
