1893 2860
426 143 458 166 {N
482 143 588 166 EPIST.
618 145 653 167 11.

69 217 121 233 των
134 203 262 243 βασιλέων
285 205 384 242 μᾶλλον
405 205 614 242 Θαυμασθέντος;
628 206 663 235 Εἰ
677 207 789 235 ἐνταῦθα
803 206 836 235 τὰ

69 250 135 289 ὑπὲρ
155 249 231 288 φύσιν
246 249 364 288 ἐγένετο,
377 252 467 289 πολλῷ
490 253 588 289 μᾶλλον
600 253 626 280 ἐν
647 254 684 291 τῷ
706 252 837 291 μέλλοντι.

69 295 229 330 Πίστευσον,
249 295 386 334 ἄνθρωπε,
400 300 455 329 τοῖς
477 299 624 336 παροῦσιν,
648 300 670 327 εἷ
694 298 730 337 μὴ
756 299 838 331 Θέλεις

68 345 122 373 τοῖς
139 340 278 379 μέλλουσι·
294 341 449 378 πίστευσον,
464 343 599 381 ἄνθρωπε,
614 349 668 377 τοῖς
683 344 838 383 ὁρωμένοις,

69 388 92 415 εἷ
104 386 140 424 μὴ
158 386 246 425 βούλει
256 392 310 420 τοῖς
323 388 453 427 ἀοράτοις.
468 390 577 418 Μᾶλλον
592 389 618 418 δὲ
633 389 771 419 πίστευσον
787 394 840 422 τοῖς

68 433 210 471 ὁρωμένοις
222 445 228 451 ·
249 433 318 462 οὕτω
331 434 382 474 γὰρ
397 435 442 463 καὶ
464 439 518 468 τοῖς
538 436 658 474 ἀοράτοις
677 435 838 468 πιστεύσεις·

69 477 132 506 εἰδὲ
147 478 176 505 οὖ
199 478 294 514 Θέλεις,
317 478 437 519 εὔκαιρον
460 479 490 508 τὸ
511 483 556 508 τοῦ
579 480 725 509 ἀποστόλου
743 481 838 515 εἰπεῖν,

69 524 189 562 Καθαροὶ
207 526 284 561 ἡμεῖς
298 524 351 553 ἀπὸ
365 528 410 554 τοῦ
426 525 536 562 αἵματος
556 527 629 563 ὑμῶν
644 537 650 542 ·
667 525 773 554 ἅπαντα
787 525 839 564 γὰρ

68 571 128 607 ὑμῖν
145 570 384 609 διεμαρτυράμεθα,
399 571 444 599 καὶ
456 570 526 600 οὐδὲν
540 571 692 609 ἐνελίπομεν
704 573 756 599 τῶν
771 572 839 610 ὀφει-

68 614 166 643 λόντων
189 617 334 654 λεχθῆναι·
357 618 432 654 ὑμεῖς
454 617 562 649 ἑαυτοὺς
586 618 755 652 αἰτιάσαισθε,
777 616 840 645 “mil

68 660 197 698 λογιεῖσθε
222 661 270 696 τὴν
286 662 312 690 ἐν
334 665 366 701 τῇ
390 664 482 701 γεέννῃ
497 663 637 702 τιμωρίαν.
652 663 745 701 ἹΙμεῖς
760 662 803 697 δὲ,
818 657 840 690 ὦ

69 706 148 736 τέκνα
164 708 304 746 ἀγαπητὰ,
321 708 429 737 Παύλου
442 710 558 747 μιμηταὶ
581 709 617 747 μὴ
637 709 706 738 κατὰ
728 708 775 742 τὴν
796 708 840 737 πί-

70 764 127 781 στιν
142 753 233 790 μόνον,
251 753 319 782 ἀλλὰ
339 754 384 782 καὶ
402 754 471 783 κατὰ
486 756 529 784 τὸν
552 755 607 793 βίον
623 755 768 794 γενώμεθα.
785 754 841 783 Ἵνα

68 798 190 837 τύχιι)μεν
205 799 280 833 δόξης
293 800 446 839 ἐπουρανίου
457 823 464 836 ,
483 801 716 839 καταπατήσωμεν
734 801 780 836 τὴν
797 802 841 829 ε’ν-

68 847 152 873 ταῦθα
168 844 242 878 δόξαν
254 857 260 863 ·
279 845 361 884 μηδὲν
382 849 453 884 ἡμᾶς
473 847 623 886 ἐφελκέσῡω
638 850 689 876 τῶν
705 846 840 885 παρόντων

69 890 192 919 ἁπάντων
205 903 211 908 ·
227 891 469 930 καταφρονήσωμεν
484 895 536 921 τῶν
549 892 705 933 ὁρωμένων,
727 892 768 921 ἵνα
788 894 840 920 τῶν

69 937 196 975 οὐρανίων
210 938 348 977 τύχωμεν,
363 939 461 976 μᾶλλον
479 939 505 967 δὲ
524 940 569 968 καὶ
587 939 684 968 τούτων
703 938 841 971 ἐπιτευξώ-

71 986 138 1020 μεθα
161 984 194 1011 δι’
207 984 328 1020 ἐκείνων,
343 984 412 1019 πλὴν
437 986 640 1023 προηγουμένως
663 985 731 1014 ἔστιν)
751 987 764 1013 ὁ
779 995 841 1013 σκο-

70 1029 118 1061 πὸς
142 1029 247 1058 ἐκείνων
271 1031 404 1069 ἐπιτυχεῖν
427 1043 433 1048 ·
457 1027 493 1060 ὧν
518 1032 620 1069 γένοιτο
645 1030 746 1063 πάντας
769 1032 841 1068 ἡμᾶς

71 1074 224 1110 ἀξιωθῆναι.

104 1182 114 1194 ⁸
133 1175 318 1210 [Videturleg-
330 1182 367 1204 καὶ
379 1180 466 1208 ἑαυτοῖς
478 1182 526 1211 λογ.
540 1180 668 1213 Βιιοτευε]

684 144 728 167 ΑΙ)
754 144 894 169 ΤΙΜΟΤΙΙ.

923 146 1000 168 CM>-
1032 147 1067 170 11.
1097 147 1217 170 nonu„
1251 147 1286 170 V.

1568 140 1640 188 739

890 216 981 236 omnes
997 208 1173 247 Imperatores
1187 208 1338 237 honoratus
1351 208 1427 238 suit?
1447 209 1476 239 Si
1495 208 1541 239 hic
1555 220 1638 251 supra

890 260 1015 282 naturam
1027 254 1111 283 multa
1126 254 1193 283 facta
1206 261 1277 291 sunt,
1294 255 1379 284 multo
1394 255 1480 294 magis
1492 255 1520 285 in
1534 256 1637 286 futuro.

891 299 985 336 Crede,
1001 310 1016 328 ο
1031 299 1123 337 homo,
1142 301 1327 339 praesentibus,
1345 301 1367 330 si
1382 301 1451 330 nolis
1465 302 1573 331 credere
1594 303 1638 332 su-

892 345 960 373 turis
975 358 980 374 :
997 345 1075 374 erede
1093 346 1126 374 iis
1139 357 1199 384 quae
1212 346 1349 384 videntur,
1362 347 1384 376 si
1400 347 1469 376 nolis
1484 347 1635 378 invisibili-

891 391 942 419 bus
955 391 1071 421 credere.
1092 392 1150 421 lmo
1163 392 1253 431 potius
1267 392 1345 421 crede
1369 393 1402 422 iis
1417 404 1477 432 quae
1491 393 1635 431 videntur;

892 437 929 465 ita
953 437 1024 466 enim
1043 438 1124 466 etiam
1146 438 1179 466 iis
1201 449 1262 476 quae
1287 449 1339 467 non
1364 439 1491 468 videntur
1513 440 1604 470 credes
1628 452 1635 469 :

892 482 933 511 sin
952 483 1033 521 nolis,
1055 491 1205 522 opportune
1221 485 1271 513 tibi
1284 485 1391 514 dicatur
1404 486 1474 515 illud
1492 486 1607 526 apostoli
1626 499 1633 515 ι

892 528 990 556 Mundi
1003 539 1050 557 nos
1063 540 1154 558 sumus
1167 541 1181 558 a
1195 531 1326 568 sanguine
1336 538 1427 560 vesu-o
1439 543 1444 558 :
1458 533 1547 561 omnia
1563 533 1635 561 enim
1647 545 1700 564 Act.
1714 539 1796 563 2026.

893 575 1031 602 contestati
1056 574 1133 603 vobis
1155 586 1247 603 sumus
1273 576 1396 614 nihilque
1413 578 1555 607 omisimus
1575 589 1636 617 quae
1649 579 1688 602 ²7·

892 620 1013 659 oportuit
1036 620 1125 649 dicere
1146 632 1216 649 :vos
1231 622 1290 660 jam
1310 622 1388 650 vobis
1412 623 1480 661 ipsis
1505 624 1638 663 imputate

893 666 1019 704 gehenuae
1043 666 1216 706 supplicium.
1242 668 1296 695 Nos
1312 674 1421 703 autem,
1444 678 1460 695 o
1477 669 1528 697 filii
1551 670 1637 698 caris-

893 712 966 747 simi,
987 712 1064 740 Pauli
1087 712 1234 741 imitatores
1257 712 1351 749 simus,
1363 723 1416 741 non
1437 714 1586 743 secundum
1605 715 1637 743 si-

893 757 955 786 dem
971 765 1084 793 tantum,
1106 758 1152 786 scd
1165 758 1245 786 etiam
1260 758 1408 787 secundum
1420 759 1516 788 vitam.
1529 761 1568 789 Ut
1589 771 1638 788 cm—

893 803 986 832 lestem
1001 803 1116 842 gloriam
1137 814 1343 842 consequamur,
1362 804 1544 844 despiciamus
1564 816 1639 844 prze-

894 857 995 878 sentem
1010 850 1124 888 gloriam
1147 862 1153 878 z
1169 850 1239 878 nihil
1261 861 1308 879 nos
1323 851 1495 890 praesentium
1508 852 1610 880 alliciat
1631 864 1637 880 :

893 903 1095 925 contemnamus
1111 897 1241 933 visibilia,
1258 904 1288 925 ut
1304 897 1418 926 caelestia
1432 897 1635 937 adipiscamur3

894 943 949 971 imo
964 943 1043 971 etiam
1058 954 1104 982 per
1117 943 1173 971 haec
1193 943 1239 971 illa
1256 954 1449 981 consequemur
1458 955 1466 981 ;
1479 944 1527 974 sed
1541 955 1639 984 scopus

895 996 984 1017 noster
999 989 1034 1017 sit
1046 989 1091 1017 illa
1107 989 1278 1028 potissimum
1294 990 1423 1029 consequi
1440 1001 1519 1029 :quoe
1534 991 1640 1020 utinam

895 1045 986 1064 omnes
1000 1035 1178 1064 obtineamus.

339 1349 342 1351 ”
360 1362 497 1392 omnm
517 1363 548 1391 ε’.

70 1453 168 1486 Πιστὸς
181 1455 194 1482 ὁ
207 1453 295 1492 λόγος·
314 1455 336 1482 εἷ
355 1454 406 1493 γὰρ
421 1454 643 1492 συναπεθάνομεν,
664 1455 709 1483 καὶ
723 1456 837 1491 συζήσο-

109 1512 172 1538 μεν·
191 1502 213 1528 εἰ
227 1499 401 1538 ὑπομένομεν,
419 1500 464 1528 καὶ
477 1500 723 1539 συμέῗασιλεύσομεν
735 1513 740 1518 ·
757 1503 779 1530 εἰ
792 1504 837 1541 ἀρ·
856 1510 874 1533 D

108 1546 257 1584 νησόμεθα,
273 1548 392 1579 κάκεῖνος
407 1547 548 1585 ἀρνήσεται
563 1549 649 1585 ἡμᾶς·
670 1549 693 1576 εἶ
708 1549 837 1577 ἀπιστοῦ-

110 1604 167 1630 μεν,
179 1594 274 1625 ἐκεῖνος
289 1593 380 1624 πιστὸς
396 1592 484 1630 μένει·
498 1593 662 1632 ἀρνήσασθαι
681 1593 733 1633 γὰρ
746 1595 835 1623 ἑαυτὸν

107 1640 136 1667 οὗ
148 1638 264 1667 δύναται.
277 1639 371 1667 Ταῦτα
384 1639 581 1676 ὗπομίμνησκε,
596 1639 837 1679 διαμαρτυρόμενος

107 1684 217 1714 ἐνώπιον
229 1688 274 1713 τοῦ
285 1685 393 1725 Κυρίου,
409 1685 446 1723 μὴ
460 1687 621 1725 λογομαχεῖν
634 1687 669 1719 εἷς
683 1687 754 1716 οὐδὲν
769 1687 836 1726 χρή·

107 1742 183 1769 σιμον
201 1731 243 1760 ἐπὶ
257 1734 425 1771 καταστροφῇ
444 1733 496 1760 τῶν
511 1732 668 1761 ἀκουόντων.

107 1871 206 1901 Πολλοὶ
218 1873 270 1900 τῶν
285 1872 476 1911 ἀσθενεστέρων
492 1871 637 1910 ἀνθρώπων
653 1871 718 1910 πρὸς
732 1871 778 1909 μὲν
792 1871 836 1900 τὸν

67 1920 114 1952 τῆς
125 1917 240 1949 πίστεως
251 1916 322 1945 τόνον
339 1916 555 1956 ἀπαγορεύουσιν,
570 1917 627 1946 οὐδὲ
643 1917 691 1951 τὴν
703 1916 835 1951 ἀναῧολῆν

65 1966 112 1998 τῆς
127 1962 230 1995 ἐλπίδος
244 1963 365 2002 φέρουσι·
381 1962 414 1990 τὰ
428 1962 546 2001 παρόντα
563 1962 590 1990 δὲ
604 1963 774 1998 ἐπιζητοῦσι,
791 1962 835 1990 καὶ

66 2008 118 2036 ἀπὸ
131 2008 227 2036 τούτων
242 2007 275 2036 τὰ
291 2007 420 2045 μέλλοντα
433 2007 682 2046 χαρακτηρίζουσιν,
697 2007 775 2036 Ἐπεὶ
791 2003 834 2037 οὖν

65 2053 98 2082 τὰ
113 2052 159 2090 μὲν
180 2054 290 2081 ἐνταῦθα
313 2052 422 2085 θάνατος
439 2048 481 2087 ἦν,
503 2052 627 2090 βάσανοι,
643 2052 727 2090 δεσμά
739 2065 744 2070 ·
759 2054 835 2086 αὐτὸς

66 2100 92 2127 δέ
107 2110 197 2138 φησιν,
212 2098 252 2127 ὅτι
267 2100 302 2130 εἷς
316 2098 385 2133 ζωὴν
402 2097 505 2126 αἰώνιον
519 2097 634 2133 ἥξουσιν,
649 2100 696 2126 οὐκ
709 2099 738 2126 ἂν
753 2099 782 2127 δέ
796 2111 835 2132 τις

65 2144 224 2179 ἐπίστευσεν,
240 2145 298 2172 ἀλλ’
310 2139 381 2171 εἶπεν
397 2143 436 2177 ἂν,
450 2143 475 2171 τί
486 2143 570 2181 λέγεις
582 2156 588 2177 ;
601 2143 644 2172 ὅτε
656 2145 692 2176 ζῶ
701 2166 708 2179 ,
720 2145 834 2180 ἀποθνή-

64 2201 133 2223 σκω,
148 2190 192 2218 καὶ
213 2189 275 2218 ὅταν
301 2189 442 2225 ἀποθάνω,
467 2191 516 2225 ζῶ;
532 2191 558 2217 ἐν
578 2191 610 2227 τῇ
634 2191 667 2227 γῇ
692 2201 736 2227 μοι
763 2190 834 2220 οὐδὲν

64 2236 214 2275 ἐπαγγέλλῃ
223 2258 230 2272 ,
246 2236 290 2264 καὶ
305 2237 331 2264 ἐν
346 2237 383 2274 τῷ
396 2236 497 2274 οὐρανῷ
511 2235 605 2270 δίδως,
618 2235 652 2263 τὰ
663 2235 745 2275 μικρὰ
757 2237 785 2264 οὗ
798 2237 835 2265 δί-

65 2284 130 2318 δως,
151 2282 196 2311 καὶ
221 2281 254 2310 τὰ
279 2281 382 2320 μεγάλα
407 2281 533 2320 παρέχεις
545 2294 552 2317 ;
568 2281 611 2310 ἵνα
634 2281 719 2310 τοίνυν
745 2283 834 2320 μηδεὶς

65 2332 146 2357 ταῦτα
158 2329 248 2367 ἑννοῇ,
262 2327 440 2366 ἀναμφίῧολον
455 2331 570 2356 ποιεῖται
584 2327 676 2356 τούτου
691 2327 737 2363 τὴν
754 2340 834 2358 κατα·

65 2375 172 2410 σκευὴν,
187 2373 415 2412 προκαταὸάλλων
436 2373 482 2412 μὲν
501 2373 563 2402 αὐτὸ
585 2373 629 2402 καὶ
650 2373 700 2409 ἤδη
712 2397 718 2408 ,
734 2374 779 2402 καὶ
791 2386 831 2403 τε·
863 2401 867 2406 ,

65 2421 167 2460 κμήρια
181 2421 266 2453 διδούς
278 2420 287 2458 (
297 2419 327 2448 τὸ
349 2420 411 2460 γὰρ,
428 2419 583 2458 Μνημόνευε
603 2420 715 2459 Χριστὸν
730 2420 831 2456 Ἰησοῦν

66 2467 240 2506 ἐγηγερμένον
253 2468 282 2495 ἐκ
293 2478 378 2505 νεκρν,
397 2467 473 2495 τοῦτο’
494 2467 573 2502 ἐστιν,
585 2468 624 2495 ὅτι
639 2466 706 2505 μετὰ
722 2466 834 2496 θάνατον

66 2515 161 2548 ἀνέστη
173 2513 193 2532 l·
209 2516 252 2542 νῦν
273 2514 298 2542 δὲ
322 2514 350 2541 τὸ
375 2514 437 2542 αὐτὸ
450 2514 529 2542 πάλιν
544 2515 629 2549 δηλῶν
646 2526 723 2552 φησι,
737 2515 836 2546 Πιστὸς

1158 1365 1317 1394 HOMILIA
1335 1367 1370 1395 V.

894 1457 962 1487 cip,
981 1458 1015 1486 ll.
1031 1468 1058 1486 v.
1072 1459 1119 1487 11.
1134 1458 1247 1486 Fidelis
1257 1467 1351 1486 sermo
1361 1469 1370 1484 .·
1384 1468 1453 1486 nam
1466 1460 1638 1488 sicommor-

934 1505 1096 1539 tuisianus,
1106 1510 1133 1532 et
1144 1505 1330 1532 convivemus
1341 1515 1349 1530 :
1362 1505 1409 1532 12.
1418 1506 1444 1532 si
1452 1507 1637 1539 sustinemus,

933 1556 960 1578 et
970 1551 1212 1589 conregnabimus
1225 1561 1234 1576 .·
1250 1552 1275 1578 si
1293 1552 1504 1589 negaverimus,
1524 1557 1553 1579 et
1578 1553 1639 1590 ipse

931 1598 1048 1635 negabit
1059 1606 1111 1625 nos
1124 1607 1132 1623 :
1144 1597 1190 1624 15.
1207 1597 1232 1624 si
1245 1606 1305 1624 non
1315 1597 1467 1633 credimus,
1479 1597 1639 1635 illesidelis

929 1649 1080 1681 permanet
1088 1654 1098 1676 ;
1114 1653 1219 1682 negare
1232 1644 1310 1671 enim
1321 1645 1445 1681 seipsum
1457 1653 1516 1670 non
1534 1649 1637 1681 potest.

935 1689 982 1717 14.
991 1690 1063 1718 Hoec
1075 1689 1210 1724 admone⁷
1220 1689 1383 1726 testificans
1390 1699 1490 1717 coram
1499 1689 1638 1724 Domino,

934 1745 992 1763 non
1010 1736 1109 1763 verbis
1136 1734 1327 1767 contendere;
1345 1734 1386 1761 ad
1411 1734 1537 1761 nihilum
1559 1735 1638 1762 enim

935 1779 1006 1807 utile
1020 1785 1072 1813 est,
1088 1779 1145 1806 nisi
1157 1778 1198 1806 ad
1209 1779 1424 1806 subversionem
1441 1778 1636 1806 audientium.

927 1869 1039 1898 1.Mulii
1048 1869 1228 1898 infirmiorum
1236 1869 1378 1897 hominum
1387 1869 1449 1898 fidei
1460 1869 1487 1898 in
1496 1869 1586 1898 labore
1593 1869 1637 1899 de-

893 1916 1033 1956 spondent,
1043 1926 1091 1944 nec
1110 1915 1166 1954 spei
1177 1915 1335 1944 dilationem
1345 1916 1435 1944 serunt
1446 1927 1453 1952 ;
1463 1915 1510 1944 sed
1520 1926 1636 1954 praesen-

892 1963 928 1992 tia
942 1969 1075 2001 quaerunt,
1089 1968 1114 1990 et
1129 1972 1163 1990 ex
1176 1961 1219 1990 his
1232 1961 1266 1990 de
1276 1961 1374 1990 futuris
1386 1961 1543 2000 conjiciunt.
1559 1962 1636 1997 Quo-

891 2010 963 2038 niam
976 2009 1059 2048 igitur
1072 2009 1212 2048 praesentia
1223 2009 1281 2037 haec
1292 2015 1378 2043 erant,
1394 2019 1477 2044 mors,
1491 2009 1634 2048 supplicia,

891 2056 1017 2093 vincula;
1035 2055 1082 2084 ille
1095 2065 1159 2084 vero
1173 2054 1280 2083 dicebat
1289 2054 1360 2094 ipsos
1373 2054 1408 2083 ad
1416 2054 1500 2083 vitam
1509 2061 1635 2085 aeternam

891 2111 946 2129 esse
957 2107 1097 2136 venturos;
1111 2099 1159 2128 vix
1172 2106 1261 2127 autem
1274 2098 1303 2127 id
1318 2098 1453 2138 quispiam
1468 2098 1634 2136 credidisset,

891 2144 937 2173 sed
951 2144 1018 2172 sorte
1026 2143 1149 2179 dixisset,
1165 2142 1240 2179 Quid
1249 2142 1338 2171 dieis?
1353 2153 1415 2171 cum
1426 2142 1490 2171 vivo
1511 2143 1613 2171 morior
1622 2165 1632 2181 ,

891 2197 916 2219 et
933 2200 993 2218 cum
1008 2188 1109 2217 morior
1121 2188 1209 2217 vivoi'
1227 2187 1253 2216 in
1263 2194 1332 2216 terra
1345 2187 1414 2216 nihil
1433 2187 1501 2215 mihi
1520 2188 1633 2226 promit-

891 2237 935 2273 tis,
945 2242 970 2264 et
984 2235 1011 2264 in
1030 2235 1096 2264 eaelo
1109 2234 1208 2262 dabis?
1222 2244 1282 2272 quae
1294 2244 1377 2272 parva
1389 2240 1451 2262 sunt
1463 2243 1515 2262 non
1532 2233 1590 2271 das,
1606 2241 1633 2263 et

891 2292 986 2321 magna
998 2281 1138 2322 praestabis
1152 2280 1166 2308 ἶ)
1183 2287 1213 2308 ut
1223 2290 1255 2308 ne
1270 2280 1361 2317 itaque
1372 2279 1433 2317 quis
1448 2279 1513 2308 talia
1525 2280 1631 2318 eogita-

890 2336 940 2363 ret,
953 2339 1006 2357 non
1017 2327 1171 2365 ambiguam
1185 2326 1237 2355 liae
1247 2325 1280 2354 de
1289 2336 1317 2354 re
1325 2326 1425 2365 profert
1437 2325 1631 2365 probationem,

890 2384 950 2402 eum
966 2373 1054 2412 ipsum
1068 2371 1135 2400 illud
1147 2371 1205 2410 jam
1228 2377 1289 2399 ante
1302 2370 1509 2410 praestruxisset‚
1533 2377 1559 2399 et
1574 2371 1632 2410 ejus

891 2420 989 2449 indicia
1002 2419 1112 2448 dederat
1126 2422 1135 2455 (
1152 2418 1219 2447 illud
1240 2418 1323 2456 enim,
1339 2419 1455 2447 Memor
1472 2424 1532 2447 esto
1546 2419 1632 2447 Chri-

888 2474 964 2496 stum
983 2467 1084 2495 Jesum
1100 2467 1291 2494 resurrexisse
1315 2475 1333 2493 (ι
1354 2466 1488 2502 mortuis,
1510 2464 1561 2493 lioc
1582 2473 1630 2501 est,

889 2513 950 2552 quin
965 2518 1024 2551 post
1040 2518 1151 2540 mortem
1166 2510 1311 2539 resurrexit
1325 2515 1334 2547 )
1350 2522 1355 2538 z
1377 2520 1449 2539 nunc
1474 2520 1536 2540 vero
1558 2510 1629 2540 idem
