1893 2860
475 148 507 170 [VN

101 209 236 245 ἀνέπεσον,
246 210 333 249 φησὶν,
346 208 435 244 ἐπειδὴ
448 211 570 238 τοσοῦτον
583 209 690 247 δραμὼν
703 210 749 238 οὐκ
759 209 869 248 ἷοχυσα,

99 254 157 283 οὐδὲ
170 255 300 294 ἀπέγνων,
311 256 368 283 ἀλλ’
382 254 420 282 ἔτι
432 255 518 294 τρέχω
529 278 536 290 ,
551 254 589 283 ἔτι
602 255 763 292 ἀγωνίζομαι
773 266 779 271 ·
792 256 869 282 τοῦτο

99 300 177 337 μόνον
194 303 298 335 σκοπῶ,
313 300 383 333 ὅπως
395 299 426 335 δὴ
438 300 624 338 προκόπτοιμι.
640 300 719 329 Οὕτω
734 300 778 328 καὶ
796 302 868 337 ἡμᾶς

96 346 149 385 χρὴ
162 350 254 381 ποιεῖν,
274 346 491 375 ἐπιλανθάνεσθαι
510 348 562 375 τῶν
585 346 806 384 κατορθωμάτων,
822 345 867 374 καὶ

96 391 200 430 ἀφιέναι
221 392 286 420 αὐτὰ
308 392 401 421 ὀπίσω.
424 392 475 421 Καὶ
493 392 544 432 γὰρ
564 395 577 421 ὁ
601 392 709 432 δρομεὺς
732 393 781 430 οὐχ
792 391 867 423 ὅσους

94 437 188 472 ἤνυσεν
203 438 384 476 ἀναλογίζεται
410 437 545 473 διαύλους,
559 439 617 467 ἀλλ’
641 439 715 470 ὅσους
736 438 865 466 λείπεται.

97 482 149 511 Καὶ
162 485 238 521 ἡμεῖς
250 483 286 521 μὴ
308 483 368 512 ὅσον
380 483 513 522 ἠκούσαμεν
527 486 573 519 τῆς
595 486 688 523 ἀρετῆς
703 482 865 521 ἀναλογιζώ-

97 530 178 565 μεθα,
193 529 251 556 ἀλλ’
270 528 328 557 ὅσον
340 531 404 567 ἡμῖν
418 529 512 558 λείπει.
531 529 567 558 Τί
580 530 631 569 γὰρ
643 532 712 567 ἡμᾶς
725 529 821 567 ὠφελεῖ
836 528 866 556 τὸ

97 574 215 608 ἀνυσθὲν,
229 575 291 603 ὅταν
303 575 332 604 τὸ
354 575 508 613 λειπόμενον
524 576 561 614 μὴ
586 578 732 615 προστεθῇ,
749 574 801 602 Καὶ
819 575 865 602 οὐκ

98 615 179 656 εἶπεν,
202 620 242 648 ὅτι
262 623 310 649 οὐκ
335 622 536 660 ἀναλογίζομαι,
549 621 607 650 οὐδὲ
623 622 776 659 μέμνημαι,
797 620 866 654 ἀλλ’,

98 664 349 704 Ἐκλανθανόμενος,
361 669 431 704 ἡμᾶς
443 667 696 706 προσεκτικωτέρους
706 668 797 694 ποιῶν.
813 665 866 694 Οὕ-

98 722 136 740 τω
155 711 206 751 γὰρ
221 712 327 751 σφοδροὶ
342 712 480 750 γινόμεθα,
496 712 556 741 ὅταν
569 717 657 741 πᾶσαν
671 712 818 751 προθυμίαν
832 711 868 742 εἰς

99 757 129 786 τὸ
144 759 232 786 λεῖπον
247 758 432 796 ἀναλάὸωμεν,
442 758 503 787 ὅταν
519 760 605 787 ἐκεῖνα
617 758 684 796 λήθῃ
697 758 868 796 παραδῶμεν.

98 803 346 842 Ἐπεκτεινόμενοι,
367 804 446 843 φησὶ,
468 804 529 843 πρὶν
550 804 567 839 ἢ
588 803 796 844 παραγενέσῡαι,
821 803 869 830 λα-

101 849 155 878 ἕεῖν
167 850 354 888 σπουδάζομεν.
370 850 403 879 Ὁ
416 850 468 890 γὰρ
479 850 691 888 ἐπεκτεινόμενος
702 844 775 881 οῧτός
790 850 868 884 ἐστιν,

100 898 114 924 ὃ
125 895 182 928 τοὺς
193 896 274 928 πόδας
286 896 371 925 καίτοι
385 896 526 935 τρέχοντας
539 898 577 935 τῷ
591 897 676 935 λοιπῷ
687 895 790 933 σώματι
806 906 868 934 προ-

98 940 189 969 λαὸεῖν
201 942 363 977 σπουδάζων,
377 942 531 971 ἐπεκτείνων
550 942 640 970 ἑαυτὸν
664 943 699 974 εἷς
723 941 752 969 τὸ
768 941 869 979 ἔμπρο-

100 989 170 1022 oon,
184 987 229 1016 καὶ
252 987 298 1019 τὰς
319 992 410 1028 χεῖρας
433 988 563 1023 ἐκτείνων,
576 987 620 1016 ἵνα
642 987 686 1016 καὶ
703 990 748 1016 τοῦ
773 986 869 1026 δρόμου

100 1032 178 1061 πλέον
197 1044 223 1061 τι
235 1033 391 1072 ἐργάσηται.
405 1034 491 1062 Τοῦτο
507 1034 533 1061 δὲ
549 1033 601 1062 ἀπὸ
615 1034 714 1067 πολλῆς
725 1031 872 1072 προθυμίας

102 1078 217 1116 γίνεται,
233 1078 286 1107 ἀπὸ
308 1080 408 1114 πολλῆς
434 1080 601 1119 θερμότητος.
616 1078 694 1108 Οὕτω
712 1079 749 1106 δεῖ
769 1077 872 1116 τρέχειν

102 1124 146 1153 τὸν
160 1124 287 1163 τρέχοντα
297 1147 304 1159 ,
322 1124 389 1162 μετὰ
405 1124 532 1160 τοσαύτης
548 1125 662 1159 σπουδῆς
672 1147 678 1159 ,
692 1123 759 1162 μετὰ
776 1123 872 1151 τοσαύ-

101 1181 150 1204 της
160 1170 304 1208 προθυμίας
314 1192 321 1204 ,
335 1171 381 1198 οὐκ
393 1170 612 1199 ἀναπεπτωκότα.
620 1170 703 1199 Ὅσον
714 1169 741 1197 δὲ
752 1173 796 1198 τοῦ
806 1168 873 1197 οὕτω

103 1215 239 1254 τρέχοντος
251 1216 295 1244 καὶ
309 1219 353 1244 τοῦ
364 1216 455 1245 ὑπτίου
470 1216 590 1254 κειμένου
604 1216 633 1245 τὸ
649 1216 737 1254 μέσον,
752 1219 873 1244 τοσοῦτον

105 1264 150 1290 τοῦ
163 1262 269 1290 Παύλου
283 1262 327 1289 καὶ
339 1263 425 1299 ἡμῶν.
437 1264 502 1291 Καθ’
517 1262 570 1299 ἧμέ
574 1274 618 1301 ραν
632 1262 794 1296 ἀπέθνησκεν
807 1263 873 1290 ἐκεῖ·

104 1317 162 1341 νος,
179 1308 236 1334 καθ’
251 1306 353 1345 ἡμέραν
367 1307 515 1344 εὐδοκίμει·
531 1308 576 1334 οὐκ
598 1302 630 1341 ἦν
646 1307 752 1344 καιρὸς,
770 1307 815 1335 οὐκ
841 1301 872 1340 ἦν

105 1351 200 1390 χρόνος
210 1375 218 1387 ‚
232 1353 259 1379 ἐν
276 1347 297 1390 ᾧ
317 1353 363 1380 οὐκ
384 1351 475 1387 ηὔξετο
495 1353 565 1391 αὐτῷ
579 1355 593 1381 ὁ
608 1352 702 1391 δρόμος
713 1364 718 1369 ·
732 1353 760 1380 οὐ
782 1351 873 1380 λαῧεῐν

104 1397 244 1432 ἠθέλησεν,
260 1398 318 1425 ἀλλ’
333 1398 452 1435 ἁρπάσαι
465 1397 495 1426 τὸ
511 1398 632 1436 βραίεῖον
646 1410 652 1415 ·
668 1398 736 1426 οὔτω
750 1397 802 1437 γὰρ
817 1398 872 1426 ἔστι

103 1442 202 1472 λαὸεῑν.
217 1442 284 1471 Ἀνω
298 1445 312 1472 ὁ
325 1443 355 1472 τὸ
367 1444 488 1482 βραὸεἷον
504 1442 588 1477 διδοὺς
613 1443 732 1480 ἕστηκεν,
748 1444 801 1472 ἄνω
816 1448 871 1472 κεῖ-

102 1500 146 1518 ται
161 1489 190 1517 τὸ
206 1489 337 1527 βραδεῖαν.

144 1955 218 1994 “opu
231 1955 310 1984 πόσον
332 1955 362 1984 τὸ
376 1955 511 1993 διάστημα
532 1959 608 1986 τοῦτο
631 1957 802 1996 διαδραμεῖν,
823 1957 874 1997 ὅρα

105 2000 186 2028 πόσον
200 2001 230 2029 τὸ
241 2000 304 2039 ὕψος
314 2012 321 2018 ·
336 2002 390 2029 ἐκεῖ
406 2001 444 2029 δεῖ
453 2003 617 2035 πετασθῆναι
630 2007 683 2035 τοῖς
697 2005 742 2032 τοῦ
755 2003 873 2042 πνεύμα-

105 2057 148 2078 τος
159 2051 263 2085 πτεροῖς
272 2057 278 2063 ·
290 2045 385 2084 ἑτέρως
394 2046 445 2085 γὰρ
460 2047 506 2075 οὐκ
521 2046 558 2075 ἔνι
569 2047 599 2075 τὸ
612 2047 675 2086 ὕψος
685 2051 761 2077 τοῦτο
773 2054 872 2087 τεμεῖν.

105 2092 183 2121 Μετὰ
207 2095 252 2121 τοῦ
266 2092 388 2130 σώματος
413 2093 466 2121 ἐκεῖ
490 2094 527 2122 δεῖ
550 2093 656 2131 βαδίσαι
669 2106 675 2112 ·
699 2094 782 2128 ἔξεο-τι
806 2095 871 2134 γάρ·

105 2136 139 2165 Ἥ
143 2138 200 2174 μῶν
211 2137 262 2176 γὰρ
274 2137 304 2166 τὸ
315 2137 462 2175 πολίτευμα
470 2160 478 2173 ,
494 2138 586 2177 φησὶν,
602 2140 628 2167 ἐν
643 2140 743 2178 οὐρανῷ
754 2151 759 2156 ·
781 2140 834 2168 ἐκεῖ
845 2139 874 2168 τὸ

107 2182 230 2221 βραὸεῖόν
245 2185 323 2212 ἐστιν.
336 2182 418 2223 εΟρᾷς
432 2183 492 2215 τοὺς
505 2184 645 2223 τρέχοντας
664 2187 720 2217 πῶς
735 2183 806 2223 νόμῳ
820 2186 873 2218 ζῶ-

106 2241 132 2257 σι
149 2241 155 2263 ;
173 2231 228 2261 πῶς
241 2229 314 2258 οὐδὲν
329 2231 381 2257 τῶν
397 2229 541 2258 ἐκλυόντων
556 2231 603 2264 τὴν
620 2230 693 2269 {cs-bv
706 2230 873 2268 προσίενται;

105 2276 162 2306 πῶς
181 2274 350 2312 ἀγωνίζονται
364 2276 421 2303 καθ’
436 2275 551 2310 ἑκάστην
563 2276 664 2315 ἡμέραν
679 2277 705 2304 ἐν
722 2276 874 2315 παλαίστρᾳ

105 2319 157 2348 ὑπὸ
176 2320 332 2359 παιδοτρίίῗῃ
347 2321 392 2349 καὶ
405 2320 492 2359 νόμῳς
506 2322 632 2359 Μίμησαι
647 2321 754 2354 τούτους
772 2321 817 2350 καὶ
832 2321 872 2357 σὺ,

106 2366 205 2402 μᾶλλον
221 2365 248 2394 δὲ
264 2366 309 2394 καὶ
323 2366 430 2394 πλείονα
445 2366 571 2400 ἐπίδειξαι
592 2367 740 2407 προθυμίαν
750 2379 755 2385 ’
780 2369 808 2397 οὐ
823 2367 874 2406 γὰρ

105 2411 161 2440 ἴσον
177 2411 206 2440 τὸ
223 2411 343 2449 βραῧεῖον
355 2423 361 2429 ·
382 2413 474 2441 πολλοὶ
493 2413 516 2440 οἳ
534 2413 690 2446 κωλύοντες·
715 2413 787 2453 νόμῳ
801 2415 874 2448 ζῆθι·

106 2459 194 2487 πολλαί
210 2461 264 2487 ἐστι
279 2458 312 2488 τὰ
324 2459 450 2488 ἐκλύοντα
466 2460 513 2495 τὴν
530 2460 606 2499 ἰσχύν
616 2472 622 2478 ·
638 2462 748 2496 εὔσκελῆ
766 2460 875 2495 ποίησον

109 2504 190 2538 αὐτὴν
202 2506 240 2543 τῷ
251 2504 324 2533 ποδί·
340 2505 423 2534 ἔνεστι
435 2506 484 2544 γάρ
497 2518 503 2523 ·
519 2507 547 2535 οὗ
560 2506 611 2545 γὰρ
622 2506 721 2544 φύσεώς
732 2508 817 2542 ἐστιν,
830 2507 875 2535 ἀλ-

107 2552 140 2581 λὰ
160 2554 346 2592 προαιρέσεως.
364 2554 467 2594 Κούρην
484 2555 563 2589 αὐτὴν
579 2555 762 2594 ἐργασώμεῡα,
784 2556 873 2594 ἵναμὴ

534 147 643 170 EPtST.
674 148 718 169 AD
746 148 888 170 PfflLtPt‘.

883 1247 918 1266 292

919 147 996 170 mr.
1027 147 1075 170 tu.
1105 147 1218 170 nonu..
1247 147 1306 169 xu.
1597 138 1614 170 5
1632 137 1663 171 ‚5

923 219 1003 236 cursu
1029 209 1154 245 cessabit,
1169 208 1246 247 quasi
1273 208 1319 246 qui
1339 214 1422 236 totum
1437 209 1493 247 jam
1518 216 1602 238 teneat
1618 223 1624 238 :
1640 219 1666 240 at

922 254 969 292 qui
981 264 1009 282 se
1022 254 1111 282 adhuc
1123 265 1137 282 a
1150 261 1218 282 meta
1226 253 1317 282 abesse
1330 253 1438 292 cogitat,
1451 254 1473 282 is
1488 264 1635 293 numquam
1650 268 1665 285 a

886 305 903 326 t)
922 310 1001 328 cursu
1022 306 1113 327 cessat.
1131 299 1187 329 lloc
1204 299 1287 338 igitur
1312 309 1360 328 nos
1385 299 1540 328 existimare
1561 312 1665 341 semper

921 345 1058 381 dehemus,
1077 346 1156 374 ctiam
1174 346 1196 374 si
1222 352 1344 374 sexcenta
1365 345 1531 375 obiverimus
1556 347 1664 376 virtutis

921 391 1020 420 officia.
1038 391 1144 420 Etenim
1160 391 1182 419 si
1204 391 1305 419 Paulus
1328 398 1388 430 post
1403 399 1539 420 sexcentas
1554 401 1663 431 mortes,

921 444 981 475 post
990 443 1060 465 tanta
1070 437 1245 476 pcricuiahoc
1258 447 1347 465 secum
1357 437 1477 475 putabat,
1487 438 1665 478 multomagis

921 492 976 510 nos.
991 483 1049 511 Non
1061 483 1150 511 animo
1166 482 1389 520 concidi‚inquit‚
1400 483 1524 520 quamvis
1534 492 1593 523 post
1608 492 1664 514 tan—

921 534 978 556 tum
993 538 1102 556 cursum
1122 527 1242 556 nondum
1254 529 1433 566 pervenerim,
1449 540 1496 557 nec
1510 529 1662 569 desperavi,

918 573 965 601 sed
974 572 1063 601 adhuc
1075 584 1163 607 curro,
1172 573 1262 601 adhuc
1273 580 1360 601 certo:
1375 573 1426 602 lioc
1434 585 1517 602 unum
1525 583 1626 614 specto,
1636 583 1665 604 ut

919 617 1025 646 assidue
1039 618 1188 657 proficiam.
1209 618 1239 646 ld
1262 618 1338 646 nobis
1353 619 1432 646 etiam
1447 619 1598 649 faciendum
1612 629 1663 650 est:

886 667 904 690 E
921 664 1052 693 oblivioni
1072 663 1224 693 mandanda
1241 670 1302 692 sunt
1318 663 1464 701 benefacta,
1479 672 1504 693 et
1518 666 1664 695 omittenda

921 721 981 749 quae
995 717 1066 739 retro
1080 717 1153 739 sunt.
1165 711 1233 738 Nam
1247 716 1272 738 et
1293 720 1396 746 cursor,
1421 720 1474 738 non
1489 718 1554 748 quot
1578 714 1666 751 spatia

922 757 1066 786 confecerit
1083 757 1194 796 cogitat,
1207 756 1253 785 sed
1270 763 1334 794 quot
1349 756 1439 785 adhuc
1452 764 1559 786 restent.
1583 759 1621 786 lta
1640 766 1665 788 et

923 814 981 841 nos,
998 814 1048 832 non
1061 810 1193 842 quantuni
1212 803 1238 831 in
1254 803 1353 831 virtute
1364 803 1498 842 progressi
1513 804 1608 843 simus,
1623 816 1666 834 co-

922 850 1047 889 gitemus,
1063 850 1109 879 sed
1125 856 1254 888 quantum
1270 849 1362 878 adhuc
1378 849 1606 889 progrediendum
1620 863 1665 881 re-

921 903 982 925 stet.
995 896 1070 932 Quid
1082 896 1152 925 enim
1167 896 1242 924 nobis
1255 895 1383 935 proderit,
1395 896 1466 933 quod
1478 898 1609 936 progressi
1621 909 1667 926 su-

923 953 994 979 mus,
1008 943 1059 971 nisi
1073 943 1153 971 etiam
1162 942 1236 980 quod
1251 949 1330 970 restat
1345 943 1536 971 confecerimus
1547 944 1560 971 Ξ)
1576 945 1671 983 Neque

923 988 1006 1023 dixit,
1023 990 1083 1017 Non
1098 988 1200 1027 cogito,
1217 994 1271 1023 aut,
1288 989 1347 1016 Non
1363 988 1486 1024 memini,
1503 989 1559 1024 sed,
1587 991 1668 1019 Obli-

891 1043 907 1065 ι·-
927 1037 1046 1070 viscens,
1068 1034 1104 1063 ita
1123 1045 1171 1063 nos
1185 1034 1339 1062 attentiores
1359 1033 1481 1063 reddens.
1497 1036 1576 1064 Tunc
1597 1036 1668 1065 enim

925 1081 1006 1110 valde
1021 1080 1189 1109 vehementes
1212 1091 1316 1117 sumus,
1331 1091 1392 1109 cum
1406 1091 1511 1110 omnem
1524 1082 1606 1110 animi
1618 1083 1668 1111 im—

925 1134 1018 1167 petum
1033 1128 1060 1156 in
1079 1127 1106 1156 id
1118 1126 1192 1165 quod
1207 1133 1288 1155 restat
1302 1127 1473 1165 conjecimus,
1488 1138 1549 1156 cum
1560 1136 1670 1167 praeter-

927 1173 963 1201 ita
988 1172 1118 1201 oblivioni
1134 1171 1334 1200 mandavimus.
1352 1171 1544 1210 Extendentes‚
1570 1174 1667 1213 inquit,

927 1229 986 1256 nos,
1010 1225 1156 1256 antequam
1182 1217 1348 1254 accedamus,
1372 1228 1466 1257 capere
1487 1219 1621 1248 volumus.
1644 1221 1672 1248 Is

892 1277 910 1297 Α
925 1265 997 1294 enim
1012 1264 1154 1293 extendere
1168 1275 1196 1292 se
1208 1263 1320 1301 dicitur,
1337 1264 1383 1302 qui
1406 1264 1496 1303 pedes,
1523 1265 1585 1294 licet
1609 1277 1670 1295 cut·-

926 1317 1022 1345 rentes,
1040 1310 1143 1348 reliquo
1158 1319 1268 1348 corpore
1287 1316 1451 1337 antevertere
1469 1310 1567 1346 studet,
1591 1322 1672 1350 seque

927 1356 1039 1384 inclinat
1054 1355 1081 1384 in
1096 1355 1232 1391 interiora,
1247 1365 1396 1392 manusque
1411 1356 1553 1394 protendit,
1574 1364 1603 1385 ut
1622 1358 1672 1386 ali-

926 1409 1025 1440 quanto
1039 1401 1120 1430 etiam
1134 1400 1196 1439 plus
1213 1400 1292 1439 spatii
1305 1400 1393 1428 faciat.
1416 1400 1449 1428 Id
1462 1411 1525 1429 vero
1538 1412 1572 1430 cx
1586 1403 1672 1432 multo

926 1448 1009 1476 animi
1020 1447 1121 1487 impetu
1137 1453 1162 1475 et
1176 1456 1273 1485 magno
1287 1446 1384 1474 ardore
1397 1446 1436 1474 fit.
1451 1447 1506 1483 Qui
1517 1448 1609 1483 currit,
1623 1449 1675 1478 hoc

927 1493 1008 1522 modo
1020 1500 1110 1522 currat
1125 1499 1241 1532 oportet,
1257 1499 1331 1521 tanto
1340 1503 1401 1521 cum
1413 1492 1513 1530 studio,
1530 1501 1602 1522 tanto
1612 1505 1674 1524 cum

927 1540 1038 1579 impetu,
1053 1549 1106 1568 non
1120 1545 1209 1567 autem
1223 1538 1340 1567 remisse.
1353 1538 1491 1573 Quantum
1506 1547 1595 1569 autem
1606 1541 1675 1569 inter

927 1585 1000 1614 huuc
1012 1585 1059 1623 qui
1071 1585 1122 1614 hoc
1133 1584 1212 1613 modo
1234 1583 1327 1620 currit,
1344 1591 1369 1612 et
1383 1584 1452 1612 inter
1467 1596 1528 1613 enm
1546 1586 1591 1624 qui
1603 1587 1674 1626 jacet

928 1631 1051 1671 supinus,
1075 1631 1195 1667 interest,
1221 1636 1325 1659 tantum
1349 1630 1419 1658 inter
1444 1631 1561 1660 Paulum
1576 1639 1599 1661 et
1615 1643 1672 1662 nos.

929 1677 1058 1714 Quotidie
1073 1677 1118 1706 ille
1130 1675 1447 1714 moriebatur‚-quotidie
1462 1676 1529 1706 bene
1548 1679 1673 1707 mereba—

928 1730 990 1760 tur3
1006 1723 1080 1752 nulla
1101 1729 1157 1751 erat
1180 1721 1296 1759 occasio,
1321 1721 1427 1750 nultum
1445 1729 1562 1762 tempus,
1579 1723 1673 1763 inquo

928 1781 980 1800 non
992 1771 1082 1809 aliqua
1095 1770 1136 1799 illi
1147 1769 1182 1798 ad
1190 1779 1298 1798 cursum
1313 1769 1427 1798 accessio
1447 1769 1521 1798 fieret
1530 1782 1538 1807 ;
1552 1782 1604 1800 non
1620 1783 1672 1801 vo—

926 1817 999 1846 lebat
1015 1827 1123 1856 capere,
1140 1815 1187 1844 sed
1206 1825 1316 1854 rapere:
1331 1815 1368 1842 ita
1384 1815 1455 1843 enim
1470 1826 1611 1854 possumus
1627 1828 1673 1846 ca-

925 1875 998 1903 pere.
1016 1863 1071 1899 Qui
1088 1862 1134 1891 dat
1148 1861 1273 1890 bravium
1291 1871 1398 1889 sursum
1413 1868 1462 1897 est,
1478 1872 1585 1891 sursum
1601 1864 1671 1902 posi-

925 1917 983 1938 tum
992 1917 1031 1939 est
1042 1908 1177 1938 bravium.

965 1958 994 1985 Q,
1011 1955 1086 1985 Vide
1098 1960 1229 1993 quantum
1245 1953 1324 1992 spatii
1337 1952 1371 1981 sit
1383 1953 1550 1992 propositum
1564 1953 1598 1983 ad
1612 1965 1671 1994 per-

927 2000 1092 2030 currendum
1103 2011 1111 2037 3
1123 1998 1186 2028 vide
1201 2009 1283 2037 quam
1299 1998 1384 2027 celsus
1398 1998 1432 2026 sit
1447 1999 1531 2035 locus,
1551 2011 1604 2038 quo
1616 2011 1669 2029 vo-

892 2057 908 2079 B
926 2048 1037 2077 landum
1052 2053 1090 2075 est
1105 2045 1154 2074 alis
1167 2045 1296 2085 spiritus:
1316 2044 1394 2072 aliter
1407 2044 1478 2073 enim
1489 2045 1606 2075 altitudo
1622 2047 1669 2076 illa

925 2095 1040 2125 obtineri
1056 2093 1158 2132 nequit.
1178 2093 1247 2121 Cum
1267 2103 1377 2131 corpore
1389 2092 1454 2120 illuc
1471 2093 1670 2132 properandum

926 2148 965 2170 est
979 2153 986 2177 3
1001 2141 1063 2169 licet
1073 2140 1143 2169 enim
1158 2151 1163 2166 :
1184 2140 1292 2168 Nostra
1304 2138 1384 2174 enim,
1401 2138 1499 2176 inquit,
1517 2149 1670 2169 conversa-

927 2189 966 2215 tio
981 2189 1012 2214 in
1033 2186 1113 2214 coelis
1132 2191 1174 2213 est
1186 2196 1194 2211 .-
1220 2184 1259 2212 ibi
1283 2183 1372 2223 palma
1387 2191 1436 2212 est.
1458 2184 1542 2214 Vides
1556 2195 1600 2214 eos
1622 2186 1669 2225 qui

926 2239 1047 2267 currunt,
1063 2242 1142 2270 quain
1156 2242 1189 2260 ex
1203 2231 1260 2270 lege
1270 2230 1471 2269 vis-aanuam
1483 2231 1552 2260 nihil
1563 2243 1667 2266 eorum,

927 2289 986 2318 quae
1008 2278 1079 2307 vires
1101 2284 1238 2311 enervant,
1266 2276 1420 2315 attingant?
1442 2287 1523 2314 quam
1549 2278 1670 2315 quotidie

927 2332 1027 2355 certent
1040 2325 1066 2353 in
1082 2324 1206 2364 palaestra
1217 2323 1267 2351 sub
1282 2323 1410 2361 magistro
1425 2329 1450 2351 et
1462 2322 1520 2362 lege
1531 2323 1544 2352 Ρ
1560 2324 1614 2353 Ηο5
1627 2325 1669 2354 sac

928 2371 1051 2408 imiteris,
1070 2381 1100 2399 ac
1114 2370 1202 2410 potius
1228 2369 1356 2408 majorem
1373 2379 1466 2408 prome
1486 2369 1567 2398 animi
1588 2370 1670 2410 impc-

929 2425 1004 2447 tum:
1022 2417 1102 2454 longe
1117 2415 1187 2444 enim
1202 2414 1291 2454 potior
1306 2421 1344 2442 cst
1361 2414 1460 2453 palma,
1476 2421 1501 2443 et
1518 2415 1671 2445 multisunt

929 2464 976 2503 qui
1003 2462 1155 2502 impediunt
1171 2473 1176 2488 :
1197 2472 1228 2490 ex
1245 2461 1303 2499 lege
1318 2461 1400 2489 vive:
1415 2461 1500 2489 multa
1514 2461 1584 2490 enim
1599 2470 1670 2500 sunt,

894 2517 913 2541 c
930 2520 989 2549 quae
1004 2507 1248 2537 rotun-dissolvunt
1266 2519 1271 2535 :
1287 2506 1387 2535 bonum
1403 2516 1463 2535 crus
1474 2507 1515 2535 sac
1529 2507 1590 2546 pedi
1604 2514 1668 2542 tuo;

932 2563 1005 2596 potes
1019 2556 1089 2584 enim
1105 2566 1109 2581 :
1128 2565 1179 2583 non
1199 2559 1300 2582 natura*
1322 2563 1362 2581 rcs
1382 2559 1432 2590 est,
1454 2552 1499 2581 sed
1520 2553 1672 2583 voluntatis,

1682 2158 1784 2187 Philipp.
1800 2157 1822 2179 3.

1682 2197 1719 2213 20.
