<?xml version="1.0" encoding="UTF-8"?>
<!DOCTYPE html PUBLIC "-//W3C//DTD XHTML 1.0 Transitional//EN"
    "http://www.w3.org/TR/xhtml1/DTD/xhtml1-transitional.dtd">
<html xmlns="http://www.w3.org/1999/xhtml" xml:lang="en" lang="en">
 <head>
  <title>
</title>
<meta http-equiv="Content-Type" content="text/html;charset=utf-8" />
  <meta name='ocr-system' content='tesseract 3.04.00' />
  <meta name='ocr-capabilities' content='ocr_page ocr_carea ocr_par ocr_line ocrx_word'/>
</head>
<body>
  <div class='ocr_page' id='page_1' title='image "./operaomniaquaeex11johnuoft/operaomniaquaeex11johnuoft_0129.png"; bbox 0 0 1893 2860; ppageno 0'>
   <div class='ocr_carea' id='block_1_1' title="bbox 449 144 833 170">
    <p class='ocr_par' dir='ltr' id='par_1_1' title="bbox 449 144 833 170">
     <span class='ocr_line' id='line_1_1' title="bbox 449 144 833 170; baseline -0.01 0"><span class='ocrx_word' id='word_1_1' title='bbox 449 147 479 170; x_wconf 62' lang='lat' dir='ltr'>m*</span> <span class='ocrx_word' id='word_1_2' title='bbox 509 146 613 169; x_wconf 79' lang='lat' dir='ltr'>EPtST.</span> <span class='ocrx_word' id='word_1_3' title='bbox 643 145 687 168; x_wconf 71' lang='lat' dir='ltr'>AD</span> <span class='ocrx_word' id='word_1_4' title='bbox 714 144 833 168; x_wconf 76' lang='lat' dir='ltr'>EPuES.</span> 
     </span>
    </p>
   </div>
   <div class='ocr_carea' id='block_1_2' title="bbox 69 205 853 1897">
    <p class='ocr_par' dir='ltr' id='par_1_2' title="bbox 69 205 853 1897">
     <span class='ocr_line' id='line_1_2' title="bbox 72 205 841 251; baseline -0.009 -10"><span class='ocrx_word' id='word_1_5' title='bbox 72 211 192 251; x_wconf 82' lang='grc' dir='ltr'>σιώτεροι</span> <span class='ocrx_word' id='word_1_6' title='bbox 215 210 260 240; x_wconf 82' lang='grc' dir='ltr'>καὶ</span> <span class='ocrx_word' id='word_1_7' title='bbox 283 208 474 250; x_wconf 78' lang='grc' dir='ltr'>τρυφερώτεροι</span> <span class='ocrx_word' id='word_1_8' title='bbox 488 209 530 237; x_wconf 76' lang='grc' dir='ltr'>τὸν</span> <span class='ocrx_word' id='word_1_9' title='bbox 548 207 663 247; x_wconf 79' lang='grc' dir='ltr'>σκληρὸν</span> <span class='ocrx_word' id='word_1_10' title='bbox 684 208 781 236; x_wconf 79' lang='grc' dir='ltr'>ἐκεῖνον</span> <span class='ocrx_word' id='word_1_11' title='bbox 796 205 841 234; x_wconf 70' lang='grc' dir='ltr'>καὶ</span> 
     </span>
     <span class='ocr_line' id='line_1_3' title="bbox 69 251 842 296; baseline -0.009 -10"><span class='ocrx_word' id='word_1_12' title='bbox 69 257 169 296; x_wconf 73' lang='grc' dir='ltr'>τραχὺν</span> <span class='ocrx_word' id='word_1_13' title='bbox 183 255 334 290; x_wconf 77' lang='grc' dir='ltr'>ἀνεδέξαντο</span> <span class='ocrx_word' id='word_1_14' title='bbox 351 255 415 293; x_wconf 85' lang='grc' dir='ltr'>βίον.</span> <span class='ocrx_word' id='word_1_15' title='bbox 437 255 488 283; x_wconf 78' lang='grc' dir='ltr'>Καὶ</span> <span class='ocrx_word' id='word_1_16' title='bbox 514 254 539 282; x_wconf 88' lang='grc' dir='ltr'>τί</span> <span class='ocrx_word' id='word_1_17' title='bbox 555 253 625 292; x_wconf 80' lang='grc' dir='ltr'>λέγω</span> <span class='ocrx_word' id='word_1_18' title='bbox 640 253 750 290; x_wconf 51' lang='grc' dir='ltr'>ἄνδρας</span> <span class='ocrx_word' id='word_1_19' title='bbox 765 251 842 290; x_wconf 84' lang='grc' dir='ltr'>κόραι</span> 
     </span>
     <span class='ocr_line' id='line_1_4' title="bbox 70 297 842 339; baseline -0.008 -8"><span class='ocrx_word' id='word_1_20' title='bbox 70 303 186 332; x_wconf 79' lang='grc' dir='ltr'>εἰκοστὸν</span> <span class='ocrx_word' id='word_1_21' title='bbox 212 301 268 334; x_wconf 85' lang='grc' dir='ltr'>ἔτος</span> <span class='ocrx_word' id='word_1_22' title='bbox 288 301 361 330; x_wconf 76' lang='grc' dir='ltr'>οὔπω</span> <span class='ocrx_word' id='word_1_23' title='bbox 384 300 540 339; x_wconf 86' lang='grc' dir='ltr'>γενόμεναι,</span> <span class='ocrx_word' id='word_1_24' title='bbox 560 301 585 328; x_wconf 81' lang='grc' dir='ltr'>ἐν</span> <span class='ocrx_word' id='word_1_25' title='bbox 610 298 738 336; x_wconf 72' lang='grc' dir='ltr'>θαλάμοις</span> <span class='ocrx_word' id='word_1_26' title='bbox 754 297 799 326; x_wconf 82' lang='grc' dir='ltr'>καὶ</span> <span class='ocrx_word' id='word_1_27' title='bbox 816 297 842 325; x_wconf 81' lang='grc' dir='ltr'>ἐν</span> 
     </span>
     <span class='ocr_line' id='line_1_5' title="bbox 70 343 842 387; baseline -0.008 -10"><span class='ocrx_word' id='word_1_28' title='bbox 70 348 228 387; x_wconf 71' lang='grc' dir='ltr'>σκιατροφίᾳ</span> <span class='ocrx_word' id='word_1_29' title='bbox 248 347 292 376; x_wconf 80' lang='grc' dir='ltr'>τὸν</span> <span class='ocrx_word' id='word_1_30' title='bbox 312 346 417 375; x_wconf 82' lang='grc' dir='ltr'>ἅπαντα</span> <span class='ocrx_word' id='word_1_31' title='bbox 432 345 617 374; x_wconf 81' lang='grc' dir='ltr'>διατελέσασαι</span> <span class='ocrx_word' id='word_1_32' title='bbox 638 344 741 384; x_wconf 78' lang='grc' dir='ltr'>χρόνον,</span> <span class='ocrx_word' id='word_1_33' title='bbox 758 343 842 372; x_wconf 82' lang='grc' dir='ltr'>θαλά-</span> 
     </span>
     <span class='ocr_line' id='line_1_6' title="bbox 71 390 843 432; baseline -0.006 -10"><span class='ocrx_word' id='word_1_34' title='bbox 71 406 130 432; x_wconf 89' lang='grc' dir='ltr'>μοις</span> <span class='ocrx_word' id='word_1_35' title='bbox 152 393 242 432; x_wconf 82' lang='grc' dir='ltr'>μύρων</span> <span class='ocrx_word' id='word_1_36' title='bbox 263 393 393 432; x_wconf 79' lang='grc' dir='ltr'>γέμουσαι</span> <span class='ocrx_word' id='word_1_37' title='bbox 422 392 467 421; x_wconf 78' lang='grc' dir='ltr'>καὶ</span> <span class='ocrx_word' id='word_1_38' title='bbox 491 391 675 429; x_wconf 71' lang='grc' dir='ltr'>θυμιαμάτων,</span> <span class='ocrx_word' id='word_1_39' title='bbox 699 390 742 418; x_wconf 79' lang='grc' dir='ltr'>ἐπὶ</span> <span class='ocrx_word' id='word_1_40' title='bbox 760 401 843 427; x_wconf 85' lang='grc' dir='ltr'>στρω-</span> 
     </span>
     <span class='ocr_line' id='line_1_7' title="bbox 72 434 842 477; baseline -0.008 -9"><span class='ocrx_word' id='word_1_41' title='bbox 72 442 138 477; x_wconf 71' lang='grc' dir='ltr'>μνῆς</span> <span class='ocrx_word' id='word_1_42' title='bbox 153 440 258 474; x_wconf 76' lang='grc' dir='ltr'>ἁπαλῆς</span> <span class='ocrx_word' id='word_1_43' title='bbox 280 438 486 476; x_wconf 75' lang='grc' dir='ltr'>κατακείμεναι,</span> <span class='ocrx_word' id='word_1_44' title='bbox 510 437 611 466; x_wconf 80' lang='grc' dir='ltr'>ἁπαλαὶ</span> <span class='ocrx_word' id='word_1_45' title='bbox 629 436 673 465; x_wconf 78' lang='grc' dir='ltr'>καὶ</span> <span class='ocrx_word' id='word_1_46' title='bbox 698 435 774 465; x_wconf 77' lang='grc' dir='ltr'>αὐταὶ</span> <span class='ocrx_word' id='word_1_47' title='bbox 795 434 842 469; x_wconf 75' lang='grc' dir='ltr'>τὴν</span> 
     </span>
     <span class='ocr_line' id='line_1_8' title="bbox 70 480 843 525; baseline -0.008 -11"><span class='ocrx_word' id='word_1_48' title='bbox 70 486 155 525; x_wconf 75' lang='grc' dir='ltr'>φύσιν,</span> <span class='ocrx_word' id='word_1_49' title='bbox 171 486 216 514; x_wconf 80' lang='grc' dir='ltr'>καὶ</span> <span class='ocrx_word' id='word_1_50' title='bbox 230 488 262 524; x_wconf 81' lang='grc' dir='ltr'>τῇ</span> <span class='ocrx_word' id='word_1_51' title='bbox 284 486 369 523; x_wconf 75' lang='grc' dir='ltr'>πολλῇ</span> <span class='ocrx_word' id='word_1_52' title='bbox 387 483 513 522; x_wconf 71' lang='grc' dir='ltr'>θεραπείᾳ</span> <span class='ocrx_word' id='word_1_53' title='bbox 529 482 717 520; x_wconf 76' lang='grc' dir='ltr'>μαλακώτεραι</span> <span class='ocrx_word' id='word_1_54' title='bbox 737 480 843 520; x_wconf 86' lang='grc' dir='ltr'>γινόμε-</span> 
     </span>
     <span class='ocr_line' id='line_1_9' title="bbox 71 527 845 569; baseline -0.006 -9"><span class='ocrx_word' id='word_1_55' title='bbox 71 543 114 560; x_wconf 84' lang='grc' dir='ltr'>ναι</span> <span class='ocrx_word' id='word_1_56' title='bbox 127 554 133 567; x_wconf 85' lang='grc'>,</span> <span class='ocrx_word' id='word_1_57' title='bbox 152 531 195 560; x_wconf 78' lang='grc' dir='ltr'>διὰ</span> <span class='ocrx_word' id='word_1_58' title='bbox 209 533 256 566; x_wconf 76' lang='grc' dir='ltr'>τ’ἧς</span> <span class='ocrx_word' id='word_1_59' title='bbox 270 530 372 569; x_wconf 73' lang='grc' dir='ltr'>ἡμέρας</span> <span class='ocrx_word' id='word_1_60' title='bbox 392 530 479 564; x_wconf 83' lang='grc' dir='ltr'>πάσης</span> <span class='ocrx_word' id='word_1_61' title='bbox 491 528 563 558; x_wconf 62' lang='grc' dir='ltr'>οὐδὲν</span> <span class='ocrx_word' id='word_1_62' title='bbox 579 528 665 567; x_wconf 74' lang='grc' dir='ltr'>ἕτερον</span> <span class='ocrx_word' id='word_1_63' title='bbox 680 527 754 566; x_wconf 81' lang='grc' dir='ltr'>ἔργον</span> <span class='ocrx_word' id='word_1_64' title='bbox 770 528 845 565; x_wconf 70' lang='grc' dir='ltr'>ἔχου-</span> 
     </span>
     <span class='ocr_line' id='line_1_10' title="bbox 72 574 845 614; baseline -0.008 -8"><span class='ocrx_word' id='word_1_65' title='bbox 72 589 116 606; x_wconf 78' lang='grc' dir='ltr'>σαι</span> <span class='ocrx_word' id='word_1_66' title='bbox 126 598 133 611; x_wconf 87' lang='grc'>,</span> <span class='ocrx_word' id='word_1_67' title='bbox 147 577 164 611; x_wconf 86' lang='grc' dir='ltr'>ἢ</span> <span class='ocrx_word' id='word_1_68' title='bbox 179 577 209 606; x_wconf 85' lang='grc' dir='ltr'>τὸ</span> <span class='ocrx_word' id='word_1_69' title='bbox 220 577 433 609; x_wconf 81' lang='grc' dir='ltr'>καλλωπίζεσθαι</span> <span class='ocrx_word' id='word_1_70' title='bbox 448 576 493 604; x_wconf 78' lang='grc' dir='ltr'>καὶ</span> <span class='ocrx_word' id='word_1_71' title='bbox 504 578 675 614; x_wconf 62' lang='grc' dir='ltr'>χρυσοφορεῖν</span> <span class='ocrx_word' id='word_1_72' title='bbox 689 574 734 601; x_wconf 71' lang='grc' dir='ltr'>καὶ</span> <span class='ocrx_word' id='word_1_73' title='bbox 746 575 845 613; x_wconf 70' lang='grc' dir='ltr'>τρυφῆς</span> 
     </span>
     <span class='ocr_line' id='line_1_11' title="bbox 72 617 845 658; baseline -0.008 -6"><span class='ocrx_word' id='word_1_74' title='bbox 72 622 215 652; x_wconf 78' lang='grc' dir='ltr'>ἀπολαύειν</span> <span class='ocrx_word' id='word_1_75' title='bbox 229 624 342 658; x_wconf 76' lang='grc' dir='ltr'>πολλῆς,</span> <span class='ocrx_word' id='word_1_76' title='bbox 357 621 414 650; x_wconf 76' lang='grc' dir='ltr'>οὐδὲ</span> <span class='ocrx_word' id='word_1_77' title='bbox 429 622 533 653; x_wconf 84' lang='grc' dir='ltr'>ἑαυταῖς</span> <span class='ocrx_word' id='word_1_78' title='bbox 547 619 760 656; x_wconf 74' lang='grc' dir='ltr'>διακονούμεναι,</span> <span class='ocrx_word' id='word_1_79' title='bbox 777 617 845 646; x_wconf 83' lang='grc' dir='ltr'>ἀλλὰ</span> 
     </span>
     <span class='ocr_line' id='line_1_12' title="bbox 71 664 844 707; baseline -0.008 -10"><span class='ocrx_word' id='word_1_80' title='bbox 71 668 172 700; x_wconf 81' lang='grc' dir='ltr'>πολλὰς</span> <span class='ocrx_word' id='word_1_81' title='bbox 188 668 296 707; x_wconf 75' lang='grc' dir='ltr'>ἔχουσαι</span> <span class='ocrx_word' id='word_1_82' title='bbox 310 667 357 700; x_wconf 84' lang='grc' dir='ltr'>τὰς</span> <span class='ocrx_word' id='word_1_83' title='bbox 371 666 556 705; x_wconf 75' lang='grc' dir='ltr'>θεραπαινίδας</span> <span class='ocrx_word' id='word_1_84' title='bbox 572 665 619 697; x_wconf 84' lang='grc' dir='ltr'>τὰς</span> <span class='ocrx_word' id='word_1_85' title='bbox 633 664 844 703; x_wconf 78' lang='grc' dir='ltr'>παρεστηκυίας,</span> 
     </span>
     <span class='ocr_line' id='line_1_13' title="bbox 71 709 846 752; baseline -0.006 -10"><span class='ocrx_word' id='word_1_86' title='bbox 71 714 166 751; x_wconf 75' lang='grc' dir='ltr'>ἱμάτια</span> <span class='ocrx_word' id='word_1_87' title='bbox 188 714 295 752; x_wconf 78' lang='grc' dir='ltr'>ἔχουσαι</span> <span class='ocrx_word' id='word_1_88' title='bbox 319 712 427 750; x_wconf 79' lang='grc' dir='ltr'>μαλακὰ</span> <span class='ocrx_word' id='word_1_89' title='bbox 449 714 494 740; x_wconf 76' lang='grc' dir='ltr'>τοῦ</span> <span class='ocrx_word' id='word_1_90' title='bbox 512 711 635 748; x_wconf 81' lang='grc' dir='ltr'>σώματος</span> <span class='ocrx_word' id='word_1_91' title='bbox 651 709 846 749; x_wconf 73' lang='grc' dir='ltr'>μαλακώτερα,</span> 
     </span>
     <span class='ocr_line' id='line_1_14' title="bbox 70 755 847 797; baseline -0.006 -9"><span class='ocrx_word' id='word_1_92' title='bbox 70 759 169 791; x_wconf 85' lang='grc' dir='ltr'>λεπτὰς</span> <span class='ocrx_word' id='word_1_93' title='bbox 183 759 273 790; x_wconf 77' lang='grc' dir='ltr'>ὀθόνας</span> <span class='ocrx_word' id='word_1_94' title='bbox 286 758 330 786; x_wconf 83' lang='grc' dir='ltr'>καὶ</span> <span class='ocrx_word' id='word_1_95' title='bbox 341 756 470 797; x_wconf 81' lang='grc' dir='ltr'>τρυφερὰς</span> <span class='ocrx_word' id='word_1_96' title='bbox 480 779 487 792; x_wconf 88' lang='grc'>,</span> <span class='ocrx_word' id='word_1_97' title='bbox 500 758 526 785; x_wconf 83' lang='grc' dir='ltr'>ἐν</span> <span class='ocrx_word' id='word_1_98' title='bbox 550 755 634 796; x_wconf 74' lang='grc' dir='ltr'>ῥόδοις</span> <span class='ocrx_word' id='word_1_99' title='bbox 649 756 694 784; x_wconf 77' lang='grc' dir='ltr'>καὶ</span> <span class='ocrx_word' id='word_1_100' title='bbox 714 759 772 788; x_wconf 89' lang='grc' dir='ltr'>ταῖς</span> <span class='ocrx_word' id='word_1_101' title='bbox 788 767 847 784; x_wconf 88' lang='grc' dir='ltr'>τοι-</span> 
     </span>
     <span class='ocr_line' id='line_1_15' title="bbox 73 797 846 841; baseline -0.004 -9"><span class='ocrx_word' id='word_1_102' title='bbox 73 804 163 837; x_wconf 83' lang='grc' dir='ltr'>αύταις</span> <span class='ocrx_word' id='word_1_103' title='bbox 186 804 307 836; x_wconf 78' lang='grc' dir='ltr'>εὐωδίαις</span> <span class='ocrx_word' id='word_1_104' title='bbox 332 804 458 838; x_wconf 82' lang='grc' dir='ltr'>διηνεκῶς</span> <span class='ocrx_word' id='word_1_105' title='bbox 481 800 693 841; x_wconf 76' lang='grc' dir='ltr'>ἀσχολούμεναι·</span> <span class='ocrx_word' id='word_1_106' title='bbox 720 797 797 830; x_wconf 72' lang='grc' dir='ltr'>αῧται</span> <span class='ocrx_word' id='word_1_107' title='bbox 819 801 846 829; x_wconf 79' lang='grc' dir='ltr'>δὲ</span> 
     </span>
     <span class='ocr_line' id='line_1_16' title="bbox 75 847 847 889; baseline -0.005 -11"><span class='ocrx_word' id='word_1_108' title='bbox 75 849 198 889; x_wconf 80' lang='grc' dir='ltr'>ἐξαίφνης</span> <span class='ocrx_word' id='word_1_109' title='bbox 210 851 247 888; x_wconf 83' lang='grc' dir='ltr'>τῷ</span> <span class='ocrx_word' id='word_1_110' title='bbox 259 849 322 888; x_wconf 77' lang='grc' dir='ltr'>πυρὶ</span> <span class='ocrx_word' id='word_1_111' title='bbox 333 849 474 888; x_wconf 71' lang='grc' dir='ltr'>ληφθεῖσαι</span> <span class='ocrx_word' id='word_1_112' title='bbox 485 851 529 876; x_wconf 78' lang='grc' dir='ltr'>τοῦ</span> <span class='ocrx_word' id='word_1_113' title='bbox 542 848 667 885; x_wconf 75' lang='grc' dir='ltr'>Χριστοῦ,</span> <span class='ocrx_word' id='word_1_114' title='bbox 680 851 767 875; x_wconf 79' lang='grc' dir='ltr'>πᾶσαν</span> <span class='ocrx_word' id='word_1_115' title='bbox 781 847 847 875; x_wconf 81' lang='grc' dir='ltr'>ἐκεί-</span> 
     </span>
     <span class='ocr_line' id='line_1_17' title="bbox 73 893 847 933; baseline -0.004 -10"><span class='ocrx_word' id='word_1_116' title='bbox 73 907 120 930; x_wconf 92' lang='grc' dir='ltr'>νην</span> <span class='ocrx_word' id='word_1_117' title='bbox 136 894 333 933; x_wconf 76' lang='grc' dir='ltr'>ἀποδυσάμεναι</span> <span class='ocrx_word' id='word_1_118' title='bbox 358 894 405 929; x_wconf 76' lang='grc' dir='ltr'>τὴν</span> <span class='ocrx_word' id='word_1_119' title='bbox 422 893 547 932; x_wconf 82' lang='grc' dir='ltr'>βλακείαν</span> <span class='ocrx_word' id='word_1_120' title='bbox 568 893 612 922; x_wconf 79' lang='grc' dir='ltr'>καὶ</span> <span class='ocrx_word' id='word_1_121' title='bbox 632 893 675 922; x_wconf 81' lang='grc' dir='ltr'>τὸν</span> <span class='ocrx_word' id='word_1_122' title='bbox 698 895 788 932; x_wconf 63' lang='grc' dir='ltr'>τῦφον,</span> <span class='ocrx_word' id='word_1_123' title='bbox 803 893 847 921; x_wconf 75' lang='grc' dir='ltr'>καὶ</span> 
     </span>
     <span class='ocr_line' id='line_1_18' title="bbox 74 938 848 981; baseline -0.003 -12"><span class='ocrx_word' id='word_1_124' title='bbox 74 942 191 981; x_wconf 71' lang='grc' dir='ltr'>τρυφῆς,</span> <span class='ocrx_word' id='word_1_125' title='bbox 210 941 255 969; x_wconf 80' lang='grc' dir='ltr'>καὶ</span> <span class='ocrx_word' id='word_1_126' title='bbox 280 940 384 975; x_wconf 83' lang='grc' dir='ltr'>ἡλικίας</span> <span class='ocrx_word' id='word_1_127' title='bbox 409 939 611 977; x_wconf 80' lang='grc' dir='ltr'>ἐπιλαθόμεναι,</span> <span class='ocrx_word' id='word_1_128' title='bbox 637 938 757 978; x_wconf 73' lang='grc' dir='ltr'>καθάπερ</span> <span class='ocrx_word' id='word_1_129' title='bbox 780 939 848 972; x_wconf 83' lang='grc' dir='ltr'>τινὲς</span> 
     </span>
     <span class='ocr_line' id='line_1_19' title="bbox 75 985 842 1024; baseline -0.001 -10"><span class='ocrx_word' id='word_1_130' title='bbox 75 986 187 1022; x_wconf 75' lang='grc' dir='ltr'>ἀθληταὶ</span> <span class='ocrx_word' id='word_1_131' title='bbox 211 990 324 1024; x_wconf 81' lang='grc' dir='ltr'>γενναῖοι</span> <span class='ocrx_word' id='word_1_132' title='bbox 347 986 380 1014; x_wconf 79' lang='grc' dir='ltr'>τὰ</span> <span class='ocrx_word' id='word_1_133' title='bbox 398 985 505 1024; x_wconf 81' lang='grc' dir='ltr'>μαλακὰ</span> <span class='ocrx_word' id='word_1_134' title='bbox 530 986 616 1013; x_wconf 84' lang='grc' dir='ltr'>ε’κεῖνα</span> <span class='ocrx_word' id='word_1_135' title='bbox 633 985 842 1022; x_wconf 79' lang='grc' dir='ltr'>ἀποδυσάμεναι,</span> 
     </span>
     <span class='ocr_line' id='line_1_20' title="bbox 77 1030 849 1070; baseline -0.001 -10"><span class='ocrx_word' id='word_1_136' title='bbox 77 1033 113 1065; x_wconf 85' lang='grc' dir='ltr'>εἷς</span> <span class='ocrx_word' id='word_1_137' title='bbox 144 1032 240 1070; x_wconf 81' lang='grc' dir='ltr'>μέσους</span> <span class='ocrx_word' id='word_1_138' title='bbox 258 1031 386 1066; x_wconf 75' lang='grc' dir='ltr'>ἐνέὸησαν</span> <span class='ocrx_word' id='word_1_139' title='bbox 410 1030 470 1064; x_wconf 74' lang='grc' dir='ltr'>τοὺς</span> <span class='ocrx_word' id='word_1_140' title='bbox 498 1033 611 1069; x_wconf 78' lang='grc' dir='ltr'>ἀγῶνας.</span> <span class='ocrx_word' id='word_1_141' title='bbox 637 1031 690 1060; x_wconf 78' lang='grc' dir='ltr'>Καὶ</span> <span class='ocrx_word' id='word_1_142' title='bbox 713 1031 776 1064; x_wconf 88' lang='grc' dir='ltr'>ἴσως</span> <span class='ocrx_word' id='word_1_143' title='bbox 802 1031 849 1069; x_wconf 80' lang='grc' dir='ltr'>μὲν</span> 
     </span>
     <span class='ocr_line' id='line_1_21' title="bbox 76 1076 848 1116; baseline 0 -10"><span class='ocrx_word' id='word_1_144' title='bbox 76 1078 177 1107; x_wconf 79' lang='grc' dir='ltr'>ἄπιστα</span> <span class='ocrx_word' id='word_1_145' title='bbox 200 1076 267 1110; x_wconf 82' lang='grc' dir='ltr'>δόξω</span> <span class='ocrx_word' id='word_1_146' title='bbox 284 1079 363 1116; x_wconf 77' lang='grc' dir='ltr'>ἐρεῖν,</span> <span class='ocrx_word' id='word_1_147' title='bbox 387 1077 458 1111; x_wconf 79' lang='grc' dir='ltr'>πλὴν</span> <span class='ocrx_word' id='word_1_148' title='bbox 481 1077 539 1105; x_wconf 79' lang='grc' dir='ltr'>ἀλλ’</span> <span class='ocrx_word' id='word_1_149' title='bbox 567 1078 661 1112; x_wconf 75' lang='grc' dir='ltr'>ἀληθῆ.</span> <span class='ocrx_word' id='word_1_150' title='bbox 686 1077 793 1109; x_wconf 72' lang='grc' dir='ltr'>Ταύτας</span> <span class='ocrx_word' id='word_1_151' title='bbox 817 1077 848 1112; x_wconf 85' lang='grc' dir='ltr'>δὴ</span> 
     </span>
     <span class='ocr_line' id='line_1_22' title="bbox 75 1121 851 1162; baseline 0 -11"><span class='ocrx_word' id='word_1_152' title='bbox 75 1123 123 1156; x_wconf 76' lang='grc' dir='ltr'>τὰς</span> <span class='ocrx_word' id='word_1_153' title='bbox 137 1122 219 1155; x_wconf 78' lang='grc' dir='ltr'>οὕτως</span> <span class='ocrx_word' id='word_1_154' title='bbox 240 1122 344 1156; x_wconf 72' lang='grc' dir='ltr'>ἁπαλὰς</span> <span class='ocrx_word' id='word_1_155' title='bbox 362 1122 441 1162; x_wconf 78' lang='grc' dir='ltr'>κόρας</span> <span class='ocrx_word' id='word_1_156' title='bbox 466 1121 568 1157; x_wconf 82' lang='grc' dir='ltr'>ἤκουσα</span> <span class='ocrx_word' id='word_1_157' title='bbox 592 1122 661 1161; x_wconf 77' lang='grc' dir='ltr'>ἐγὼ,</span> <span class='ocrx_word' id='word_1_158' title='bbox 683 1122 724 1152; x_wconf 73' lang='grc' dir='ltr'>ὅτι</span> <span class='ocrx_word' id='word_1_159' title='bbox 751 1124 788 1155; x_wconf 85' lang='grc' dir='ltr'>εἷς</span> <span class='ocrx_word' id='word_1_160' title='bbox 808 1135 851 1151; x_wconf 88' lang='grc' dir='ltr'>το-</span> 
     </span>
     <span class='ocr_line' id='line_1_23' title="bbox 76 1168 850 1208; baseline -0.001 -11"><span class='ocrx_word' id='word_1_161' title='bbox 76 1168 174 1204; x_wconf 75' lang='grc' dir='ltr'>σαύτην</span> <span class='ocrx_word' id='word_1_162' title='bbox 190 1168 394 1207; x_wconf 82' lang='grc' dir='ltr'>σκληραγωγιάν</span> <span class='ocrx_word' id='word_1_163' title='bbox 408 1168 502 1200; x_wconf 77' lang='grc' dir='ltr'>ἑαυτὰς</span> <span class='ocrx_word' id='word_1_164' title='bbox 523 1169 632 1207; x_wconf 78' lang='grc' dir='ltr'>ἤγαγον,</span> <span class='ocrx_word' id='word_1_165' title='bbox 650 1170 685 1201; x_wconf 82' lang='grc' dir='ltr'>ὡς</span> <span class='ocrx_word' id='word_1_166' title='bbox 702 1168 735 1196; x_wconf 79' lang='grc' dir='ltr'>τὰ</span> <span class='ocrx_word' id='word_1_167' title='bbox 749 1168 850 1208; x_wconf 73' lang='grc' dir='ltr'>τραχύ-</span> 
     </span>
     <span class='ocr_line' id='line_1_24' title="bbox 76 1214 851 1254; baseline 0.001 -12"><span class='ocrx_word' id='word_1_168' title='bbox 76 1226 139 1254; x_wconf 82' lang='grc' dir='ltr'>τερα</span> <span class='ocrx_word' id='word_1_169' title='bbox 157 1216 209 1243; x_wconf 79' lang='grc' dir='ltr'>τῶν</span> <span class='ocrx_word' id='word_1_170' title='bbox 241 1214 364 1254; x_wconf 64' lang='grc' dir='ltr'>τριχίνων</span> <span class='ocrx_word' id='word_1_171' title='bbox 380 1215 532 1253; x_wconf 75' lang='grc' dir='ltr'>περιθέσθαι</span> <span class='ocrx_word' id='word_1_172' title='bbox 548 1216 646 1242; x_wconf 81' lang='grc' dir='ltr'>ἑαυτῶν</span> <span class='ocrx_word' id='word_1_173' title='bbox 668 1218 721 1247; x_wconf 82' lang='grc' dir='ltr'>τοῖς</span> <span class='ocrx_word' id='word_1_174' title='bbox 745 1215 851 1252; x_wconf 83' lang='grc' dir='ltr'>σώμασι</span> 
     </span>
     <span class='ocr_line' id='line_1_25' title="bbox 76 1254 852 1298; baseline 0 -10"><span class='ocrx_word' id='word_1_175' title='bbox 76 1259 304 1298; x_wconf 81' lang='grc' dir='ltr'>γεγυμνωμένοις,</span> <span class='ocrx_word' id='word_1_176' title='bbox 330 1259 374 1288; x_wconf 79' lang='grc' dir='ltr'>καὶ</span> <span class='ocrx_word' id='word_1_177' title='bbox 397 1260 574 1294; x_wconf 80' lang='grc' dir='ltr'>ἀνυποδήτους</span> <span class='ocrx_word' id='word_1_178' title='bbox 591 1254 656 1288; x_wconf 66' lang='grc' dir='ltr'>εἶναι</span> <span class='ocrx_word' id='word_1_179' title='bbox 679 1260 726 1292; x_wconf 84' lang='grc' dir='ltr'>τὰς</span> <span class='ocrx_word' id='word_1_180' title='bbox 748 1259 852 1292; x_wconf 71' lang='grc' dir='ltr'>ἁπαλὰς</span> 
     </span>
     <span class='ocr_line' id='line_1_26' title="bbox 76 1305 852 1345; baseline -0.001 -10"><span class='ocrx_word' id='word_1_181' title='bbox 76 1306 190 1345; x_wconf 70' lang='grc' dir='ltr'>πτέρναις</span> <span class='ocrx_word' id='word_1_182' title='bbox 202 1306 315 1340; x_wconf 84' lang='grc' dir='ltr'>ἐκείνας,</span> <span class='ocrx_word' id='word_1_183' title='bbox 331 1306 375 1334; x_wconf 76' lang='grc' dir='ltr'>καὶ</span> <span class='ocrx_word' id='word_1_184' title='bbox 391 1306 434 1334; x_wconf 76' lang='grc' dir='ltr'>ἐπὶ</span> <span class='ocrx_word' id='word_1_185' title='bbox 445 1305 569 1338; x_wconf 70' lang='grc' dir='ltr'>στιὸοίδος</span> <span class='ocrx_word' id='word_1_186' title='bbox 582 1309 754 1334; x_wconf 82' lang='grc' dir='ltr'>κατακεῖσθαι</span> <span class='ocrx_word' id='word_1_187' title='bbox 766 1318 772 1323; x_wconf 84' lang='grc'><em>·</em></span> <span class='ocrx_word' id='word_1_188' title='bbox 786 1308 852 1343; x_wconf 81' lang='grc' dir='ltr'>μᾶλ-</span> 
     </span>
     <span class='ocr_line' id='line_1_27' title="bbox 76 1350 851 1389; baseline -0.001 -9"><span class='ocrx_word' id='word_1_189' title='bbox 76 1353 121 1380; x_wconf 89' lang='grc' dir='ltr'>λον</span> <span class='ocrx_word' id='word_1_190' title='bbox 135 1351 161 1380; x_wconf 79' lang='grc' dir='ltr'>δὲ</span> <span class='ocrx_word' id='word_1_191' title='bbox 174 1352 203 1380; x_wconf 79' lang='grc' dir='ltr'>τὸ</span> <span class='ocrx_word' id='word_1_192' title='bbox 217 1351 295 1380; x_wconf 77' lang='grc' dir='ltr'>πλέον</span> <span class='ocrx_word' id='word_1_193' title='bbox 309 1350 481 1389; x_wconf 78' lang='grc' dir='ltr'>ἐγρηγορέναι</span> <span class='ocrx_word' id='word_1_194' title='bbox 493 1352 539 1385; x_wconf 75' lang='grc' dir='ltr'>τῆς</span> <span class='ocrx_word' id='word_1_195' title='bbox 554 1353 660 1385; x_wconf 81' lang='grc' dir='ltr'>νυκτὸς,</span> <span class='ocrx_word' id='word_1_196' title='bbox 670 1351 715 1379; x_wconf 79' lang='grc' dir='ltr'>καὶ</span> <span class='ocrx_word' id='word_1_197' title='bbox 729 1350 788 1379; x_wconf 81' lang='grc' dir='ltr'>οὔτε</span> <span class='ocrx_word' id='word_1_198' title='bbox 802 1350 851 1389; x_wconf 77' lang='grc' dir='ltr'>μύ-</span> 
     </span>
     <span class='ocr_line' id='line_1_28' title="bbox 78 1396 851 1436; baseline -0.003 -10"><span class='ocrx_word' id='word_1_199' title='bbox 78 1408 137 1435; x_wconf 81' lang='grc' dir='ltr'>ρου,</span> <span class='ocrx_word' id='word_1_200' title='bbox 160 1396 218 1425; x_wconf 80' lang='grc' dir='ltr'>οὔτε</span> <span class='ocrx_word' id='word_1_201' title='bbox 234 1397 316 1425; x_wconf 82' lang='grc' dir='ltr'>ἄλλου</span> <span class='ocrx_word' id='word_1_202' title='bbox 332 1397 402 1428; x_wconf 77' lang='grc' dir='ltr'>τινὸς</span> <span class='ocrx_word' id='word_1_203' title='bbox 416 1398 468 1424; x_wconf 75' lang='grc' dir='ltr'>τῶν</span> <span class='ocrx_word' id='word_1_204' title='bbox 484 1398 605 1425; x_wconf 83' lang='grc' dir='ltr'>παλαιῶν</span> <span class='ocrx_word' id='word_1_205' title='bbox 621 1396 745 1436; x_wconf 87' lang='grc' dir='ltr'>πρόνοιαν</span> <span class='ocrx_word' id='word_1_206' title='bbox 763 1400 851 1425; x_wconf 88' lang='grc' dir='ltr'>ποιεῖ-</span> 
     </span>
     <span class='ocr_line' id='line_1_29' title="bbox 76 1441 850 1481; baseline -0.004 -9"><span class='ocrx_word' id='word_1_207' title='bbox 76 1445 155 1479; x_wconf 81' lang='grc' dir='ltr'>σθαι,</span> <span class='ocrx_word' id='word_1_208' title='bbox 181 1442 249 1472; x_wconf 78' lang='grc' dir='ltr'>ἀλλὰ</span> <span class='ocrx_word' id='word_1_209' title='bbox 264 1442 309 1471; x_wconf 80' lang='grc' dir='ltr'>καὶ</span> <span class='ocrx_word' id='word_1_210' title='bbox 331 1442 378 1477; x_wconf 74' lang='grc' dir='ltr'>τὴν</span> <span class='ocrx_word' id='word_1_211' title='bbox 404 1441 472 1471; x_wconf 66' lang='grc' dir='ltr'>οὕτω</span> <span class='ocrx_word' id='word_1_212' title='bbox 498 1442 709 1480; x_wconf 79' lang='grc' dir='ltr'>θεραπευομένην</span> <span class='ocrx_word' id='word_1_213' title='bbox 734 1442 850 1481; x_wconf 60' lang='grc' dir='ltr'>κεφαλὴν</span> 
     </span>
     <span class='ocr_line' id='line_1_30' title="bbox 76 1487 850 1527; baseline -0.001 -11"><span class='ocrx_word' id='word_1_214' title='bbox 76 1488 244 1526; x_wconf 76' lang='grc' dir='ltr'>ἀτημέλητον</span> <span class='ocrx_word' id='word_1_215' title='bbox 259 1487 338 1527; x_wconf 69' lang='grc' dir='ltr'>ἔχειν,</span> <span class='ocrx_word' id='word_1_216' title='bbox 354 1488 445 1520; x_wconf 77' lang='grc' dir='ltr'>ἁπλῶς</span> <span class='ocrx_word' id='word_1_217' title='bbox 467 1488 512 1516; x_wconf 78' lang='grc' dir='ltr'>καὶ</span> <span class='ocrx_word' id='word_1_218' title='bbox 528 1490 585 1526; x_wconf 72' lang='grc' dir='ltr'>εἰκῇ</span> <span class='ocrx_word' id='word_1_219' title='bbox 601 1487 649 1521; x_wconf 76' lang='grc' dir='ltr'>τὰς</span> <span class='ocrx_word' id='word_1_220' title='bbox 662 1488 756 1527; x_wconf 75' lang='grc' dir='ltr'>τρίχας</span> <span class='ocrx_word' id='word_1_221' title='bbox 777 1488 850 1516; x_wconf 81' lang='grc' dir='ltr'>ἐνδε-</span> 
     </span>
     <span class='ocr_line' id='line_1_31' title="bbox 77 1533 851 1573; baseline 0.001 -11"><span class='ocrx_word' id='word_1_222' title='bbox 77 1534 198 1572; x_wconf 82' lang='grc' dir='ltr'>δεμένην,</span> <span class='ocrx_word' id='word_1_223' title='bbox 219 1533 288 1563; x_wconf 75' lang='grc' dir='ltr'>ὥστε</span> <span class='ocrx_word' id='word_1_224' title='bbox 310 1533 346 1572; x_wconf 87' lang='grc' dir='ltr'>μὴ</span> <span class='ocrx_word' id='word_1_225' title='bbox 366 1536 401 1567; x_wconf 83' lang='grc' dir='ltr'>εἷς</span> <span class='ocrx_word' id='word_1_226' title='bbox 421 1534 611 1573; x_wconf 66' lang='grc' dir='ltr'>ἀσχημοσύνην</span> <span class='ocrx_word' id='word_1_227' title='bbox 632 1536 766 1572; x_wconf 80' lang='grc' dir='ltr'>ἐμπεσεῖν.</span> <span class='ocrx_word' id='word_1_228' title='bbox 779 1534 851 1573; x_wconf 78' lang='grc' dir='ltr'>Τροί-</span> 
     </span>
     <span class='ocr_line' id='line_1_32' title="bbox 76 1580 851 1620; baseline 0.003 -13"><span class='ocrx_word' id='word_1_229' title='bbox 76 1582 143 1614; x_wconf 84' lang='grc' dir='ltr'>πεζα</span> <span class='ocrx_word' id='word_1_230' title='bbox 157 1580 183 1609; x_wconf 80' lang='grc' dir='ltr'>δὲ</span> <span class='ocrx_word' id='word_1_231' title='bbox 207 1581 298 1613; x_wconf 76' lang='grc' dir='ltr'>αὐταῖς</span> <span class='ocrx_word' id='word_1_232' title='bbox 319 1582 390 1608; x_wconf 74' lang='grc' dir='ltr'>ἐστιν</span> <span class='ocrx_word' id='word_1_233' title='bbox 406 1580 531 1619; x_wconf 79' lang='grc' dir='ltr'>ἑσπερινὴ</span> <span class='ocrx_word' id='word_1_234' title='bbox 555 1580 622 1618; x_wconf 84' lang='grc' dir='ltr'>μόνη</span> <span class='ocrx_word' id='word_1_235' title='bbox 634 1602 641 1614; x_wconf 87' lang='grc'>,</span> <span class='ocrx_word' id='word_1_236' title='bbox 662 1580 779 1620; x_wconf 83' lang='grc' dir='ltr'>τράπεζα</span> <span class='ocrx_word' id='word_1_237' title='bbox 792 1580 851 1609; x_wconf 76' lang='grc' dir='ltr'>οὐδὲ</span> 
     </span>
     <span class='ocr_line' id='line_1_33' title="bbox 77 1625 851 1665; baseline 0 -11"><span class='ocrx_word' id='word_1_238' title='bbox 77 1626 194 1665; x_wconf 68' lang='grc' dir='ltr'>λαχάνου</span> <span class='ocrx_word' id='word_1_239' title='bbox 206 1626 264 1655; x_wconf 75' lang='grc' dir='ltr'>οὐδὲ</span> <span class='ocrx_word' id='word_1_240' title='bbox 279 1626 358 1665; x_wconf 82' lang='grc' dir='ltr'>ἄρτου</span> <span class='ocrx_word' id='word_1_241' title='bbox 369 1649 376 1662; x_wconf 85' lang='lat'>,</span> <span class='ocrx_word' id='word_1_242' title='bbox 391 1625 460 1654; x_wconf 69' lang='grc' dir='ltr'>ἀλλὰ</span> <span class='ocrx_word' id='word_1_243' title='bbox 481 1626 618 1664; x_wconf 72' lang='grc' dir='ltr'>σεμίδαλις</span> <span class='ocrx_word' id='word_1_244' title='bbox 633 1626 677 1655; x_wconf 75' lang='grc' dir='ltr'>καὶ</span> <span class='ocrx_word' id='word_1_245' title='bbox 692 1626 792 1664; x_wconf 71' lang='grc' dir='ltr'>κύαμος</span> <span class='ocrx_word' id='word_1_246' title='bbox 806 1626 851 1655; x_wconf 76' lang='grc' dir='ltr'>καὶ</span> 
     </span>
     <span class='ocr_line' id='line_1_34' title="bbox 79 1672 852 1713; baseline 0.001 -13"><span class='ocrx_word' id='word_1_247' title='bbox 79 1672 222 1711; x_wconf 64' lang='grc' dir='ltr'>ἔρέὸινθος,</span> <span class='ocrx_word' id='word_1_248' title='bbox 246 1673 291 1701; x_wconf 84' lang='grc' dir='ltr'>καὶ</span> <span class='ocrx_word' id='word_1_249' title='bbox 316 1673 392 1701; x_wconf 85' lang='grc' dir='ltr'>ἐλαία</span> <span class='ocrx_word' id='word_1_250' title='bbox 414 1672 459 1701; x_wconf 79' lang='grc' dir='ltr'>καὶ</span> <span class='ocrx_word' id='word_1_251' title='bbox 486 1675 553 1701; x_wconf 74' lang='grc' dir='ltr'>σῦκα</span> <span class='ocrx_word' id='word_1_252' title='bbox 565 1685 570 1690; x_wconf 91' lang='grc'><em>·</em></span> <span class='ocrx_word' id='word_1_253' title='bbox 594 1673 639 1702; x_wconf 79' lang='grc' dir='ltr'>καὶ</span> <span class='ocrx_word' id='word_1_254' title='bbox 661 1673 852 1713; x_wconf 81' lang='grc' dir='ltr'>ταλασιουργία</span> 
     </span>
     <span class='ocr_line' id='line_1_35' title="bbox 78 1718 851 1758; baseline 0.001 -12"><span class='ocrx_word' id='word_1_255' title='bbox 78 1718 199 1752; x_wconf 77' lang='grc' dir='ltr'>διηνεκὴς</span> <span class='ocrx_word' id='word_1_256' title='bbox 212 1718 257 1747; x_wconf 79' lang='grc' dir='ltr'>καὶ</span> <span class='ocrx_word' id='word_1_257' title='bbox 271 1720 323 1746; x_wconf 77' lang='grc' dir='ltr'>τῶν</span> <span class='ocrx_word' id='word_1_258' title='bbox 339 1718 405 1747; x_wconf 87' lang='grc' dir='ltr'>οἴκοι</span> <span class='ocrx_word' id='word_1_259' title='bbox 416 1718 606 1757; x_wconf 80' lang='grc' dir='ltr'>θεραπαινίδων</span> <span class='ocrx_word' id='word_1_260' title='bbox 622 1719 686 1757; x_wconf 82' lang='grc' dir='ltr'>ἔργα</span> <span class='ocrx_word' id='word_1_261' title='bbox 700 1721 790 1758; x_wconf 83' lang='grc' dir='ltr'>πολλῷ</span> <span class='ocrx_word' id='word_1_262' title='bbox 802 1731 851 1758; x_wconf 79' lang='grc' dir='ltr'>χοι-</span> 
     </span>
     <span class='ocr_line' id='line_1_36' title="bbox 77 1763 852 1804; baseline 0.001 -12"><span class='ocrx_word' id='word_1_263' title='bbox 77 1763 224 1804; x_wconf 79' lang='grc' dir='ltr'>λεπώτερα.</span> <span class='ocrx_word' id='word_1_264' title='bbox 240 1763 276 1793; x_wconf 85' lang='grc' dir='ltr'>Τί</span> <span class='ocrx_word' id='word_1_265' title='bbox 290 1763 355 1803; x_wconf 58' lang='lat' dir='ltr'>*stiffi</span> <span class='ocrx_word' id='word_1_266' title='bbox 367 1763 414 1797; x_wconf 84' lang='grc' dir='ltr'>τὰς</span> <span class='ocrx_word' id='word_1_267' title='bbox 425 1764 577 1802; x_wconf 81' lang='grc' dir='ltr'>καμνούσας</span> <span class='ocrx_word' id='word_1_268' title='bbox 591 1765 621 1793; x_wconf 81' lang='grc' dir='ltr'>τὸ</span> <span class='ocrx_word' id='word_1_269' title='bbox 633 1767 711 1803; x_wconf 81' lang='grc' dir='ltr'>σῶμα</span> <span class='ocrx_word' id='word_1_270' title='bbox 725 1764 852 1804; x_wconf 77' lang='grc' dir='ltr'>θεραπεύ-</span> 
     </span>
     <span class='ocr_line' id='line_1_37' title="bbox 78 1810 852 1849; baseline 0.003 -11"><span class='ocrx_word' id='word_1_271' title='bbox 78 1821 116 1838; x_wconf 81' lang='grc' dir='ltr'>ειν</span> <span class='ocrx_word' id='word_1_272' title='bbox 131 1810 300 1846; x_wconf 73' lang='grc' dir='ltr'>ἀνεδέξαντο,</span> <span class='ocrx_word' id='word_1_273' title='bbox 315 1810 362 1843; x_wconf 83' lang='grc' dir='ltr'>τὰς</span> <span class='ocrx_word' id='word_1_274' title='bbox 377 1810 469 1843; x_wconf 80' lang='grc' dir='ltr'>κλίνας</span> <span class='ocrx_word' id='word_1_275' title='bbox 485 1811 677 1849; x_wconf 79' lang='grc' dir='ltr'>βαστάζουσαι,</span> <span class='ocrx_word' id='word_1_276' title='bbox 695 1811 755 1844; x_wconf 64' lang='grc' dir='ltr'>τοὺς</span> <span class='ocrx_word' id='word_1_277' title='bbox 770 1811 852 1844; x_wconf 84' lang='grc' dir='ltr'>πόδας</span> 
     </span>
     <span class='ocr_line' id='line_1_38' title="bbox 78 1856 853 1897; baseline 0.001 -13"><span class='ocrx_word' id='word_1_278' title='bbox 78 1856 235 1885; x_wconf 83' lang='grc' dir='ltr'>νίπτουσαι·</span> <span class='ocrx_word' id='word_1_279' title='bbox 251 1857 348 1886; x_wconf 84' lang='grc' dir='ltr'>πολλαὶ</span> <span class='ocrx_word' id='word_1_280' title='bbox 371 1856 397 1885; x_wconf 80' lang='grc' dir='ltr'>δὲ</span> <span class='ocrx_word' id='word_1_281' title='bbox 422 1858 507 1885; x_wconf 71' lang='grc' dir='ltr'>αὐτῶν</span> <span class='ocrx_word' id='word_1_282' title='bbox 526 1857 571 1886; x_wconf 77' lang='grc' dir='ltr'>καὶ</span> <span class='ocrx_word' id='word_1_283' title='bbox 586 1858 779 1897; x_wconf 81' lang='grc' dir='ltr'>μαγειρεύουσι.</span> <span class='ocrx_word' id='word_1_284' title='bbox 799 1858 853 1885; x_wconf 83' lang='grc' dir='ltr'>Το-</span> 
     </span>
    </p>
   </div>
   <div class='ocr_carea' id='block_1_3' title="bbox 78 1902 887 1942">
    <p class='ocr_par' dir='ltr' id='par_1_3' title="bbox 78 1902 887 1942">
     <span class='ocr_line' id='line_1_39' title="bbox 78 1902 887 1942; baseline 0.001 -12"><span class='ocrx_word' id='word_1_285' title='bbox 78 1904 162 1930; x_wconf 82' lang='grc' dir='ltr'>σαῦτα</span> <span class='ocrx_word' id='word_1_286' title='bbox 179 1902 288 1931; x_wconf 79' lang='grc' dir='ltr'>δύναται</span> <span class='ocrx_word' id='word_1_287' title='bbox 300 1905 344 1931; x_wconf 77' lang='grc' dir='ltr'>τοῦ</span> <span class='ocrx_word' id='word_1_288' title='bbox 359 1903 474 1942; x_wconf 76' lang='grc' dir='ltr'>Χριστοῦ</span> <span class='ocrx_word' id='word_1_289' title='bbox 487 1903 517 1932; x_wconf 85' lang='grc' dir='ltr'>τὸ</span> <span class='ocrx_word' id='word_1_290' title='bbox 530 1906 582 1942; x_wconf 73' lang='grc' dir='ltr'>πῦρ</span> <span class='ocrx_word' id='word_1_291' title='bbox 594 1916 599 1921; x_wconf 90' lang='grc'>·</span> <span class='ocrx_word' id='word_1_292' title='bbox 615 1903 684 1932; x_wconf 78' lang='grc' dir='ltr'>οὕτω</span> <span class='ocrx_word' id='word_1_293' title='bbox 695 1903 740 1932; x_wconf 80' lang='grc' dir='ltr'>καὶ</span> <span class='ocrx_word' id='word_1_294' title='bbox 752 1903 852 1942; x_wconf 70' lang='grc' dir='ltr'>φύσεως</span> <span class='ocrx_word' id='word_1_295' title='bbox 880 1905 887 1918; x_wconf 72' lang='lat'><em>³</em></span> 
     </span>
    </p>
   </div>
   <div class='ocr_carea' id='block_1_4' title="bbox 78 1947 853 2076">
    <p class='ocr_par' dir='ltr' id='par_1_4' title="bbox 78 1947 853 2076">
     <span class='ocr_line' id='line_1_40' title="bbox 86 1947 842 1960; baseline 0.003 -3"><span class='ocrx_word' id='word_1_296' title='bbox 86 1949 93 1957; x_wconf 68' lang='lat'><em>5</em></span> <span class='ocrx_word' id='word_1_297' title='bbox 122 1947 128 1956; x_wconf 78' lang='grc' dir='ltr'><em>Ι</em></span> <span class='ocrx_word' id='word_1_298' title='bbox 370 1948 376 1957; x_wconf 93' lang='grc' dir='ltr'><strong><em>Ι</em></strong></span> <span class='ocrx_word' id='word_1_299' title='bbox 448 1950 456 1956; x_wconf 64' lang='grc'><em>“</em></span> <span class='ocrx_word' id='word_1_300' title='bbox 470 1949 476 1959; x_wconf 63' lang='grc' dir='ltr'>ἱ</span> <span class='ocrx_word' id='word_1_301' title='bbox 517 1950 535 1960; x_wconf 65' lang='lat'>&#39;⁴</span> <span class='ocrx_word' id='word_1_302' title='bbox 563 1951 568 1960; x_wconf 63' lang='lat'><em>3</em></span> <span class='ocrx_word' id='word_1_303' title='bbox 600 1951 608 1959; x_wconf 67' lang='lat'><strong>³</strong></span> <span class='ocrx_word' id='word_1_304' title='bbox 618 1950 638 1959; x_wconf 53' lang='grc' dir='ltr'>ΝῚ</span> <span class='ocrx_word' id='word_1_305' title='bbox 727 1952 743 1958; x_wconf 65' lang='grc' dir='ltr'><em>Ν</em></span> <span class='ocrx_word' id='word_1_306' title='bbox 804 1951 811 1959; x_wconf 76' lang='grc' dir='ltr'><strong><em>Ί</em></strong></span> <span class='ocrx_word' id='word_1_307' title='bbox 836 1949 842 1959; x_wconf 58' lang='grc' dir='ltr'>ἲ</span> 
     </span>
     <span class='ocr_line' id='line_1_41' title="bbox 79 1950 852 1988; baseline 0.001 -12"><span class='ocrx_word' id='word_1_308' title='bbox 79 1960 208 1986; x_wconf 86' lang='grc' dir='ltr'>ανωτερον</span> <span class='ocrx_word' id='word_1_309' title='bbox 223 1950 239 1982; x_wconf 81' lang='grc' dir='ltr'>ἡ</span> <span class='ocrx_word' id='word_1_310' title='bbox 260 1951 403 1988; x_wconf 79' lang='grc' dir='ltr'>προθυμια.</span> <span class='ocrx_word' id='word_1_311' title='bbox 420 1950 496 1983; x_wconf 87' lang='grc' dir='ltr'>ΠΛην</span> <span class='ocrx_word' id='word_1_312' title='bbox 510 1951 560 1978; x_wconf 75' lang='grc' dir='ltr'>αλλ</span> <span class='ocrx_word' id='word_1_313' title='bbox 583 1961 657 1978; x_wconf 84' lang='grc' dir='ltr'>ουοεν</span> <span class='ocrx_word' id='word_1_314' title='bbox 673 1960 789 1978; x_wconf 86' lang='grc' dir='ltr'>τοιουτον</span> <span class='ocrx_word' id='word_1_315' title='bbox 800 1961 852 1987; x_wconf 85' lang='grc' dir='ltr'>εγω</span> 
     </span>
     <span class='ocr_line' id='line_1_42' title="bbox 78 1994 853 2034; baseline 0.001 -13"><span class='ocrx_word' id='word_1_316' title='bbox 78 1995 146 2030; x_wconf 72' lang='grc' dir='ltr'>ὑμᾶς</span> <span class='ocrx_word' id='word_1_317' title='bbox 166 1995 289 2029; x_wconf 75' lang='grc' dir='ltr'>ἀπαιτῶ,</span> <span class='ocrx_word' id='word_1_318' title='bbox 311 1994 402 2028; x_wconf 71' lang='grc' dir='ltr'>ἐπειδὴ</span> <span class='ocrx_word' id='word_1_319' title='bbox 419 1994 541 2032; x_wconf 78' lang='grc' dir='ltr'>βούλεσθε</span> <span class='ocrx_word' id='word_1_320' title='bbox 554 1995 765 2034; x_wconf 80' lang='grc' dir='ltr'>παρελαύνεσθαι</span> <span class='ocrx_word' id='word_1_321' title='bbox 779 1994 853 2034; x_wconf 82' lang='grc' dir='ltr'>παρὰ</span> 
     </span>
     <span class='ocr_line' id='line_1_43' title="bbox 79 2041 221 2076; baseline 0.007 -10"><span class='ocrx_word' id='word_1_322' title='bbox 79 2041 221 2076; x_wconf 78' lang='grc' dir='ltr'>γυναικῶν.</span> 
     </span>
    </p>
   </div>
   <div class='ocr_carea' id='block_1_5' title="bbox 79 2090 895 2177">
    <p class='ocr_par' dir='ltr' id='par_1_5' title="bbox 79 2090 895 2177">
     <span class='ocr_line' id='line_1_44' title="bbox 119 2090 895 2132; baseline 0.005 -13"><span class='ocrx_word' id='word_1_323' title='bbox 119 2090 177 2119; x_wconf 82' lang='grc' dir='ltr'>Κᾶν</span> <span class='ocrx_word' id='word_1_324' title='bbox 188 2095 248 2129; x_wconf 69' lang='grc' dir='ltr'>γοῦν</span> <span class='ocrx_word' id='word_1_325' title='bbox 259 2091 308 2120; x_wconf 75' lang='grc' dir='ltr'>ὅσα</span> <span class='ocrx_word' id='word_1_326' title='bbox 322 2091 358 2129; x_wconf 83' lang='grc' dir='ltr'>μὴ</span> <span class='ocrx_word' id='word_1_327' title='bbox 370 2091 481 2130; x_wconf 73' lang='grc' dir='ltr'>φορτικὰ</span> <span class='ocrx_word' id='word_1_328' title='bbox 491 2115 499 2129; x_wconf 85' lang='grc'>,</span> <span class='ocrx_word' id='word_1_329' title='bbox 512 2095 594 2121; x_wconf 78' lang='grc' dir='ltr'>ταῦτα</span> <span class='ocrx_word' id='word_1_330' title='bbox 606 2093 737 2131; x_wconf 79' lang='grc' dir='ltr'>πράττετε</span> <span class='ocrx_word' id='word_1_331' title='bbox 746 2116 754 2129; x_wconf 91' lang='grc'>,</span> <span class='ocrx_word' id='word_1_332' title='bbox 766 2093 852 2132; x_wconf 81' lang='grc' dir='ltr'>χειρὸς</span> <span class='ocrx_word' id='word_1_333' title='bbox 862 2106 895 2125; x_wconf 81' lang='lat'>101</span> 
     </span>
     <span class='ocr_line' id='line_1_45' title="bbox 79 2136 888 2177; baseline 0.004 -13"><span class='ocrx_word' id='word_1_334' title='bbox 79 2141 200 2176; x_wconf 83' lang='grc' dir='ltr'>κρατεῖτε</span> <span class='ocrx_word' id='word_1_335' title='bbox 213 2137 258 2165; x_wconf 81' lang='grc' dir='ltr'>καὶ</span> <span class='ocrx_word' id='word_1_336' title='bbox 268 2137 422 2166; x_wconf 74' lang='grc' dir='ltr'>ἀκολάστων</span> <span class='ocrx_word' id='word_1_337' title='bbox 435 2139 587 2177; x_wconf 62' lang='grc' dir='ltr'>ὀφθαλμῶν.</span> <span class='ocrx_word' id='word_1_338' title='bbox 599 2138 634 2167; x_wconf 79' lang='grc' dir='ltr'>Τί</span> <span class='ocrx_word' id='word_1_339' title='bbox 649 2138 783 2174; x_wconf 81' lang='grc' dir='ltr'>δύσκολον,</span> <span class='ocrx_word' id='word_1_340' title='bbox 797 2139 854 2167; x_wconf 85' lang='grc' dir='ltr'>εἶπέ</span> <span class='ocrx_word' id='word_1_341' title='bbox 871 2136 888 2156; x_wconf 61' lang='grc' dir='ltr'>Α</span> 
     </span>
    </p>
   </div>
   <div class='ocr_carea' id='block_1_6' title="bbox 79 2182 854 2409">
    <p class='ocr_par' dir='ltr' id='par_1_6' title="bbox 79 2182 854 2409">
     <span class='ocr_line' id='line_1_46' title="bbox 80 2182 854 2223; baseline 0.003 -12"><span class='ocrx_word' id='word_1_342' title='bbox 80 2194 141 2220; x_wconf 89' lang='grc' dir='ltr'>μοι,</span> <span class='ocrx_word' id='word_1_343' title='bbox 155 2182 181 2210; x_wconf 88' lang='grc' dir='ltr'>τί</span> <span class='ocrx_word' id='word_1_344' title='bbox 196 2183 338 2221; x_wconf 51' lang='grc' dir='ltr'>δυσχ-ερέςς</span> <span class='ocrx_word' id='word_1_345' title='bbox 353 2183 451 2212; x_wconf 86' lang='grc' dir='ltr'>Δίκαια</span> <span class='ocrx_word' id='word_1_346' title='bbox 466 2184 614 2223; x_wconf 76' lang='grc' dir='ltr'>πράττετε,</span> <span class='ocrx_word' id='word_1_347' title='bbox 631 2184 732 2222; x_wconf 84' lang='grc' dir='ltr'>μηδένα</span> <span class='ocrx_word' id='word_1_348' title='bbox 753 2185 854 2214; x_wconf 85' lang='grc' dir='ltr'>ἀδικεῖ-</span> 
     </span>
     <span class='ocr_line' id='line_1_47' title="bbox 79 2228 851 2269; baseline 0.004 -12"><span class='ocrx_word' id='word_1_349' title='bbox 79 2241 124 2263; x_wconf 88' lang='grc' dir='ltr'>τε,</span> <span class='ocrx_word' id='word_1_350' title='bbox 150 2228 216 2266; x_wconf 78' lang='grc' dir='ltr'>μήτε</span> <span class='ocrx_word' id='word_1_351' title='bbox 239 2231 252 2257; x_wconf 85' lang='grc' dir='ltr'>ὁ</span> <span class='ocrx_word' id='word_1_352' title='bbox 276 2229 357 2263; x_wconf 81' lang='grc' dir='ltr'>πένης</span> <span class='ocrx_word' id='word_1_353' title='bbox 368 2253 375 2264; x_wconf 86' lang='grc'>,</span> <span class='ocrx_word' id='word_1_354' title='bbox 400 2230 468 2267; x_wconf 81' lang='grc' dir='ltr'>μήτε</span> <span class='ocrx_word' id='word_1_355' title='bbox 487 2232 499 2259; x_wconf 83' lang='grc' dir='ltr'>ὁ</span> <span class='ocrx_word' id='word_1_356' title='bbox 515 2230 640 2262; x_wconf 81' lang='grc' dir='ltr'>πλούσιος</span> <span class='ocrx_word' id='word_1_357' title='bbox 651 2253 658 2265; x_wconf 90' lang='lat'>,</span> <span class='ocrx_word' id='word_1_358' title='bbox 676 2231 743 2268; x_wconf 78' lang='grc' dir='ltr'>μήτε</span> <span class='ocrx_word' id='word_1_359' title='bbox 758 2233 771 2259; x_wconf 86' lang='grc' dir='ltr'>ὁ</span> <span class='ocrx_word' id='word_1_360' title='bbox 788 2233 851 2269; x_wconf 77' lang='grc' dir='ltr'>ἀγο-</span> 
     </span>
     <span class='ocr_line' id='line_1_48' title="bbox 82 2275 852 2315; baseline 0.005 -14"><span class='ocrx_word' id='word_1_361' title='bbox 82 2279 165 2312; x_wconf 81' lang='grc' dir='ltr'>ραῖος,</span> <span class='ocrx_word' id='word_1_362' title='bbox 183 2275 250 2312; x_wconf 77' lang='grc' dir='ltr'>μήτε</span> <span class='ocrx_word' id='word_1_363' title='bbox 261 2277 274 2303; x_wconf 84' lang='grc' dir='ltr'>ὁ</span> <span class='ocrx_word' id='word_1_364' title='bbox 291 2275 435 2312; x_wconf 77' lang='grc' dir='ltr'>μισθιι)τός’</span> <span class='ocrx_word' id='word_1_365' title='bbox 449 2275 505 2304; x_wconf 82' lang='grc' dir='ltr'>ἔστι</span> <span class='ocrx_word' id='word_1_366' title='bbox 516 2276 567 2314; x_wconf 81' lang='grc' dir='ltr'>γὰρ</span> <span class='ocrx_word' id='word_1_367' title='bbox 580 2276 624 2304; x_wconf 76' lang='grc' dir='ltr'>καὶ</span> <span class='ocrx_word' id='word_1_368' title='bbox 638 2276 716 2315; x_wconf 78' lang='grc' dir='ltr'>μέχρι</span> <span class='ocrx_word' id='word_1_369' title='bbox 731 2277 852 2311; x_wconf 70' lang='grc' dir='ltr'>πενήτων</span> 
     </span>
     <span class='ocr_line' id='line_1_49' title="bbox 80 2319 852 2362; baseline 0.005 -14"><span class='ocrx_word' id='word_1_370' title='bbox 80 2320 184 2349; x_wconf 73' lang='grc' dir='ltr'>ἀδικίαν</span> <span class='ocrx_word' id='word_1_371' title='bbox 197 2321 317 2350; x_wconf 79' lang='grc' dir='ltr'>διελθεῖν.</span> <span class='ocrx_word' id='word_1_372' title='bbox 335 2322 373 2350; x_wconf 79' lang='grc' dir='ltr'>Ἦ</span> <span class='ocrx_word' id='word_1_373' title='bbox 394 2324 443 2360; x_wconf 67' lang='grc' dir='ltr'>οὐχ</span> <span class='ocrx_word' id='word_1_374' title='bbox 463 2324 542 2361; x_wconf 78' lang='grc' dir='ltr'>ὁρᾶτε</span> <span class='ocrx_word' id='word_1_375' title='bbox 569 2323 652 2355; x_wconf 81' lang='grc' dir='ltr'>πόσας</span> <span class='ocrx_word' id='word_1_376' title='bbox 667 2319 737 2352; x_wconf 66' lang='grc' dir='ltr'>οὗτοι</span> <span class='ocrx_word' id='word_1_377' title='bbox 764 2324 852 2362; x_wconf 71' lang='grc' dir='ltr'>μάχας</span> 
     </span>
     <span class='ocr_line' id='line_1_50' title="bbox 80 2367 852 2409; baseline 0.004 -14"><span class='ocrx_word' id='word_1_378' title='bbox 80 2369 198 2402; x_wconf 74' lang='grc' dir='ltr'>ποιοῦσι,</span> <span class='ocrx_word' id='word_1_379' title='bbox 220 2367 265 2395; x_wconf 77' lang='grc' dir='ltr'>καὶ</span> <span class='ocrx_word' id='word_1_380' title='bbox 287 2367 375 2396; x_wconf 78' lang='grc' dir='ltr'>πάντα</span> <span class='ocrx_word' id='word_1_381' title='bbox 397 2368 587 2407; x_wconf 76' lang='grc' dir='ltr'>ἀνατρέπουσι;</span> <span class='ocrx_word' id='word_1_382' title='bbox 610 2369 734 2408; x_wconf 73' lang='grc' dir='ltr'>Κέχρησο</span> <span class='ocrx_word' id='word_1_383' title='bbox 757 2370 852 2409; x_wconf 79' lang='grc' dir='ltr'>γάμῳ,</span> 
     </span>
    </p>
   </div>
   <div class='ocr_carea' id='block_1_7' title="bbox 81 2412 860 2451">
    <p class='ocr_par' dir='ltr' id='par_1_7' title="bbox 81 2412 860 2451">
     <span class='ocr_line' id='line_1_51' title="bbox 81 2412 860 2451; baseline 0.006 -12"><span class='ocrx_word' id='word_1_384' title='bbox 81 2412 126 2450; x_wconf 47' lang='grc' dir='ltr'>ἔχε</span> <span class='ocrx_word' id='word_1_385' title='bbox 138 2413 247 2445; x_wconf 86' lang='grc' dir='ltr'>παῖδας·</span> <span class='ocrx_word' id='word_1_386' title='bbox 260 2412 304 2440; x_wconf 71' lang='grc' dir='ltr'>καὶ</span> <span class='ocrx_word' id='word_1_387' title='bbox 319 2413 425 2446; x_wconf 80' lang='grc' dir='ltr'>Παῦλος</span> <span class='ocrx_word' id='word_1_388' title='bbox 437 2414 562 2447; x_wconf 79' lang='grc' dir='ltr'>τοιούτοις</span> <span class='ocrx_word' id='word_1_389' title='bbox 577 2415 703 2443; x_wconf 75' lang='grc' dir='ltr'>ἐπέταττε</span> <span class='ocrx_word' id='word_1_390' title='bbox 714 2438 720 2451; x_wconf 90' lang='lat'>,</span> <span class='ocrx_word' id='word_1_391' title='bbox 732 2415 860 2449; x_wconf 81' lang='grc' dir='ltr'>τοιούτοις</span> 
     </span>
    </p>
   </div>
   <div class='ocr_carea' id='block_1_8' title="bbox 82 2457 854 2589">
    <p class='ocr_par' dir='ltr' id='par_1_8' title="bbox 85 2457 801 2471">
     <span class='ocr_line' id='line_1_52' title="bbox 85 2457 801 2471; baseline 0.006 -4"><span class='ocrx_word' id='word_1_392' title='bbox 85 2458 94 2467; x_wconf 73' lang='lat' dir='ltr'>V</span> <span class='ocrx_word' id='word_1_393' title='bbox 239 2457 245 2466; x_wconf 77' lang='grc' dir='ltr'><strong><em>Ι</em></strong></span> <span class='ocrx_word' id='word_1_394' title='bbox 314 2460 321 2466; x_wconf 61' lang='lat'>¹</span> <span class='ocrx_word' id='word_1_395' title='bbox 354 2463 362 2467; x_wconf 84' lang='lat'>—</span> <span class='ocrx_word' id='word_1_396' title='bbox 420 2461 428 2469; x_wconf 61' lang='grc' dir='ltr'><strong>ί</strong></span> <span class='ocrx_word' id='word_1_397' title='bbox 453 2461 460 2469; x_wconf 74' lang='grc' dir='ltr'><strong><em>Ἴ</em></strong></span> <span class='ocrx_word' id='word_1_398' title='bbox 487 2459 493 2470; x_wconf 49' lang='grc' dir='ltr'>ἲ</span> <span class='ocrx_word' id='word_1_399' title='bbox 611 2462 619 2471; x_wconf 54' lang='grc' dir='ltr'>ξ</span> <span class='ocrx_word' id='word_1_400' title='bbox 684 2460 689 2469; x_wconf 51' lang='lat' dir='ltr'>N</span> <span class='ocrx_word' id='word_1_401' title='bbox 796 2462 801 2471; x_wconf 69' lang='lat' dir='ltr'><em>l</em></span> 
     </span>
    </p>

    <p class='ocr_par' dir='ltr' id='par_1_9' title="bbox 82 2459 854 2589">
     <span class='ocr_line' id='line_1_53' title="bbox 82 2459 853 2499; baseline 0.006 -14"><span class='ocrx_word' id='word_1_402' title='bbox 82 2469 188 2496; x_wconf 61' lang='grc' dir='ltr'>εγραφε.</span> <span class='ocrx_word' id='word_1_403' title='bbox 203 2459 294 2496; x_wconf 83' lang='grc' dir='ltr'>Μεγας</span> <span class='ocrx_word' id='word_1_404' title='bbox 310 2470 405 2490; x_wconf 84' lang='grc' dir='ltr'>εκεινος</span> <span class='ocrx_word' id='word_1_405' title='bbox 418 2470 431 2487; x_wconf 96' lang='grc' dir='ltr'>ο</span> <span class='ocrx_word' id='word_1_406' title='bbox 446 2471 528 2497; x_wconf 84' lang='grc' dir='ltr'>αγων,</span> <span class='ocrx_word' id='word_1_407' title='bbox 544 2460 589 2489; x_wconf 75' lang='grc' dir='ltr'>καὶ</span> <span class='ocrx_word' id='word_1_408' title='bbox 610 2462 709 2499; x_wconf 68' lang='grc' dir='ltr'>υψηλος</span> <span class='ocrx_word' id='word_1_409' title='bbox 724 2463 737 2489; x_wconf 85' lang='grc' dir='ltr'>ὁ</span> <span class='ocrx_word' id='word_1_410' title='bbox 753 2473 853 2491; x_wconf 80' lang='grc' dir='ltr'>σκοπε-</span> 
     </span>
     <span class='ocr_line' id='line_1_54' title="bbox 82 2503 854 2545; baseline 0.009 -15"><span class='ocrx_word' id='word_1_411' title='bbox 82 2506 142 2538; x_wconf 69' lang='grc' dir='ltr'>λος,</span> <span class='ocrx_word' id='word_1_412' title='bbox 155 2504 198 2531; x_wconf 75' lang='grc' dir='ltr'>καὶ</span> <span class='ocrx_word' id='word_1_413' title='bbox 210 2503 286 2542; x_wconf 74' lang='grc' dir='ltr'>ἐγγὺς</span> <span class='ocrx_word' id='word_1_414' title='bbox 300 2507 344 2532; x_wconf 74' lang='grc' dir='ltr'>τοῦ</span> <span class='ocrx_word' id='word_1_415' title='bbox 359 2505 469 2542; x_wconf 76' lang='grc' dir='ltr'>οὐρανοῦ</span> <span class='ocrx_word' id='word_1_416' title='bbox 481 2507 497 2539; x_wconf 75' lang='grc' dir='ltr'>ἢ</span> <span class='ocrx_word' id='word_1_417' title='bbox 511 2507 610 2545; x_wconf 61' lang='grc' dir='ltr'>κορυφὴ</span> <span class='ocrx_word' id='word_1_418' title='bbox 620 2529 627 2542; x_wconf 81' lang='lat'>‚</span> <span class='ocrx_word' id='word_1_419' title='bbox 641 2507 686 2535; x_wconf 71' lang='grc' dir='ltr'>καὶ</span> <span class='ocrx_word' id='word_1_420' title='bbox 701 2508 728 2536; x_wconf 77' lang='grc' dir='ltr'>οὐ</span> <span class='ocrx_word' id='word_1_421' title='bbox 744 2508 854 2537; x_wconf 75' lang='grc' dir='ltr'>δύνασαι</span> 
     </span>
     <span class='ocr_line' id='line_1_55' title="bbox 84 2549 854 2589; baseline 0.008 -12"><span class='ocrx_word' id='word_1_422' title='bbox 84 2549 181 2587; x_wconf 48' lang='grc' dir='ltr'>φθάσαι</span> <span class='ocrx_word' id='word_1_423' title='bbox 197 2550 260 2588; x_wconf 75' lang='grc' dir='ltr'>πρὸς</span> <span class='ocrx_word' id='word_1_424' title='bbox 284 2550 313 2578; x_wconf 70' lang='grc' dir='ltr'>τὸ</span> <span class='ocrx_word' id='word_1_425' title='bbox 341 2549 425 2589; x_wconf 69' lang='grc' dir='ltr'>μέγας</span> <span class='ocrx_word' id='word_1_426' title='bbox 442 2552 544 2581; x_wconf 74' lang='grc' dir='ltr'>Οὐκοῦν</span> <span class='ocrx_word' id='word_1_427' title='bbox 571 2551 618 2580; x_wconf 73' lang='grc' dir='ltr'>κᾶν</span> <span class='ocrx_word' id='word_1_428' title='bbox 644 2554 693 2582; x_wconf 81' lang='grc' dir='ltr'>τῶν</span> <span class='ocrx_word' id='word_1_429' title='bbox 710 2554 854 2584; x_wconf 81' lang='grc' dir='ltr'>ἐλαττόνων</span> 
     </span>
    </p>
   </div>
   <div class='ocr_carea' id='block_1_9' title="bbox 862 141 1256 166">
    <p class='ocr_par' dir='ltr' id='par_1_10' title="bbox 862 141 1256 166">
     <span class='ocr_line' id='line_1_56' title="bbox 862 141 1256 166; baseline -0.008 -1"><span class='ocrx_word' id='word_1_430' title='bbox 862 142 937 165; x_wconf 63' lang='grc' dir='ltr'><strong>(ΖᾸΙ).</strong></span> <span class='ocrx_word' id='word_1_431' title='bbox 966 142 1010 165; x_wconf 79' lang='lat' dir='ltr'>[V.</span> <span class='ocrx_word' id='word_1_432' title='bbox 1040 141 1157 166; x_wconf 77' lang='lat' dir='ltr'>HOMtL.</span> <span class='ocrx_word' id='word_1_433' title='bbox 1187 141 1256 164; x_wconf 73' lang='grc' dir='ltr'>ΧΙΙΙ.</span> 
     </span>
    </p>
   </div>
   <div class='ocr_carea' id='block_1_10' title="bbox 1627 128 1643 139">
    <p class='ocr_par' dir='ltr' id='par_1_11' title="bbox 1627 128 1643 139">
     <span class='ocr_line' id='line_1_57' title="bbox 1627 128 1643 139; baseline 0 -4"><span class='ocrx_word' id='word_1_434' title='bbox 1627 128 1643 139; x_wconf 67' lang='grc' dir='ltr'>μ</span> 
     </span>
    </p>
   </div>
   <div class='ocr_carea' id='block_1_11' title="bbox 1573 140 1643 162">
    <p class='ocr_par' dir='ltr' id='par_1_12' title="bbox 1573 140 1643 162">
     <span class='ocr_line' id='line_1_58' title="bbox 1573 140 1643 162; baseline 0 0"><span class='ocrx_word' id='word_1_435' title='bbox 1573 140 1643 162; x_wconf 73' lang='grc' dir='ltr'>Ιιῖ)</span> 
     </span>
    </p>
   </div>
   <div class='ocr_carea' id='block_1_12' title="bbox 897 207 1651 1490">
    <p class='ocr_par' dir='ltr' id='par_1_13' title="bbox 897 207 1651 1490">
     <span class='ocr_line' id='line_1_59' title="bbox 897 207 1641 239; baseline -0.004 0"><span class='ocrx_word' id='word_1_436' title='bbox 897 211 968 239; x_wconf 87' lang='lat' dir='ltr'>enim</span> <span class='ocrx_word' id='word_1_437' title='bbox 980 217 1004 239; x_wconf 91' lang='lat' dir='ltr'>te</span> <span class='ocrx_word' id='word_1_438' title='bbox 1020 210 1105 238; x_wconf 88' lang='lat' dir='ltr'>multo</span> <span class='ocrx_word' id='word_1_439' title='bbox 1124 209 1313 238; x_wconf 82' lang='lat' dir='ltr'>imbecilliores</span> <span class='ocrx_word' id='word_1_440' title='bbox 1330 215 1355 237; x_wconf 91' lang='lat' dir='ltr'>et</span> <span class='ocrx_word' id='word_1_441' title='bbox 1370 208 1482 237; x_wconf 87' lang='lat' dir='ltr'>ditiores</span> <span class='ocrx_word' id='word_1_442' title='bbox 1502 215 1526 237; x_wconf 89' lang='lat' dir='ltr'>et</span> <span class='ocrx_word' id='word_1_443' title='bbox 1541 207 1641 237; x_wconf 78' lang='lat' dir='ltr'>delica-</span> 
     </span>
     <span class='ocr_line' id='line_1_60' title="bbox 898 255 1642 296; baseline -0.001 -10"><span class='ocrx_word' id='word_1_444' title='bbox 898 258 977 286; x_wconf 80' lang='lat' dir='ltr'>tiores</span> <span class='ocrx_word' id='word_1_445' title='bbox 994 264 1165 296; x_wconf 76' lang='lat' dir='ltr'>susceperunt</span> <span class='ocrx_word' id='word_1_446' title='bbox 1180 256 1254 284; x_wconf 88' lang='lat' dir='ltr'>illam</span> <span class='ocrx_word' id='word_1_447' title='bbox 1268 255 1364 284; x_wconf 84' lang='lat' dir='ltr'>duram</span> <span class='ocrx_word' id='word_1_448' title='bbox 1374 262 1399 284; x_wconf 85' lang='lat' dir='ltr'>et</span> <span class='ocrx_word' id='word_1_449' title='bbox 1409 266 1530 295; x_wconf 82' lang='lat' dir='ltr'><strong>asperam</strong></span> <span class='ocrx_word' id='word_1_450' title='bbox 1547 255 1642 285; x_wconf 78' lang='lat' dir='ltr'>vitam.</span> 
     </span>
     <span class='ocr_line' id='line_1_61' title="bbox 899 301 1643 342; baseline -0.004 -9"><span class='ocrx_word' id='word_1_451' title='bbox 899 306 933 333; x_wconf 82' lang='lat' dir='ltr'>Et</span> <span class='ocrx_word' id='word_1_452' title='bbox 948 303 1013 342; x_wconf 85' lang='lat' dir='ltr'>quid</span> <span class='ocrx_word' id='word_1_453' title='bbox 1026 303 1088 332; x_wconf 91' lang='lat' dir='ltr'>dico</span> <span class='ocrx_word' id='word_1_454' title='bbox 1102 302 1196 331; x_wconf 71' lang='lat' dir='ltr'>viros?</span> <span class='ocrx_word' id='word_1_455' title='bbox 1210 302 1306 341; x_wconf 82' lang='lat' dir='ltr'>puellae</span> <span class='ocrx_word' id='word_1_456' title='bbox 1320 301 1438 330; x_wconf 88' lang='lat' dir='ltr'>nondum</span> <span class='ocrx_word' id='word_1_457' title='bbox 1450 301 1547 340; x_wconf 82' lang='lat' dir='ltr'>viginti</span> <span class='ocrx_word' id='word_1_458' title='bbox 1560 311 1643 330; x_wconf 84' lang='lat' dir='ltr'>annos</span> 
     </span>
     <span class='ocr_line' id='line_1_62' title="bbox 899 347 1642 387; baseline -0.003 -10"><span class='ocrx_word' id='word_1_459' title='bbox 899 356 976 385; x_wconf 72' lang='lat' dir='ltr'>natm,</span> <span class='ocrx_word' id='word_1_460' title='bbox 990 360 1049 387; x_wconf 75' lang='lat' dir='ltr'>qua:</span> <span class='ocrx_word' id='word_1_461' title='bbox 1061 348 1087 376; x_wconf 90' lang='lat' dir='ltr'>in</span> <span class='ocrx_word' id='word_1_462' title='bbox 1102 347 1228 376; x_wconf 78' lang='lat' dir='ltr'>thalamis</span> <span class='ocrx_word' id='word_1_463' title='bbox 1242 354 1267 376; x_wconf 88' lang='lat' dir='ltr'>et</span> <span class='ocrx_word' id='word_1_464' title='bbox 1284 348 1311 376; x_wconf 92' lang='lat' dir='ltr'>in</span> <span class='ocrx_word' id='word_1_465' title='bbox 1331 347 1385 376; x_wconf 87' lang='lat' dir='ltr'>vita</span> <span class='ocrx_word' id='word_1_466' title='bbox 1401 347 1540 375; x_wconf 79' lang='lat' dir='ltr'>umbratili</span> <span class='ocrx_word' id='word_1_467' title='bbox 1556 354 1642 375; x_wconf 89' lang='lat' dir='ltr'>totum</span> 
     </span>
     <span class='ocr_line' id='line_1_63' title="bbox 900 393 1644 435; baseline -0.004 -11"><span class='ocrx_word' id='word_1_468' title='bbox 900 403 1005 435; x_wconf 84' lang='lat' dir='ltr'>tempus</span> <span class='ocrx_word' id='word_1_469' title='bbox 1020 401 1213 433; x_wconf 76' lang='lat' dir='ltr'>transegerant,</span> <span class='ocrx_word' id='word_1_470' title='bbox 1232 401 1257 422; x_wconf 90' lang='lat' dir='ltr'>et</span> <span class='ocrx_word' id='word_1_471' title='bbox 1268 394 1392 433; x_wconf 83' lang='lat' dir='ltr'>jacebant</span> <span class='ocrx_word' id='word_1_472' title='bbox 1408 394 1433 421; x_wconf 90' lang='lat' dir='ltr'>in</span> <span class='ocrx_word' id='word_1_473' title='bbox 1449 393 1574 422; x_wconf 76' lang='lat' dir='ltr'>thalamis</span> <span class='ocrx_word' id='word_1_474' title='bbox 1599 404 1644 422; x_wconf 89' lang='lat' dir='ltr'>re-</span> 
     </span>
     <span class='ocr_line' id='line_1_64' title="bbox 900 439 1643 480; baseline -0.004 -10"><span class='ocrx_word' id='word_1_475' title='bbox 900 442 973 470; x_wconf 83' lang='lat' dir='ltr'>fertis</span> <span class='ocrx_word' id='word_1_476' title='bbox 992 442 1135 480; x_wconf 84' lang='lat' dir='ltr'>unguentis</span> <span class='ocrx_word' id='word_1_477' title='bbox 1155 447 1180 469; x_wconf 90' lang='lat' dir='ltr'>et</span> <span class='ocrx_word' id='word_1_478' title='bbox 1196 440 1333 468; x_wconf 78' lang='lat' dir='ltr'>suffitibus</span> <span class='ocrx_word' id='word_1_479' title='bbox 1357 447 1382 468; x_wconf 86' lang='lat' dir='ltr'>et</span> <span class='ocrx_word' id='word_1_480' title='bbox 1406 441 1432 468; x_wconf 89' lang='lat' dir='ltr'>in</span> <span class='ocrx_word' id='word_1_481' title='bbox 1448 439 1522 468; x_wconf 86' lang='lat' dir='ltr'>molli</span> <span class='ocrx_word' id='word_1_482' title='bbox 1538 440 1621 468; x_wconf 85' lang='lat' dir='ltr'>cubili</span> <span class='ocrx_word' id='word_1_483' title='bbox 1634 462 1643 477; x_wconf 84' lang='lat'>,</span> 
     </span>
     <span class='ocr_line' id='line_1_65' title="bbox 901 486 1645 526; baseline -0.001 -11"><span class='ocrx_word' id='word_1_484' title='bbox 901 488 964 526; x_wconf 73' lang='lat' dir='ltr'>ipsae</span> <span class='ocrx_word' id='word_1_485' title='bbox 982 494 1007 515; x_wconf 90' lang='lat' dir='ltr'>et</span> <span class='ocrx_word' id='word_1_486' title='bbox 1022 494 1116 515; x_wconf 84' lang='lat' dir='ltr'>natura</span> <span class='ocrx_word' id='word_1_487' title='bbox 1134 486 1237 522; x_wconf 80' lang='lat' dir='ltr'>molles,</span> <span class='ocrx_word' id='word_1_488' title='bbox 1251 493 1276 514; x_wconf 81' lang='lat' dir='ltr'>ct</span> <span class='ocrx_word' id='word_1_489' title='bbox 1292 487 1376 514; x_wconf 89' lang='lat' dir='ltr'>multa</span> <span class='ocrx_word' id='word_1_490' title='bbox 1393 486 1530 514; x_wconf 85' lang='lat' dir='ltr'>curatione</span> <span class='ocrx_word' id='word_1_491' title='bbox 1545 486 1645 514; x_wconf 64' lang='lat' dir='ltr'>el&#39;fectae</span> 
     </span>
     <span class='ocr_line' id='line_1_66' title="bbox 900 531 1645 570; baseline -0.003 -9"><span class='ocrx_word' id='word_1_492' title='bbox 900 533 1044 568; x_wconf 85' lang='lat' dir='ltr'>molliores,</span> <span class='ocrx_word' id='word_1_493' title='bbox 1059 532 1159 570; x_wconf 85' lang='lat' dir='ltr'>quibus</span> <span class='ocrx_word' id='word_1_494' title='bbox 1174 538 1228 560; x_wconf 86' lang='lat' dir='ltr'>toto</span> <span class='ocrx_word' id='word_1_495' title='bbox 1243 531 1286 559; x_wconf 85' lang='lat' dir='ltr'>dic</span> <span class='ocrx_word' id='word_1_496' title='bbox 1298 531 1404 560; x_wconf 88' lang='lat' dir='ltr'>nullum</span> <span class='ocrx_word' id='word_1_497' title='bbox 1419 531 1494 559; x_wconf 88' lang='lat' dir='ltr'>aliud</span> <span class='ocrx_word' id='word_1_498' title='bbox 1510 538 1564 559; x_wconf 88' lang='lat' dir='ltr'>erat</span> <span class='ocrx_word' id='word_1_499' title='bbox 1578 541 1645 570; x_wconf 88' lang='lat' dir='ltr'>opus</span> 
     </span>
     <span class='ocr_line' id='line_1_67' title="bbox 900 577 1646 616; baseline -0.003 -10"><span class='ocrx_word' id='word_1_500' title='bbox 900 589 981 616; x_wconf 87' lang='lat' dir='ltr'>quam</span> <span class='ocrx_word' id='word_1_501' title='bbox 994 585 1024 605; x_wconf 87' lang='lat' dir='ltr'>ut</span> <span class='ocrx_word' id='word_1_502' title='bbox 1036 584 1205 611; x_wconf 89' lang='lat' dir='ltr'>ornarentur,</span> <span class='ocrx_word' id='word_1_503' title='bbox 1219 584 1245 605; x_wconf 84' lang='lat' dir='ltr'>et</span> <span class='ocrx_word' id='word_1_504' title='bbox 1259 587 1354 604; x_wconf 85' lang='lat' dir='ltr'>aurum</span> <span class='ocrx_word' id='word_1_505' title='bbox 1367 583 1509 615; x_wconf 77' lang='lat' dir='ltr'>gestarent,</span> <span class='ocrx_word' id='word_1_506' title='bbox 1522 583 1546 604; x_wconf 89' lang='lat' dir='ltr'>et</span> <span class='ocrx_word' id='word_1_507' title='bbox 1559 577 1646 605; x_wconf 88' lang='lat' dir='ltr'>omni-</span> 
     </span>
     <span class='ocr_line' id='line_1_68' title="bbox 900 622 1646 660; baseline -0.003 -8"><span class='ocrx_word' id='word_1_508' title='bbox 900 624 952 652; x_wconf 89' lang='lat' dir='ltr'>bus</span> <span class='ocrx_word' id='word_1_509' title='bbox 970 624 1122 651; x_wconf 81' lang='lat' dir='ltr'>fruerentur</span> <span class='ocrx_word' id='word_1_510' title='bbox 1137 622 1260 658; x_wconf 86' lang='lat' dir='ltr'>delieiis;</span> <span class='ocrx_word' id='word_1_511' title='bbox 1275 632 1334 660; x_wconf 76' lang='lat' dir='ltr'>quae</span> <span class='ocrx_word' id='word_1_512' title='bbox 1351 633 1402 650; x_wconf 90' lang='lat' dir='ltr'>non</span> <span class='ocrx_word' id='word_1_513' title='bbox 1419 622 1481 660; x_wconf 72' lang='lat' dir='ltr'>ipsae</span> <span class='ocrx_word' id='word_1_514' title='bbox 1497 622 1548 650; x_wconf 83' lang='lat' dir='ltr'>sibi</span> <span class='ocrx_word' id='word_1_515' title='bbox 1567 622 1646 650; x_wconf 87' lang='lat' dir='ltr'>mini-</span> 
     </span>
     <span class='ocr_line' id='line_1_69' title="bbox 901 667 1648 705; baseline -0.004 -7"><span class='ocrx_word' id='word_1_516' title='bbox 901 669 1031 705; x_wconf 82' lang='lat' dir='ltr'>strabant,</span> <span class='ocrx_word' id='word_1_517' title='bbox 1046 668 1090 697; x_wconf 88' lang='lat' dir='ltr'>sed</span> <span class='ocrx_word' id='word_1_518' title='bbox 1108 668 1207 696; x_wconf 85' lang='lat' dir='ltr'>multas</span> <span class='ocrx_word' id='word_1_519' title='bbox 1218 667 1354 696; x_wconf 88' lang='lat' dir='ltr'>habebant</span> <span class='ocrx_word' id='word_1_520' title='bbox 1378 667 1490 695; x_wconf 80' lang='lat' dir='ltr'>ancillas</span> <span class='ocrx_word' id='word_1_521' title='bbox 1508 677 1566 704; x_wconf 69' lang='lat' dir='ltr'>qua}</span> <span class='ocrx_word' id='word_1_522' title='bbox 1582 667 1648 695; x_wconf 83' lang='lat' dir='ltr'>assi-</span> 
     </span>
     <span class='ocr_line' id='line_1_70' title="bbox 902 713 1648 752; baseline -0.004 -9"><span class='ocrx_word' id='word_1_523' title='bbox 902 714 1014 751; x_wconf 85' lang='lat' dir='ltr'>stebant,</span> <span class='ocrx_word' id='word_1_524' title='bbox 1039 721 1065 742; x_wconf 83' lang='lat' dir='ltr'>et</span> <span class='ocrx_word' id='word_1_525' title='bbox 1084 714 1178 742; x_wconf 89' lang='lat' dir='ltr'>molles</span> <span class='ocrx_word' id='word_1_526' title='bbox 1202 713 1337 741; x_wconf 81' lang='lat' dir='ltr'>habebant</span> <span class='ocrx_word' id='word_1_527' title='bbox 1352 719 1439 741; x_wconf 73' lang='lat' dir='ltr'>vestes</span> <span class='ocrx_word' id='word_1_528' title='bbox 1464 713 1522 751; x_wconf 89' lang='lat' dir='ltr'>ipso</span> <span class='ocrx_word' id='word_1_529' title='bbox 1537 723 1648 752; x_wconf 87' lang='lat' dir='ltr'>corpore</span> 
     </span>
     <span class='ocr_line' id='line_1_71' title="bbox 902 757 1649 798; baseline -0.003 -10"><span class='ocrx_word' id='word_1_530' title='bbox 902 759 1055 796; x_wconf 73' lang='lat' dir='ltr'>molliores,</span> <span class='ocrx_word' id='word_1_531' title='bbox 1071 765 1164 798; x_wconf 86' lang='lat' dir='ltr'>utpote</span> <span class='ocrx_word' id='word_1_532' title='bbox 1183 759 1266 787; x_wconf 85' lang='lat' dir='ltr'>lineas</span> <span class='ocrx_word' id='word_1_533' title='bbox 1289 757 1402 786; x_wconf 84' lang='lat' dir='ltr'>subtiles</span> <span class='ocrx_word' id='word_1_534' title='bbox 1420 764 1446 786; x_wconf 91' lang='lat' dir='ltr'>et</span> <span class='ocrx_word' id='word_1_535' title='bbox 1460 757 1599 794; x_wconf 88' lang='lat' dir='ltr'>delicatas,</span> <span class='ocrx_word' id='word_1_536' title='bbox 1624 765 1649 786; x_wconf 88' lang='lat' dir='ltr'>et</span> 
     </span>
     <span class='ocr_line' id='line_1_72' title="bbox 902 803 1649 844; baseline -0.001 -11"><span class='ocrx_word' id='word_1_537' title='bbox 902 805 1009 834; x_wconf 82' lang='lat' dir='ltr'>assidue</span> <span class='ocrx_word' id='word_1_538' title='bbox 1025 805 1140 844; x_wconf 80' lang='lat' dir='ltr'>agebant</span> <span class='ocrx_word' id='word_1_539' title='bbox 1162 804 1188 832; x_wconf 91' lang='lat' dir='ltr'>in</span> <span class='ocrx_word' id='word_1_540' title='bbox 1210 804 1277 832; x_wconf 83' lang='lat' dir='ltr'>rosis</span> <span class='ocrx_word' id='word_1_541' title='bbox 1296 811 1321 832; x_wconf 87' lang='lat' dir='ltr'>et</span> <span class='ocrx_word' id='word_1_542' title='bbox 1345 803 1502 841; x_wconf 82' lang='lat' dir='ltr'>hujusmodi</span> <span class='ocrx_word' id='word_1_543' title='bbox 1519 803 1649 833; x_wconf 77' lang='lat' dir='ltr'>suavibus</span> 
     </span>
     <span class='ocr_line' id='line_1_73' title="bbox 902 849 1648 889; baseline -0.003 -9"><span class='ocrx_word' id='word_1_544' title='bbox 902 851 1034 880; x_wconf 88' lang='lat' dir='ltr'>odoribus</span> <span class='ocrx_word' id='word_1_545' title='bbox 1047 862 1052 878; x_wconf 97' lang='lat'>:</span> <span class='ocrx_word' id='word_1_546' title='bbox 1070 850 1126 889; x_wconf 88' lang='lat' dir='ltr'>ipse</span> <span class='ocrx_word' id='word_1_547' title='bbox 1140 860 1204 878; x_wconf 86' lang='lat' dir='ltr'>vero</span> <span class='ocrx_word' id='word_1_548' title='bbox 1229 856 1337 888; x_wconf 86' lang='lat' dir='ltr'>repente</span> <span class='ocrx_word' id='word_1_549' title='bbox 1352 860 1367 878; x_wconf 88' lang='lat' dir='ltr'>a</span> <span class='ocrx_word' id='word_1_550' title='bbox 1382 849 1483 879; x_wconf 88' lang='lat' dir='ltr'>Christi</span> <span class='ocrx_word' id='word_1_551' title='bbox 1500 850 1561 888; x_wconf 80' lang='lat' dir='ltr'>igne</span> <span class='ocrx_word' id='word_1_552' title='bbox 1586 861 1648 879; x_wconf 77' lang='lat' dir='ltr'>cor-</span> 
     </span>
     <span class='ocr_line' id='line_1_74' title="bbox 902 895 1650 936; baseline -0.003 -11"><span class='ocrx_word' id='word_1_553' title='bbox 902 904 996 936; x_wconf 81' lang='lat' dir='ltr'>reptae,</span> <span class='ocrx_word' id='word_1_554' title='bbox 1014 907 1075 925; x_wconf 88' lang='lat' dir='ltr'>cum</span> <span class='ocrx_word' id='word_1_555' title='bbox 1100 906 1205 924; x_wconf 84' lang='lat' dir='ltr'>omnem</span> <span class='ocrx_word' id='word_1_556' title='bbox 1221 895 1294 924; x_wconf 87' lang='lat' dir='ltr'>illam</span> <span class='ocrx_word' id='word_1_557' title='bbox 1317 895 1452 923; x_wconf 77' lang='lat' dir='ltr'>exuissent</span> <span class='ocrx_word' id='word_1_558' title='bbox 1467 895 1609 924; x_wconf 85' lang='lat' dir='ltr'>mollitiem</span> <span class='ocrx_word' id='word_1_559' title='bbox 1624 903 1650 924; x_wconf 83' lang='lat' dir='ltr'>et</span> 
     </span>
     <span class='ocr_line' id='line_1_75' title="bbox 904 941 1647 980; baseline -0.001 -9"><span class='ocrx_word' id='word_1_560' title='bbox 904 943 1021 979; x_wconf 83' lang='lat' dir='ltr'>fastum,</span> <span class='ocrx_word' id='word_1_561' title='bbox 1045 942 1211 971; x_wconf 76' lang='lat' dir='ltr'>educationis</span> <span class='ocrx_word' id='word_1_562' title='bbox 1234 948 1259 970; x_wconf 87' lang='lat' dir='ltr'>ct</span> <span class='ocrx_word' id='word_1_563' title='bbox 1276 941 1362 970; x_wconf 83' lang='lat' dir='ltr'>aetatis</span> <span class='ocrx_word' id='word_1_564' title='bbox 1386 941 1487 977; x_wconf 81' lang='lat' dir='ltr'>oblitae,</span> <span class='ocrx_word' id='word_1_565' title='bbox 1511 948 1647 980; x_wconf 80' lang='lat' dir='ltr'>tamquam</span> 
     </span>
     <span class='ocr_line' id='line_1_76' title="bbox 904 987 1649 1027; baseline 0 -10"><span class='ocrx_word' id='word_1_566' title='bbox 904 989 1005 1018; x_wconf 86' lang='lat' dir='ltr'>strenui</span> <span class='ocrx_word' id='word_1_567' title='bbox 1021 988 1132 1027; x_wconf 87' lang='lat' dir='ltr'>quidam</span> <span class='ocrx_word' id='word_1_568' title='bbox 1153 988 1271 1024; x_wconf 80' lang='lat' dir='ltr'>athletae,</span> <span class='ocrx_word' id='word_1_569' title='bbox 1288 987 1417 1016; x_wconf 87' lang='lat' dir='ltr'>mollibus</span> <span class='ocrx_word' id='word_1_570' title='bbox 1431 987 1485 1016; x_wconf 89' lang='lat' dir='ltr'>illis</span> <span class='ocrx_word' id='word_1_571' title='bbox 1506 995 1605 1026; x_wconf 72' lang='lat' dir='ltr'>exutae,</span> <span class='ocrx_word' id='word_1_572' title='bbox 1622 989 1649 1017; x_wconf 92' lang='lat' dir='ltr'>in</span> 
     </span>
     <span class='ocr_line' id='line_1_77' title="bbox 906 1033 1650 1073; baseline 0 -9"><span class='ocrx_word' id='word_1_573' title='bbox 906 1035 993 1064; x_wconf 88' lang='lat' dir='ltr'>media</span> <span class='ocrx_word' id='word_1_574' title='bbox 1010 1035 1136 1073; x_wconf 70' lang='lat' dir='ltr'>ingressae</span> <span class='ocrx_word' id='word_1_575' title='bbox 1151 1041 1214 1063; x_wconf 91' lang='lat' dir='ltr'>sunt</span> <span class='ocrx_word' id='word_1_576' title='bbox 1230 1034 1385 1062; x_wconf 85' lang='lat' dir='ltr'>certamina.</span> <span class='ocrx_word' id='word_1_577' title='bbox 1403 1033 1438 1062; x_wconf 91' lang='lat' dir='ltr'>Et</span> <span class='ocrx_word' id='word_1_578' title='bbox 1455 1033 1567 1062; x_wconf 83' lang='lat' dir='ltr'>videbor</span> <span class='ocrx_word' id='word_1_579' title='bbox 1582 1035 1650 1073; x_wconf 84' lang='lat' dir='ltr'>qui-</span> 
     </span>
     <span class='ocr_line' id='line_1_78' title="bbox 905 1081 1651 1121; baseline -0.001 -9"><span class='ocrx_word' id='word_1_580' title='bbox 905 1083 967 1112; x_wconf 87' lang='lat' dir='ltr'>dem</span> <span class='ocrx_word' id='word_1_581' title='bbox 982 1083 1070 1112; x_wconf 82' lang='lat' dir='ltr'>dicere</span> <span class='ocrx_word' id='word_1_582' title='bbox 1083 1081 1262 1116; x_wconf 82' lang='lat' dir='ltr'>incredibilia,</span> <span class='ocrx_word' id='word_1_583' title='bbox 1277 1081 1322 1110; x_wconf 82' lang='lat' dir='ltr'>sed</span> <span class='ocrx_word' id='word_1_584' title='bbox 1338 1088 1424 1110; x_wconf 87' lang='lat' dir='ltr'>tamen</span> <span class='ocrx_word' id='word_1_585' title='bbox 1439 1092 1511 1110; x_wconf 76' lang='lat' dir='ltr'>vera.</span> <span class='ocrx_word' id='word_1_586' title='bbox 1525 1082 1578 1111; x_wconf 83' lang='lat' dir='ltr'>Has</span> <span class='ocrx_word' id='word_1_587' title='bbox 1592 1083 1651 1121; x_wconf 89' lang='lat' dir='ltr'>qui-</span> 
     </span>
     <span class='ocr_line' id='line_1_79' title="bbox 906 1127 1651 1167; baseline 0 -9"><span class='ocrx_word' id='word_1_588' title='bbox 906 1129 968 1158; x_wconf 86' lang='lat' dir='ltr'>dem</span> <span class='ocrx_word' id='word_1_589' title='bbox 983 1129 1049 1158; x_wconf 84' lang='lat' dir='ltr'>adeo</span> <span class='ocrx_word' id='word_1_590' title='bbox 1064 1129 1158 1158; x_wconf 88' lang='lat' dir='ltr'>molles</span> <span class='ocrx_word' id='word_1_591' title='bbox 1173 1128 1277 1167; x_wconf 86' lang='lat' dir='ltr'>puellas</span> <span class='ocrx_word' id='word_1_592' title='bbox 1293 1127 1386 1156; x_wconf 75' lang='lat' dir='ltr'>audivi</span> <span class='ocrx_word' id='word_1_593' title='bbox 1404 1138 1431 1156; x_wconf 84' lang='lat' dir='ltr'>se</span> <span class='ocrx_word' id='word_1_594' title='bbox 1444 1128 1478 1156; x_wconf 92' lang='lat' dir='ltr'>ad</span> <span class='ocrx_word' id='word_1_595' title='bbox 1494 1135 1592 1157; x_wconf 86' lang='lat' dir='ltr'>tantam</span> <span class='ocrx_word' id='word_1_596' title='bbox 1610 1139 1651 1158; x_wconf 90' lang='lat' dir='ltr'>re-</span> 
     </span>
     <span class='ocr_line' id='line_1_80' title="bbox 906 1173 1650 1213; baseline 0 -10"><span class='ocrx_word' id='word_1_597' title='bbox 906 1175 1011 1213; x_wconf 80' lang='lat' dir='ltr'>degisse</span> <span class='ocrx_word' id='word_1_598' title='bbox 1025 1175 1087 1203; x_wconf 76' lang='lat' dir='ltr'>vitae</span> <span class='ocrx_word' id='word_1_599' title='bbox 1102 1174 1231 1203; x_wconf 84' lang='lat' dir='ltr'>duritiem</span> <span class='ocrx_word' id='word_1_600' title='bbox 1251 1180 1276 1201; x_wconf 85' lang='lat' dir='ltr'>et</span> <span class='ocrx_word' id='word_1_601' title='bbox 1290 1173 1471 1212; x_wconf 74' lang='lat' dir='ltr'>asperitatem,</span> <span class='ocrx_word' id='word_1_602' title='bbox 1486 1181 1513 1202; x_wconf 87' lang='lat' dir='ltr'>ut</span> <span class='ocrx_word' id='word_1_603' title='bbox 1530 1175 1650 1213; x_wconf 84' lang='lat' dir='ltr'>asperri-</span> 
     </span>
     <span class='ocr_line' id='line_1_81' title="bbox 907 1219 1651 1258; baseline 0 -9"><span class='ocrx_word' id='word_1_604' title='bbox 907 1222 958 1250; x_wconf 88' lang='lat' dir='ltr'>mis</span> <span class='ocrx_word' id='word_1_605' title='bbox 969 1221 1065 1249; x_wconf 82' lang='lat' dir='ltr'>ciliciis</span> <span class='ocrx_word' id='word_1_606' title='bbox 1080 1221 1151 1249; x_wconf 82' lang='lat' dir='ltr'>nuda</span> <span class='ocrx_word' id='word_1_607' title='bbox 1168 1231 1214 1248; x_wconf 86' lang='lat' dir='ltr'>sua</span> <span class='ocrx_word' id='word_1_608' title='bbox 1228 1230 1339 1258; x_wconf 83' lang='lat' dir='ltr'>corpora</span> <span class='ocrx_word' id='word_1_609' title='bbox 1354 1219 1506 1257; x_wconf 79' lang='lat' dir='ltr'>induerent,</span> <span class='ocrx_word' id='word_1_610' title='bbox 1519 1227 1544 1248; x_wconf 85' lang='lat' dir='ltr'>et</span> <span class='ocrx_word' id='word_1_611' title='bbox 1556 1220 1651 1250; x_wconf 89' lang='lat' dir='ltr'>molles</span> 
     </span>
     <span class='ocr_line' id='line_1_82' title="bbox 906 1265 1651 1304; baseline 0 -9"><span class='ocrx_word' id='word_1_612' title='bbox 906 1267 947 1295; x_wconf 94' lang='lat' dir='ltr'>illi</span> <span class='ocrx_word' id='word_1_613' title='bbox 964 1267 1080 1295; x_wconf 82' lang='lat' dir='ltr'>calcanei</span> <span class='ocrx_word' id='word_1_614' title='bbox 1096 1267 1179 1294; x_wconf 88' lang='lat' dir='ltr'>nullis</span> <span class='ocrx_word' id='word_1_615' title='bbox 1194 1265 1298 1304; x_wconf 80' lang='lat' dir='ltr'>alligati</span> <span class='ocrx_word' id='word_1_616' title='bbox 1313 1273 1397 1294; x_wconf 84' lang='lat' dir='ltr'>essent</span> <span class='ocrx_word' id='word_1_617' title='bbox 1412 1267 1516 1302; x_wconf 83' lang='lat' dir='ltr'>calceis,</span> <span class='ocrx_word' id='word_1_618' title='bbox 1530 1274 1554 1295; x_wconf 85' lang='lat' dir='ltr'>ct</span> <span class='ocrx_word' id='word_1_619' title='bbox 1570 1267 1595 1295; x_wconf 91' lang='lat' dir='ltr'>in</span> <span class='ocrx_word' id='word_1_620' title='bbox 1612 1274 1651 1296; x_wconf 90' lang='lat' dir='ltr'>to-</span> 
     </span>
     <span class='ocr_line' id='line_1_83' title="bbox 905 1311 1650 1352; baseline 0 -10"><span class='ocrx_word' id='word_1_621' title='bbox 905 1314 942 1342; x_wconf 89' lang='lat' dir='ltr'>ris</span> <span class='ocrx_word' id='word_1_622' title='bbox 961 1314 1089 1342; x_wconf 71' lang='lat' dir='ltr'>(libarent</span> <span class='ocrx_word' id='word_1_623' title='bbox 1101 1312 1245 1351; x_wconf 79' lang='lat' dir='ltr'>gramineis</span> <span class='ocrx_word' id='word_1_624' title='bbox 1259 1325 1264 1340; x_wconf 79' lang='lat' dir='ltr'><strong><em>z</em></strong></span> <span class='ocrx_word' id='word_1_625' title='bbox 1280 1311 1334 1340; x_wconf 89' lang='lat' dir='ltr'>imo</span> <span class='ocrx_word' id='word_1_626' title='bbox 1349 1323 1410 1341; x_wconf 74' lang='lat' dir='ltr'>vera</span> <span class='ocrx_word' id='word_1_627' title='bbox 1424 1314 1552 1352; x_wconf 84' lang='lat' dir='ltr'>majorem</span> <span class='ocrx_word' id='word_1_628' title='bbox 1566 1314 1650 1343; x_wconf 86' lang='lat' dir='ltr'>noctis</span> 
     </span>
     <span class='ocr_line' id='line_1_84' title="bbox 905 1359 1651 1398; baseline -0.001 -10"><span class='ocrx_word' id='word_1_629' title='bbox 905 1366 1008 1398; x_wconf 84' lang='lat' dir='ltr'>partem</span> <span class='ocrx_word' id='word_1_630' title='bbox 1032 1359 1187 1397; x_wconf 76' lang='lat' dir='ltr'>vigilarent,</span> <span class='ocrx_word' id='word_1_631' title='bbox 1210 1365 1235 1386; x_wconf 89' lang='lat' dir='ltr'>et</span> <span class='ocrx_word' id='word_1_632' title='bbox 1250 1369 1297 1387; x_wconf 91' lang='lat' dir='ltr'>nec</span> <span class='ocrx_word' id='word_1_633' title='bbox 1314 1365 1492 1397; x_wconf 77' lang='lat' dir='ltr'>unguentum,</span> <span class='ocrx_word' id='word_1_634' title='bbox 1508 1370 1556 1387; x_wconf 88' lang='lat' dir='ltr'>nec</span> <span class='ocrx_word' id='word_1_635' title='bbox 1572 1360 1651 1398; x_wconf 91' lang='lat' dir='ltr'>quid-</span> 
     </span>
     <span class='ocr_line' id='line_1_85' title="bbox 904 1403 1650 1443; baseline 0.003 -11"><span class='ocrx_word' id='word_1_636' title='bbox 904 1415 985 1443; x_wconf 83' lang='lat' dir='ltr'>quam</span> <span class='ocrx_word' id='word_1_637' title='bbox 1000 1415 1032 1432; x_wconf 83' lang='lat' dir='ltr'>ex</span> <span class='ocrx_word' id='word_1_638' title='bbox 1045 1404 1098 1432; x_wconf 88' lang='lat' dir='ltr'>illis</span> <span class='ocrx_word' id='word_1_639' title='bbox 1112 1404 1232 1443; x_wconf 86' lang='lat' dir='ltr'>pristinis</span> <span class='ocrx_word' id='word_1_640' title='bbox 1243 1411 1374 1439; x_wconf 86' lang='lat' dir='ltr'>curarent,</span> <span class='ocrx_word' id='word_1_641' title='bbox 1391 1403 1436 1432; x_wconf 86' lang='lat' dir='ltr'>scd</span> <span class='ocrx_word' id='word_1_642' title='bbox 1451 1411 1475 1432; x_wconf 89' lang='lat' dir='ltr'>et</span> <span class='ocrx_word' id='word_1_643' title='bbox 1488 1411 1567 1443; x_wconf 84' lang='lat' dir='ltr'>caput</span> <span class='ocrx_word' id='word_1_644' title='bbox 1578 1405 1650 1443; x_wconf 89' lang='lat' dir='ltr'>quod</span> 
     </span>
     <span class='ocr_line' id='line_1_86' title="bbox 904 1449 1649 1490; baseline 0.001 -12"><span class='ocrx_word' id='word_1_645' title='bbox 904 1451 980 1490; x_wconf 89' lang='lat' dir='ltr'>prius</span> <span class='ocrx_word' id='word_1_646' title='bbox 995 1450 1030 1478; x_wconf 86' lang='lat' dir='ltr'>ita</span> <span class='ocrx_word' id='word_1_647' title='bbox 1047 1450 1192 1479; x_wconf 83' lang='lat' dir='ltr'>curabatur</span> <span class='ocrx_word' id='word_1_648' title='bbox 1216 1456 1242 1478; x_wconf 89' lang='lat' dir='ltr'>et</span> <span class='ocrx_word' id='word_1_649' title='bbox 1256 1449 1405 1478; x_wconf 80' lang='lat' dir='ltr'>ornabatur</span> <span class='ocrx_word' id='word_1_650' title='bbox 1419 1472 1425 1485; x_wconf 83' lang='lat'>,</span> <span class='ocrx_word' id='word_1_651' title='bbox 1449 1450 1649 1489; x_wconf 78' lang='lat' dir='ltr'>negligeretur,</span> 
     </span>
    </p>
   </div>
   <div class='ocr_carea' id='block_1_13' title="bbox 882 1497 1651 1537">
    <p class='ocr_par' dir='ltr' id='par_1_14' title="bbox 882 1497 1651 1537">
     <span class='ocr_line' id='line_1_87' title="bbox 882 1497 1651 1537; baseline 0.001 -11"><span class='ocrx_word' id='word_1_652' title='bbox 882 1506 886 1511; x_wconf 88' lang='grc'><strong>’</strong></span> <span class='ocrx_word' id='word_1_653' title='bbox 904 1505 1002 1527; x_wconf 83' lang='lat' dir='ltr'>temere</span> <span class='ocrx_word' id='word_1_654' title='bbox 1018 1505 1042 1526; x_wconf 89' lang='lat' dir='ltr'>et</span> <span class='ocrx_word' id='word_1_655' title='bbox 1064 1497 1301 1526; x_wconf 83' lang='lat' dir='ltr'>indiscriminatim</span> <span class='ocrx_word' id='word_1_656' title='bbox 1325 1497 1362 1525; x_wconf 87' lang='lat' dir='ltr'>ita</span> <span class='ocrx_word' id='word_1_657' title='bbox 1378 1497 1476 1525; x_wconf 69' lang='lat' dir='ltr'>vinctis</span> <span class='ocrx_word' id='word_1_658' title='bbox 1494 1498 1600 1537; x_wconf 78' lang='lat' dir='ltr'>capillis</span> <span class='ocrx_word' id='word_1_659' title='bbox 1622 1506 1651 1527; x_wconf 91' lang='lat' dir='ltr'>ut</span> 
     </span>
    </p>
   </div>
   <div class='ocr_carea' id='block_1_14' title="bbox 903 1543 1652 2590">
    <p class='ocr_par' dir='ltr' id='par_1_15' title="bbox 903 1543 1652 2084">
     <span class='ocr_line' id='line_1_88' title="bbox 904 1543 1651 1573; baseline 0 0"><span class='ocrx_word' id='word_1_660' title='bbox 904 1545 973 1573; x_wconf 88' lang='lat' dir='ltr'>nihil</span> <span class='ocrx_word' id='word_1_661' title='bbox 991 1543 1119 1573; x_wconf 85' lang='lat' dir='ltr'>incideret</span> <span class='ocrx_word' id='word_1_662' title='bbox 1140 1543 1306 1572; x_wconf 86' lang='lat' dir='ltr'>indecorum.</span> <span class='ocrx_word' id='word_1_663' title='bbox 1329 1544 1422 1572; x_wconf 85' lang='lat' dir='ltr'>Mensa</span> <span class='ocrx_word' id='word_1_664' title='bbox 1440 1549 1528 1572; x_wconf 86' lang='lat' dir='ltr'>autem</span> <span class='ocrx_word' id='word_1_665' title='bbox 1554 1551 1592 1572; x_wconf 81' lang='lat' dir='ltr'>est</span> <span class='ocrx_word' id='word_1_666' title='bbox 1613 1545 1651 1573; x_wconf 88' lang='lat' dir='ltr'>eis</span> 
     </span>
     <span class='ocr_line' id='line_1_89' title="bbox 903 1590 1652 1630; baseline 0 -11"><span class='ocrx_word' id='word_1_667' title='bbox 903 1591 990 1620; x_wconf 87' lang='lat' dir='ltr'>solum</span> <span class='ocrx_word' id='word_1_668' title='bbox 999 1590 1156 1630; x_wconf 75' lang='lat' dir='ltr'>vespertina,</span> <span class='ocrx_word' id='word_1_669' title='bbox 1166 1600 1267 1623; x_wconf 84' lang='lat' dir='ltr'>mensa,</span> <span class='ocrx_word' id='word_1_670' title='bbox 1280 1599 1338 1627; x_wconf 81' lang='lat' dir='ltr'>quae</span> <span class='ocrx_word' id='word_1_671' title='bbox 1350 1600 1435 1627; x_wconf 81' lang='lat' dir='ltr'>neque</span> <span class='ocrx_word' id='word_1_672' title='bbox 1447 1590 1506 1618; x_wconf 84' lang='lat' dir='ltr'>olus</span> <span class='ocrx_word' id='word_1_673' title='bbox 1518 1597 1555 1618; x_wconf 86' lang='lat' dir='ltr'>est</span> <span class='ocrx_word' id='word_1_674' title='bbox 1566 1601 1652 1629; x_wconf 88' lang='lat' dir='ltr'>neque</span> 
     </span>
     <span class='ocr_line' id='line_1_90' title="bbox 903 1635 1650 1676; baseline 0 -11"><span class='ocrx_word' id='word_1_675' title='bbox 903 1637 991 1676; x_wconf 80' lang='lat' dir='ltr'>panis,</span> <span class='ocrx_word' id='word_1_676' title='bbox 1009 1637 1054 1665; x_wconf 88' lang='lat' dir='ltr'>sed</span> <span class='ocrx_word' id='word_1_677' title='bbox 1069 1636 1156 1665; x_wconf 80' lang='lat' dir='ltr'>simila</span> <span class='ocrx_word' id='word_1_678' title='bbox 1171 1642 1196 1664; x_wconf 87' lang='lat' dir='ltr'>et</span> <span class='ocrx_word' id='word_1_679' title='bbox 1211 1635 1271 1663; x_wconf 89' lang='lat' dir='ltr'>saba</span> <span class='ocrx_word' id='word_1_680' title='bbox 1286 1641 1310 1663; x_wconf 91' lang='lat' dir='ltr'>et</span> <span class='ocrx_word' id='word_1_681' title='bbox 1326 1636 1394 1663; x_wconf 80' lang='lat' dir='ltr'>cicer</span> <span class='ocrx_word' id='word_1_682' title='bbox 1411 1642 1435 1663; x_wconf 85' lang='lat' dir='ltr'>et</span> <span class='ocrx_word' id='word_1_683' title='bbox 1453 1635 1517 1663; x_wconf 65' lang='lat' dir='ltr'>oleae</span> <span class='ocrx_word' id='word_1_684' title='bbox 1534 1642 1558 1664; x_wconf 84' lang='lat' dir='ltr'>ct</span> <span class='ocrx_word' id='word_1_685' title='bbox 1574 1636 1650 1665; x_wconf 85' lang='lat' dir='ltr'>[icus.</span> 
     </span>
     <span class='ocr_line' id='line_1_91' title="bbox 905 1681 1651 1722; baseline -0.001 -10"><span class='ocrx_word' id='word_1_686' title='bbox 905 1684 1068 1722; x_wconf 85' lang='lat' dir='ltr'>Perpetuum</span> <span class='ocrx_word' id='word_1_687' title='bbox 1084 1692 1191 1720; x_wconf 86' lang='lat' dir='ltr'>quoque</span> <span class='ocrx_word' id='word_1_688' title='bbox 1208 1687 1246 1710; x_wconf 89' lang='lat' dir='ltr'>est</span> <span class='ocrx_word' id='word_1_689' title='bbox 1257 1681 1294 1710; x_wconf 90' lang='lat' dir='ltr'>eis</span> <span class='ocrx_word' id='word_1_690' title='bbox 1310 1681 1459 1709; x_wconf 82' lang='lat' dir='ltr'>lanificium</span> <span class='ocrx_word' id='word_1_691' title='bbox 1473 1693 1478 1708; x_wconf 72' lang='grc' dir='ltr'>ε</span> <span class='ocrx_word' id='word_1_692' title='bbox 1494 1688 1519 1710; x_wconf 85' lang='lat' dir='ltr'>et</span> <span class='ocrx_word' id='word_1_693' title='bbox 1533 1689 1594 1710; x_wconf 83' lang='lat' dir='ltr'>sunt</span> <span class='ocrx_word' id='word_1_694' title='bbox 1609 1693 1651 1711; x_wconf 86' lang='lat' dir='ltr'>ea-</span> 
     </span>
     <span class='ocr_line' id='line_1_92' title="bbox 904 1725 1650 1767; baseline -0.001 -11"><span class='ocrx_word' id='word_1_695' title='bbox 904 1738 965 1756; x_wconf 89' lang='lat' dir='ltr'>rum</span> <span class='ocrx_word' id='word_1_696' title='bbox 980 1738 1059 1767; x_wconf 86' lang='lat' dir='ltr'>opera</span> <span class='ocrx_word' id='word_1_697' title='bbox 1079 1727 1157 1765; x_wconf 80' lang='lat' dir='ltr'>longe</span> <span class='ocrx_word' id='word_1_698' title='bbox 1175 1726 1301 1764; x_wconf 85' lang='lat' dir='ltr'>graviora</span> <span class='ocrx_word' id='word_1_699' title='bbox 1323 1736 1403 1764; x_wconf 88' lang='lat' dir='ltr'>quam</span> <span class='ocrx_word' id='word_1_700' title='bbox 1420 1725 1581 1754; x_wconf 85' lang='lat' dir='ltr'>ancillarum</span> <span class='ocrx_word' id='word_1_701' title='bbox 1598 1726 1650 1755; x_wconf 92' lang='lat' dir='ltr'>do-</span> 
     </span>
     <span class='ocr_line' id='line_1_93' title="bbox 905 1770 1652 1809; baseline -0.001 -9"><span class='ocrx_word' id='word_1_702' title='bbox 905 1772 1089 1800; x_wconf 86' lang='lat' dir='ltr'>mesticarum.</span> <span class='ocrx_word' id='word_1_703' title='bbox 1109 1770 1183 1806; x_wconf 85' lang='lat' dir='ltr'>Quid</span> <span class='ocrx_word' id='word_1_704' title='bbox 1208 1770 1304 1799; x_wconf 74' lang='lat' dir='ltr'>enim?</span> <span class='ocrx_word' id='word_1_705' title='bbox 1325 1777 1498 1809; x_wconf 82' lang='lat' dir='ltr'>susceperunt</span> <span class='ocrx_word' id='word_1_706' title='bbox 1521 1771 1591 1799; x_wconf 85' lang='lat' dir='ltr'>enim</span> <span class='ocrx_word' id='word_1_707' title='bbox 1609 1782 1652 1799; x_wconf 86' lang='lat' dir='ltr'>eas</span> 
     </span>
     <span class='ocr_line' id='line_1_94' title="bbox 905 1815 1649 1854; baseline -0.001 -9"><span class='ocrx_word' id='word_1_708' title='bbox 905 1816 1036 1845; x_wconf 85' lang='lat' dir='ltr'>curandas</span> <span class='ocrx_word' id='word_1_709' title='bbox 1052 1827 1110 1854; x_wconf 80' lang='lat' dir='ltr'>quae</span> <span class='ocrx_word' id='word_1_710' title='bbox 1125 1815 1248 1844; x_wconf 85' lang='lat' dir='ltr'>laborant</span> <span class='ocrx_word' id='word_1_711' title='bbox 1262 1825 1382 1854; x_wconf 83' lang='lat' dir='ltr'>corpore,</span> <span class='ocrx_word' id='word_1_712' title='bbox 1401 1815 1481 1843; x_wconf 88' lang='lat' dir='ltr'>lectos</span> <span class='ocrx_word' id='word_1_713' title='bbox 1498 1822 1649 1854; x_wconf 85' lang='lat' dir='ltr'>portantes,</span> 
     </span>
     <span class='ocr_line' id='line_1_95' title="bbox 905 1861 1651 1901; baseline -0.003 -11"><span class='ocrx_word' id='word_1_714' title='bbox 905 1862 987 1901; x_wconf 87' lang='lat' dir='ltr'>pedes</span> <span class='ocrx_word' id='word_1_715' title='bbox 1002 1862 1140 1890; x_wconf 83' lang='lat' dir='ltr'>lavantes:</span> <span class='ocrx_word' id='word_1_716' title='bbox 1160 1861 1252 1890; x_wconf 85' lang='lat' dir='ltr'>muttae</span> <span class='ocrx_word' id='word_1_717' title='bbox 1269 1871 1375 1899; x_wconf 85' lang='lat' dir='ltr'>quoque</span> <span class='ocrx_word' id='word_1_718' title='bbox 1396 1871 1430 1889; x_wconf 85' lang='lat' dir='ltr'>ex</span> <span class='ocrx_word' id='word_1_719' title='bbox 1451 1861 1488 1889; x_wconf 76' lang='lat' dir='ltr'>eis</span> <span class='ocrx_word' id='word_1_720' title='bbox 1503 1872 1651 1899; x_wconf 87' lang='lat' dir='ltr'>coquorum</span> 
     </span>
     <span class='ocr_line' id='line_1_96' title="bbox 905 1907 1649 1947; baseline -0.001 -11"><span class='ocrx_word' id='word_1_721' title='bbox 905 1909 1056 1947; x_wconf 84' lang='lat' dir='ltr'>funguntur</span> <span class='ocrx_word' id='word_1_722' title='bbox 1078 1907 1182 1938; x_wconf 78' lang='lat' dir='ltr'>officio,</span> <span class='ocrx_word' id='word_1_723' title='bbox 1201 1908 1320 1935; x_wconf 86' lang='lat' dir='ltr'>Tantum</span> <span class='ocrx_word' id='word_1_724' title='bbox 1336 1913 1421 1946; x_wconf 82' lang='lat' dir='ltr'>potest</span> <span class='ocrx_word' id='word_1_725' title='bbox 1439 1907 1509 1945; x_wconf 79' lang='lat' dir='ltr'>ignis</span> <span class='ocrx_word' id='word_1_726' title='bbox 1529 1907 1649 1936; x_wconf 84' lang='lat' dir='ltr'>Christi:</span> 
     </span>
     <span class='ocr_line' id='line_1_97' title="bbox 905 1952 1651 1992; baseline -0.003 -10"><span class='ocrx_word' id='word_1_727' title='bbox 905 1954 942 1982; x_wconf 87' lang='lat' dir='ltr'>ita</span> <span class='ocrx_word' id='word_1_728' title='bbox 957 1961 1082 1982; x_wconf 87' lang='lat' dir='ltr'>naturam</span> <span class='ocrx_word' id='word_1_729' title='bbox 1098 1959 1205 1992; x_wconf 86' lang='lat' dir='ltr'>superat</span> <span class='ocrx_word' id='word_1_730' title='bbox 1217 1952 1299 1980; x_wconf 86' lang='lat' dir='ltr'>animi</span> <span class='ocrx_word' id='word_1_731' title='bbox 1315 1952 1447 1980; x_wconf 77' lang='lat' dir='ltr'>alacritas.</span> <span class='ocrx_word' id='word_1_732' title='bbox 1466 1953 1569 1981; x_wconf 62' lang='lat' dir='ltr'>Verum</span> <span class='ocrx_word' id='word_1_733' title='bbox 1580 1952 1651 1980; x_wconf 79' lang='lat' dir='ltr'>enim</span> 
     </span>
     <span class='ocr_line' id='line_1_98' title="bbox 906 1997 1651 2036; baseline -0.003 -8"><span class='ocrx_word' id='word_1_734' title='bbox 906 2010 969 2029; x_wconf 85' lang='lat' dir='ltr'>vero</span> <span class='ocrx_word' id='word_1_735' title='bbox 986 1999 1054 2028; x_wconf 88' lang='lat' dir='ltr'>nihil</span> <span class='ocrx_word' id='word_1_736' title='bbox 1068 1999 1119 2027; x_wconf 89' lang='lat' dir='ltr'>tale</span> <span class='ocrx_word' id='word_1_737' title='bbox 1132 2010 1146 2027; x_wconf 88' lang='lat' dir='ltr'>a</span> <span class='ocrx_word' id='word_1_738' title='bbox 1162 1998 1240 2027; x_wconf 84' lang='lat' dir='ltr'>vobis</span> <span class='ocrx_word' id='word_1_739' title='bbox 1253 1998 1344 2035; x_wconf 83' lang='lat' dir='ltr'>exigO,</span> <span class='ocrx_word' id='word_1_740' title='bbox 1361 1997 1580 2036; x_wconf 82' lang='lat' dir='ltr'>quandoquidem</span> <span class='ocrx_word' id='word_1_741' title='bbox 1593 1998 1651 2027; x_wconf 77' lang='lat' dir='ltr'>vut-</span> 
     </span>
     <span class='ocr_line' id='line_1_99' title="bbox 905 2043 1290 2084; baseline -0.008 -10"><span class='ocrx_word' id='word_1_742' title='bbox 905 2046 940 2075; x_wconf 86' lang='lat' dir='ltr'>tis</span> <span class='ocrx_word' id='word_1_743' title='bbox 956 2045 1077 2084; x_wconf 82' lang='lat' dir='ltr'>superari</span> <span class='ocrx_word' id='word_1_744' title='bbox 1089 2055 1103 2072; x_wconf 91' lang='lat' dir='ltr'>a</span> <span class='ocrx_word' id='word_1_745' title='bbox 1119 2043 1290 2072; x_wconf 84' lang='lat' dir='ltr'>mulieribus.</span> 
     </span>
    </p>

    <p class='ocr_par' dir='ltr' id='par_1_16' title="bbox 907 2091 1652 2590">
     <span class='ocr_line' id='line_1_100' title="bbox 947 2091 1652 2130; baseline 0.001 -9"><span class='ocrx_word' id='word_1_746' title='bbox 947 2094 976 2121; x_wconf 70' lang='lat'>4.</span> <span class='ocrx_word' id='word_1_747' title='bbox 995 2093 1059 2121; x_wconf 82' lang='lat' dir='ltr'>Haec</span> <span class='ocrx_word' id='word_1_748' title='bbox 1077 2092 1171 2121; x_wconf 81' lang='lat' dir='ltr'>saltem</span> <span class='ocrx_word' id='word_1_749' title='bbox 1193 2091 1270 2119; x_wconf 83' lang='lat' dir='ltr'>facite</span> <span class='ocrx_word' id='word_1_750' title='bbox 1283 2113 1290 2126; x_wconf 90' lang='lat'><strong><em>‚</em></strong></span> <span class='ocrx_word' id='word_1_751' title='bbox 1306 2101 1365 2129; x_wconf 64' lang='lat' dir='ltr'>quae</span> <span class='ocrx_word' id='word_1_752' title='bbox 1380 2101 1431 2119; x_wconf 86' lang='lat' dir='ltr'>non</span> <span class='ocrx_word' id='word_1_753' title='bbox 1445 2098 1506 2119; x_wconf 86' lang='lat' dir='ltr'>sunt</span> <span class='ocrx_word' id='word_1_754' title='bbox 1519 2092 1611 2130; x_wconf 74' lang='lat' dir='ltr'>gravia</span> <span class='ocrx_word' id='word_1_755' title='bbox 1626 2100 1652 2122; x_wconf 81' lang='lat' dir='ltr'>et</span> 
     </span>
     <span class='ocr_line' id='line_1_101' title="bbox 907 2137 1650 2177; baseline -0.001 -9"><span class='ocrx_word' id='word_1_756' title='bbox 907 2139 1033 2168; x_wconf 85' lang='lat' dir='ltr'>diflicilia</span> <span class='ocrx_word' id='word_1_757' title='bbox 1047 2151 1052 2166; x_wconf 89' lang='lat'><strong>:</strong></span> <span class='ocrx_word' id='word_1_758' title='bbox 1069 2149 1179 2167; x_wconf 86' lang='lat' dir='ltr'>manum</span> <span class='ocrx_word' id='word_1_759' title='bbox 1194 2137 1325 2166; x_wconf 85' lang='lat' dir='ltr'>continete</span> <span class='ocrx_word' id='word_1_760' title='bbox 1338 2144 1363 2166; x_wconf 85' lang='lat' dir='ltr'>et</span> <span class='ocrx_word' id='word_1_761' title='bbox 1386 2137 1538 2177; x_wconf 80' lang='lat' dir='ltr'>impudicos</span> <span class='ocrx_word' id='word_1_762' title='bbox 1550 2139 1650 2167; x_wconf 91' lang='lat' dir='ltr'>oculos.</span> 
     </span>
     <span class='ocr_line' id='line_1_102' title="bbox 908 2183 1652 2222; baseline 0 -9"><span class='ocrx_word' id='word_1_763' title='bbox 908 2185 984 2221; x_wconf 84' lang='lat' dir='ltr'>Quid</span> <span class='ocrx_word' id='word_1_764' title='bbox 1007 2185 1057 2215; x_wconf 88' lang='lat' dir='ltr'>hoc</span> <span class='ocrx_word' id='word_1_765' title='bbox 1071 2207 1077 2217; x_wconf 91' lang='lat'>,</span> <span class='ocrx_word' id='word_1_766' title='bbox 1095 2184 1140 2213; x_wconf 79' lang='lat' dir='ltr'>dic</span> <span class='ocrx_word' id='word_1_767' title='bbox 1155 2183 1221 2212; x_wconf 84' lang='lat' dir='ltr'>mihi</span> <span class='ocrx_word' id='word_1_768' title='bbox 1234 2206 1241 2217; x_wconf 90' lang='lat'><em>‚</em></span> <span class='ocrx_word' id='word_1_769' title='bbox 1257 2190 1294 2211; x_wconf 83' lang='lat' dir='ltr'>est</span> <span class='ocrx_word' id='word_1_770' title='bbox 1309 2193 1392 2221; x_wconf 78' lang='lat' dir='ltr'>grave</span> <span class='ocrx_word' id='word_1_771' title='bbox 1404 2206 1412 2218; x_wconf 95' lang='lat'><em>‚</em></span> <span class='ocrx_word' id='word_1_772' title='bbox 1438 2183 1505 2222; x_wconf 91' lang='lat' dir='ltr'>quid</span> <span class='ocrx_word' id='word_1_773' title='bbox 1518 2184 1652 2213; x_wconf 76' lang='lat' dir='ltr'>difficile?</span> 
     </span>
     <span class='ocr_line' id='line_1_103' title="bbox 907 2227 1652 2268; baseline -0.003 -10"><span class='ocrx_word' id='word_1_774' title='bbox 907 2231 984 2260; x_wconf 85' lang='lat' dir='ltr'>Justa</span> <span class='ocrx_word' id='word_1_775' title='bbox 997 2229 1076 2257; x_wconf 82' lang='lat' dir='ltr'>facite</span> <span class='ocrx_word' id='word_1_776' title='bbox 1089 2251 1096 2265; x_wconf 90' lang='lat'>‚</span> <span class='ocrx_word' id='word_1_777' title='bbox 1110 2228 1209 2257; x_wconf 79' lang='lat' dir='ltr'>nemini</span> <span class='ocrx_word' id='word_1_778' title='bbox 1226 2227 1352 2267; x_wconf 85' lang='lat' dir='ltr'>injuriam</span> <span class='ocrx_word' id='word_1_779' title='bbox 1367 2228 1469 2264; x_wconf 82' lang='lat' dir='ltr'>inserte,</span> <span class='ocrx_word' id='word_1_780' title='bbox 1485 2238 1570 2266; x_wconf 80' lang='lat' dir='ltr'>neque</span> <span class='ocrx_word' id='word_1_781' title='bbox 1582 2239 1652 2268; x_wconf 77' lang='lat' dir='ltr'>pau-</span> 
     </span>
     <span class='ocr_line' id='line_1_104' title="bbox 909 2273 1652 2315; baseline -0.001 -11"><span class='ocrx_word' id='word_1_782' title='bbox 909 2286 972 2315; x_wconf 86' lang='lat' dir='ltr'>per,</span> <span class='ocrx_word' id='word_1_783' title='bbox 988 2286 1074 2313; x_wconf 85' lang='lat' dir='ltr'>neque</span> <span class='ocrx_word' id='word_1_784' title='bbox 1083 2274 1160 2303; x_wconf 80' lang='lat' dir='ltr'>dives</span> <span class='ocrx_word' id='word_1_785' title='bbox 1170 2297 1177 2311; x_wconf 91' lang='lat'>,</span> <span class='ocrx_word' id='word_1_786' title='bbox 1193 2284 1277 2312; x_wconf 79' lang='lat' dir='ltr'>neque</span> <span class='ocrx_word' id='word_1_787' title='bbox 1288 2273 1334 2311; x_wconf 92' lang='lat' dir='ltr'>qui</span> <span class='ocrx_word' id='word_1_788' title='bbox 1350 2273 1376 2301; x_wconf 92' lang='lat' dir='ltr'>i11</span> <span class='ocrx_word' id='word_1_789' title='bbox 1389 2274 1445 2302; x_wconf 87' lang='lat' dir='ltr'>soro</span> <span class='ocrx_word' id='word_1_790' title='bbox 1460 2275 1588 2311; x_wconf 59' lang='lat' dir='ltr'>versaris,</span> <span class='ocrx_word' id='word_1_791' title='bbox 1604 2285 1652 2303; x_wconf 85' lang='lat' dir='ltr'>nec</span> 
     </span>
     <span class='ocr_line' id='line_1_105' title="bbox 908 2319 1651 2361; baseline -0.001 -11"><span class='ocrx_word' id='word_1_792' title='bbox 908 2322 955 2361; x_wconf 88' lang='lat' dir='ltr'>qui</span> <span class='ocrx_word' id='word_1_793' title='bbox 971 2333 998 2350; x_wconf 86' lang='lat' dir='ltr'>es</span> <span class='ocrx_word' id='word_1_794' title='bbox 1013 2321 1193 2350; x_wconf 83' lang='lat' dir='ltr'>mercenarius</span> <span class='ocrx_word' id='word_1_795' title='bbox 1207 2331 1212 2346; x_wconf 94' lang='lat'>:</span> <span class='ocrx_word' id='word_1_796' title='bbox 1238 2326 1321 2360; x_wconf 84' lang='lat' dir='ltr'>potest</span> <span class='ocrx_word' id='word_1_797' title='bbox 1335 2319 1406 2348; x_wconf 86' lang='lat' dir='ltr'>enim</span> <span class='ocrx_word' id='word_1_798' title='bbox 1427 2320 1507 2348; x_wconf 83' lang='lat' dir='ltr'>etiam</span> <span class='ocrx_word' id='word_1_799' title='bbox 1525 2321 1560 2349; x_wconf 89' lang='lat' dir='ltr'>ad</span> <span class='ocrx_word' id='word_1_800' title='bbox 1580 2332 1651 2360; x_wconf 87' lang='lat' dir='ltr'>pau-</span> 
     </span>
     <span class='ocr_line' id='line_1_106' title="bbox 908 2366 1652 2408; baseline -0.001 -11"><span class='ocrx_word' id='word_1_801' title='bbox 908 2379 984 2408; x_wconf 85' lang='lat' dir='ltr'>peres</span> <span class='ocrx_word' id='word_1_802' title='bbox 1012 2378 1096 2406; x_wconf 84' lang='lat' dir='ltr'>usque</span> <span class='ocrx_word' id='word_1_803' title='bbox 1125 2366 1270 2406; x_wconf 80' lang='lat' dir='ltr'>pervadere</span> <span class='ocrx_word' id='word_1_804' title='bbox 1293 2366 1435 2405; x_wconf 79' lang='lat' dir='ltr'>injustitia.</span> <span class='ocrx_word' id='word_1_805' title='bbox 1465 2368 1523 2396; x_wconf 83' lang='lat' dir='ltr'>Nou</span> <span class='ocrx_word' id='word_1_806' title='bbox 1552 2367 1652 2396; x_wconf 80' lang='lat' dir='ltr'>videtis</span> 
     </span>
     <span class='ocr_line' id='line_1_107' title="bbox 909 2412 1652 2453; baseline 0 -11"><span class='ocrx_word' id='word_1_807' title='bbox 909 2425 992 2453; x_wconf 87' lang='lat' dir='ltr'>quam</span> <span class='ocrx_word' id='word_1_808' title='bbox 1005 2414 1103 2442; x_wconf 87' lang='lat' dir='ltr'>multas</span> <span class='ocrx_word' id='word_1_809' title='bbox 1116 2413 1160 2441; x_wconf 86' lang='lat' dir='ltr'>isti</span> <span class='ocrx_word' id='word_1_810' title='bbox 1175 2412 1243 2441; x_wconf 84' lang='lat' dir='ltr'>cient</span> <span class='ocrx_word' id='word_1_811' title='bbox 1255 2423 1369 2452; x_wconf 81' lang='lat' dir='ltr'>pugnas,</span> <span class='ocrx_word' id='word_1_812' title='bbox 1379 2419 1403 2441; x_wconf 88' lang='lat' dir='ltr'>et</span> <span class='ocrx_word' id='word_1_813' title='bbox 1415 2420 1536 2441; x_wconf 80' lang='lat' dir='ltr'>evertunt</span> <span class='ocrx_word' id='word_1_814' title='bbox 1548 2415 1652 2442; x_wconf 74' lang='lat' dir='ltr'>omnia?</span> 
     </span>
     <span class='ocr_line' id='line_1_108' title="bbox 909 2459 1652 2497; baseline -0.001 -7"><span class='ocrx_word' id='word_1_815' title='bbox 909 2463 992 2490; x_wconf 90' lang='lat' dir='ltr'>Utere</span> <span class='ocrx_word' id='word_1_816' title='bbox 1009 2459 1198 2497; x_wconf 84' lang='lat' dir='ltr'>matrimonio,</span> <span class='ocrx_word' id='word_1_817' title='bbox 1217 2459 1286 2487; x_wconf 84' lang='lat' dir='ltr'>habe</span> <span class='ocrx_word' id='word_1_818' title='bbox 1300 2459 1378 2488; x_wconf 82' lang='lat' dir='ltr'>filios.</span> <span class='ocrx_word' id='word_1_819' title='bbox 1396 2459 1485 2487; x_wconf 74' lang='lat' dir='ltr'>Etiam</span> <span class='ocrx_word' id='word_1_820' title='bbox 1500 2459 1600 2488; x_wconf 83' lang='lat' dir='ltr'>Paulus</span> <span class='ocrx_word' id='word_1_821' title='bbox 1615 2461 1652 2489; x_wconf 79' lang='lat' dir='ltr'>eis</span> 
     </span>
     <span class='ocr_line' id='line_1_109' title="bbox 911 2504 1651 2547; baseline 0 -12"><span class='ocrx_word' id='word_1_822' title='bbox 911 2506 1081 2547; x_wconf 77' lang='lat' dir='ltr'>pra-cipiebat</span> <span class='ocrx_word' id='word_1_823' title='bbox 1095 2528 1102 2541; x_wconf 83' lang='lat'>,</span> <span class='ocrx_word' id='word_1_824' title='bbox 1125 2512 1151 2534; x_wconf 84' lang='lat' dir='ltr'>et</span> <span class='ocrx_word' id='word_1_825' title='bbox 1174 2504 1207 2534; x_wconf 77' lang='lat' dir='ltr'>ad</span> <span class='ocrx_word' id='word_1_826' title='bbox 1223 2515 1267 2534; x_wconf 90' lang='lat' dir='ltr'>eos</span> <span class='ocrx_word' id='word_1_827' title='bbox 1290 2505 1433 2534; x_wconf 79' lang='lat' dir='ltr'>scribebat.</span> <span class='ocrx_word' id='word_1_828' title='bbox 1458 2506 1589 2544; x_wconf 78' lang='lat' dir='ltr'>Magnum</span> <span class='ocrx_word' id='word_1_829' title='bbox 1613 2514 1651 2535; x_wconf 85' lang='lat' dir='ltr'>est</span> 
     </span>
     <span class='ocr_line' id='line_1_110' title="bbox 911 2550 1651 2590; baseline -0.001 -8"><span class='ocrx_word' id='word_1_830' title='bbox 911 2552 979 2583; x_wconf 84' lang='lat' dir='ltr'>illud</span> <span class='ocrx_word' id='word_1_831' title='bbox 994 2559 1141 2590; x_wconf 83' lang='lat' dir='ltr'>certamen,</span> <span class='ocrx_word' id='word_1_832' title='bbox 1153 2558 1177 2580; x_wconf 84' lang='lat' dir='ltr'>ct</span> <span class='ocrx_word' id='word_1_833' title='bbox 1193 2551 1261 2580; x_wconf 85' lang='lat' dir='ltr'>altus</span> <span class='ocrx_word' id='word_1_834' title='bbox 1275 2550 1414 2590; x_wconf 72' lang='lat' dir='ltr'>scopulus.</span> <span class='ocrx_word' id='word_1_835' title='bbox 1432 2558 1455 2579; x_wconf 85' lang='lat' dir='ltr'>et</span> <span class='ocrx_word' id='word_1_836' title='bbox 1474 2561 1599 2581; x_wconf 81' lang='lat' dir='ltr'>cacumen</span> <span class='ocrx_word' id='word_1_837' title='bbox 1612 2559 1651 2581; x_wconf 65' lang='lat' dir='ltr'>cst</span> 
     </span>
    </p>
   </div>
   <div class='ocr_carea' id='block_1_15' title="bbox 1655 306 1800 359">
    <p class='ocr_par' dir='ltr' id='par_1_17' title="bbox 1655 306 1800 359">
     <span class='ocr_line' id='line_1_111' title="bbox 1694 306 1799 334; baseline -0.01 -7"><span class='ocrx_word' id='word_1_838' title='bbox 1694 306 1799 334; x_wconf 74' lang='lat' dir='ltr'>Virgines</span> 
     </span>
     <span class='ocr_line' id='line_1_112' title="bbox 1655 338 1800 359; baseline 0.014 -2"><span class='ocrx_word' id='word_1_839' title='bbox 1655 338 1742 359; x_wconf 73' lang='lat' dir='ltr'>Christo</span> <span class='ocrx_word' id='word_1_840' title='bbox 1763 339 1800 359; x_wconf 82' lang='lat' dir='ltr'>di-</span> 
     </span>
    </p>
   </div>
   <div class='ocr_carea' id='block_1_16' title="bbox 1655 375 1714 391">
    <p class='ocr_par' dir='ltr' id='par_1_18' title="bbox 1655 375 1714 391">
     <span class='ocr_line' id='line_1_113' title="bbox 1655 375 1714 391; baseline 0 0"><span class='ocrx_word' id='word_1_841' title='bbox 1655 375 1714 391; x_wconf 73' lang='lat' dir='ltr'>tanc.</span> 
     </span>
    </p>
   </div>
  </div>
 </body>
</html>
