1893 2860
116 1483 160 1502 Til.
177 1487 198 1503 1.
214 1481 250 1503 16.

114 1536 132 1549 ι.
146 1530 204 1551 Tim.
217 1530 240 1551 5.

109 1559 132 1580 8.

113 1598 117 1611 ι
126 1606 130 1611 .
158 1590 211 1612 Cor.
230 1590 252 1612 5.

114 1627 150 1643 ΙΙ.

113 1717 120 1731 1
130 1726 135 1731 .
146 1712 213 1731 Joan.
229 1717 250 1731 2.

109 1750 131 1769 9.

271 169 359 218 (359ἰ

629 180 658 203 S.
674 180 814 203 JOANNJS
840 180 1020 204 (mux'SOST.

1050 181 1191 206 Anctum’
1198 199 1206 207 .
1233 185 1359 209 CONSTA
1365 186 1500 210 NT1N01‘.

272 254 320 281 ego
336 242 439 270 tertiam
459 241 543 269 dico?
570 240 632 269 ldeo
655 251 716 269 cum
731 241 852 276 dixisset,
874 243 911 270 Ut
926 244 1008 281 quie-
1027 245 1044 267 C
1064 243 1171 282 ἡσύχιον
1186 244 1240 282 βίον
1259 246 1400 284 διάγωμεν,
1411 248 1457 276 οὐκ
1469 247 1531 283 ἔστη
1547 248 1626 286 μέχρι
1641 247 1746 283 τούτου,
1758 247 1825 276 ἀλλὰ

273 297 332 318 lam
360 296 386 317 el
410 288 603 326 tranquillam
620 289 714 316 vitam
739 298 872 326 agamus,
897 298 947 316 nou
964 288 1008 317 hic

271 334 351 364 stetit.
368 333 413 361 sed
429 332 545 368 addidit,
562 335 598 360 In
611 335 690 360 omni
700 335 809 371 pietate
822 340 848 361 ec
863 335 1006 362 castitate.

269 382 297 408 In
314 380 411 418 pietate
424 386 513 407 autem
532 386 556 407 et
571 379 691 407 castitate
707 379 805 417 aliquis
819 390 874 407 csse
888 389 939 407 non
954 390 1006 419 po-

270 432 327 460 test,
344 425 394 452 nisi
422 435 474 463 pax
498 424 543 452 illa
560 425 702 453 constituta
726 424 770 453 sit.
787 426 854 453 Cum
872 425 942 453 enim
958 436 1005 453 ra-

268 470 376 498 tiocinia
395 477 420 498 ct
434 470 591 507 qua-stiones
604 470 685 498 fidem
699 477 816 499 nostram
836 471 1002 510 perturbant,

268 527 326 554 quae
341 516 418 555 pax?
442 526 502 544 cum
525 516 634 555 spiritus
650 516 785 551 libidinis,
798 527 856 555 quae
870 517 950 556 pax?
966 518 1005 545 Ne

268 563 338 591 enim
352 562 488 591 existimes
512 562 590 590 illum
615 562 649 591 de
672 562 723 590 hac
744 562 818 600 loqui
840 563 906 600 vita,
924 574 1004 601 quum

268 620 358 638 omnes
370 609 490 637 homines
502 616 601 647 agun13
614 620 674 638 cum
687 609 810 646 dixisset,
827 611 863 638 Ut
876 612 1005 648 quietam

268 662 295 684 et
316 656 506 694 tranquillam
529 657 624 683 vitam
646 666 779 694 agamus,
798 655 946 693 subjungit,
968 657 1005 683 In

267 704 347 730 omni
358 704 466 740 pietate
477 707 503 729 et
519 703 663 730 castitate.
678 701 791 729 Possunt
803 701 873 729 enim
887 701 1004 737 quietam

266 755 291 776 et
307 747 478 785 tranquillam
503 746 586 774 vitam
602 756 678 784 agere
693 746 822 783 gentiles;
847 753 871 774 et
886 745 1004 785 impudi-

266 794 300 829 ci,
321 799 347 821 ct
371 793 415 831 qui
440 792 467 820 in
490 792 595 820 deliciis
619 792 787 827 volutantur,
806 791 937 821 inveneris
959 792 1004 829 qui

267 840 335 868 lianc
349 840 431 867 vitam
442 845 530 876 agant.
543 839 580 866 Ut
591 838 673 875 igitur
686 837 774 865 discas
786 838 863 865 illum
875 848 925 865 non
936 838 1005 865 hanc

265 886 349 913 vitam
364 885 463 921 dicere,
479 883 584 922 adjicit,
600 885 636 910 In
649 885 728 910 omni
742 885 851 921 pietate
869 889 897 911 et
911 885 1002 911 casci-

267 938 333 959 tate.
356 931 405 958 Illa
426 930 496 957 enim
512 929 566 959 vita
583 928 693 957 insidias
706 929 824 957 habetet
841 939 955 967 pugnas,
979 935 1004 957 ct

265 976 353 1004 anima
380 974 501 1013 quotidie
529 974 687 1003 vulneratur
711 985 726 1002 a
758 973 1003 1013 perturbationibus

264 1021 465 1060 cogitationum.
484 1019 564 1055 Quod
590 1026 679 1047 autem
695 1019 764 1047 hanc
787 1019 870 1049 vitam
887 1018 1004 1048 indicare

264 1068 340 1103 velit,
364 1067 454 1106 palam
469 1073 504 1094 est
521 1077 554 1094 ex
569 1064 768 1101 additamento,
784 1065 872 1104 palam
888 1065 951 1094 item
965 1071 1003 1093 est

263 1123 332 1141 exeo
344 1112 417 1151 quod
426 1122 476 1140 non
489 1111 656 1151 simpliciter,
669 1111 700 1139 In
713 1110 820 1150 pietate,
831 1110 942 1148 dixerit,
956 1111 1002 1140 sed

262 1156 356 1185 addita
373 1157 422 1185 bac
446 1166 521 1191 voce,
538 1158 573 1184 In
587 1157 675 1184 omni.
690 1155 747 1183 Hoc
758 1155 828 1183 enim
841 1154 944 1192 dicens,
958 1155 1003 1184 vi-

262 1204 340 1232 detur
355 1215 406 1232 nou
428 1204 515 1232 solum
531 1203 557 1231 iu
573 1202 746 1241 dogmatibus
761 1202 845 1231 vitam
859 1202 1004 1240 requirere,

263 1249 308 1278 sed
317 1250 396 1277 etiam
409 1249 482 1278 iilam
494 1260 552 1287 quae
565 1260 612 1287 per
624 1248 684 1276 vitae
697 1259 777 1286 genus
789 1248 912 1276 firmatur
924 1259 930 1275 τ
943 1258 1004 1276 nam

264 1295 289 1323 in
304 1302 417 1333 utraque
430 1306 458 1323 re
470 1295 554 1334 pietas
566 1293 708 1332 quaerenda
728 1301 774 1322 est.
788 1294 854 1328 Quae
869 1294 940 1322 enim
952 1294 1006 1323 uti-

261 1341 333 1375 litas,
357 1341 378 1369 si
393 1341 410 1369 ii
426 1341 472 1379 qui
493 1341 519 1368 in
533 1340 585 1368 tide
605 1340 648 1379 pie
666 1340 792 1376 sentiunt,
804 1340 859 1369 vita
874 1347 899 1368 et
914 1340 1004 1379 operi-

259 1387 311 1415 bus
325 1387 400 1426 impii
413 1387 486 1415 sint?
507 1385 642 1424 Quodque
653 1386 710 1414 haec
723 1386 779 1414 vita
799 1386 881 1425 possit
893 1397 926 1414 ex
938 1397 1003 1425 ope-

261 1432 336 1460 ribus
351 1433 434 1471 impia
456 1433 524 1467 ficri,
536 1431 599 1460 audi
615 1432 721 1459 beatum
742 1431 818 1459 illum
832 1431 897 1459 alibi
913 1431 1004 1459 dicen-

263 1484 315 1506 tem
328 1489 333 1504 z
347 1478 531 1517 Confitentur
542 1479 639 1505 verbis
659 1487 689 1505 se
702 1487 785 1504 nosse
796 1477 1002 1515 Dezmz‚snctis

263 1531 361 1553 autem
379 1530 507 1562 negant,·
531 1530 557 1551 et
580 1533 680 1558 rursuS,
707 1523 811 1550 Fidem
834 1524 999 1561 abnegavit,

263 1577 291 1599 et
303 1577 344 1599 est
358 1570 472 1609 infideli
486 1570 629 1602 detor-iem
647 1568 804 1606 iterumque,
815 1569 922 1607 Siquis
932 1569 1000 1607 sra-

264 1622 307 1644 ter
322 1616 486 1654 appellatus
494 1616 591 1654 suerit
605 1616 788 1654 fornicator,
813 1620 864 1642 aut
880 1624 998 1647 avarus,

261 1663 342 1701 quod
354 1668 396 1690 est
409 1662 553 1689 idolorum
566 1662 699 1695 servieus,
713 1666 762 1688 aut
776 1660 1002 1695 idololatraffzu·

261 1708 389 1746 jusmodi
411 1717 470 1734 non
494 1708 619 1734 honorat
634 1707 730 1734 Deum
740 1717 751 1739 ;
767 1712 792 1733 et
806 1715 924 1739 rursum,
945 1706 1002 1743 Qui

1061 291 1232 328 προσέθηκεν,
1242 292 1288 320 Ἐν
1300 294 1372 330 πάσῃ
1389 295 1506 334 εὐσεὸείᾳ
1521 295 1564 323 καὶ
1580 295 1728 333 σεμνότητι.
1739 295 1785 323 Ἔν
1798 295 1824 323 δὲ

1060 336 1179 374 εὐσεθείᾳ
1193 336 1237 364 καὶ
1253 337 1392 374 σεμνότητι
1407 334 1472 367 εἶναι
1484 341 1529 368 οὐκ
1542 340 1593 375 ἔνι,
1610 340 1645 378 μὴ
1663 342 1709 374 τῆς
1721 340 1824 378 εἰρήνης

1059 382 1159 417 ἐκείνης
1173 382 1390 420 κατορθωΟείσης.
1399 383 1485 412 “Ὀταν
1496 386 1546 424 γὰρ
1558 386 1678 423 λογισμοὶ
1690 386 1824 421 ζητητικοὶ

1057 427 1223 466 ταράσσωσιν
1250 430 1326 465 ἡμῶν
1350 428 1397 463 τὴν
1421 429 1523 466 πίστιν,
1546 430 1609 459 ποία
1633 431 1737 469 εἰρήνῃ
1758 431 1821 460 ὅταν

1058 473 1193 511 ἀσελγείας
1207 473 1359 511 πνεύματα,
1371 473 1434 502 ποία
1446 474 1535 513 εἰρήνη
1545 486 1552 511 ;
1563 475 1621 504 Ἵνα
1634 475 1684 514 γὰρ
1697 475 1734 514 μὴ
1748 475 1822 513 νομί-

1057 530 1105 557 σῃς
1115 518 1155 547 ὅτι
1169 521 1259 547 τοῦτον
1273 519 1362 551 ἅπλῶς
1376 519 1446 558 λέγει
1460 519 1504 548 τὸν
1518 521 1583 558 βίον,
1595 521 1622 549 ὃν
1635 522 1731 554 πάντες
1743 523 1821 554 ζῶσιν

1057 564 1202 602 ἅνθρωποι,
1218 564 1308 600 εἰπὼν,
1322 564 1382 593 Ἵνα
1396 565 1494 603 ἤρεμον
1510 565 1555 593 καὶ
1569 565 1676 604 ἡσύχιον
1693 567 1747 604 βίον
1761 566 1821 594 διοί-

1056 619 1153 646 γωμεν,
1173 608 1277 646 ἐπάγει,
1295 608 1341 636 Ἔν
1360 608 1433 647 πάσῃ
1460 608 1577 648 εὐσεὸείᾳ
1599 610 1644 638 καὶ
1664 610 1819 648 σεμνότητι·

1056 653 1145 688 ἐπειδὴ
1163 653 1247 682 ἔνεστι
1269 653 1312 682 τὸν
1333 654 1431 692 ἤρεμον
1450 654 1494 683 καὶ
1515 654 1623 693 ἡσύχιον
1647 654 1701 693 βίον
1723 654 1821 693 διάγειν

1057 698 1101 726 καὶ
1115 698 1263 734 (Έλληνας,
1279 699 1323 727 καὶ
1340 700 1499 732 ἀκολάστους
1513 699 1558 728 καὶ
1573 701 1764 732 σπαταλῶντας
1778 700 1823 729 καὶ

1056 746 1207 782 τρυφῶντας
1220 744 1302 783 εὕροις
1314 744 1343 773 ἂν
1359 747 1447 773 τοῦτον
1460 746 1503 773 τὸν
1520 744 1573 783 βίον
1589 746 1695 778 ζῶντας.
1708 744 1768 773 Ἵνα
1779 741 1822 773 οὖν

1057 789 1142 828 μάθῃς
1155 789 1195 818 ὅτι
1211 790 1239 817 οὐ
1258 790 1346 819 τοῦτόν
1368 803 1445 829 φησι,
1458 791 1615 830 προστίθησι
1629 791 1673 827 τὸ,
1686 790 1734 819 Ἐν
1750 790 1823 829 πάσῃ

1057 835 1175 874 εὐσεῧείᾳ
1195 836 1240 864 καὶ
1255 835 1405 874 σεμνότητι.
1418 836 1535 869 Ἐκεῖνος
1549 836 1598 875 γὰρ
1614 838 1627 864 ὃ
1643 835 1697 875 βίος
1719 836 1824 865 ἐπιδου-

1055 880 1102 913 λὰς
1117 881 1228 920 ἔχεικαὶ
1245 882 1348 921 μάχας,
1362 884 1409 916 τῆς
1422 885 1507 922 ψυχῆς
1521 885 1578 911 καο’
1596 883 1708 918 ἑκάστην
1721 882 1822 921 ἡμέραν

1055 927 1266 966 τιτρωσκομένης
1280 929 1331 956 ὑπὸ
1344 930 1395 956 τῶν
1413 928 1527 967 Οορύὸων
1549 931 1603 957 τῶν
1625 929 1652 956 ἐν
1675 933 1728 960 τοῖς
1751 929 1823 967 λογι-

1055 972 1211 1010 σμ.οῖς.“Ὀτι
1224 973 1250 1002 δὲ
1262 973 1305 1002 τὸν
1320 974 1373 1012 βίον
1386 977 1474 1002 τοῦτον
1488 975 1581 1008 δηλοῦν
1598 973 1732 1011 βούλεται,
1743 974 1821 1008 δῆλον

1056 1018 1102 1056 μὲν
1123 1019 1176 1047 ἀπὸ
1195 1021 1241 1053 τῆς
1262 1020 1415 1057 ἐπαγωγῆς,
1432 1020 1508 1053 δῆλον
1534 1018 1561 1047 δὲ
1583 1019 1627 1047 καὶ
1647 1019 1698 1047 ἀπὸ
1716 1022 1761 1047 τοῦ
1783 1018 1820 1056 μὴ

1054 1065 1144 1097 ἁπλῶς
1159 1065 1185 1092 ἐν
1199 1064 1316 1104 εὐσεὸείᾳ
1329 1066 1420 1101 εἰπεῖν,
1432 1064 1500 1093 ἀλλὰ
1515 1064 1581 1102 μετὰ
1596 1064 1747 1105 προσθήκης
1760 1067 1821 1099 τοῦ,

1055 1111 1146 1148 Πάσῃ.
1163 1111 1249 1139 Τοῦτο
1262 1110 1313 1150 γὰρ
1328 1110 1420 1146 εἰπὼν,
1436 1111 1516 1139 ἔοικεν
1530 1111 1558 1139 οὖ
1575 1110 1623 1146 τὴν
1638 1110 1689 1139 ἀπὸ
1704 1112 1755 1139 τῶν
1775 1111 1820 1139 δο-

1021 1164 1039 1186 Ε
1055 1156 1162 1194 γμάτων
1178 1156 1255 1194 μόνον
1271 1159 1392 1185 ἀπαιτεῖν
1408 1157 1553 1192 πολιτείαν,
1565 1156 1632 1185 ἀλλὰ
1646 1156 1690 1185 καὶ
1706 1156 1752 1191 τὴν
1770 1156 1822 1185 ἀπὸ

1055 1205 1100 1230 τοῦ
1116 1202 1172 1239 βίου
1197 1202 1420 1241 ἀσφαλιζομένην·
1436 1203 1481 1231 καὶ
1497 1201 1549 1240 γὰρ
1563 1204 1588 1231 ε’ν
1605 1201 1760 1240 ἀμφοτέροις
1774 1201 1821 1236 τὴν

1057 1247 1191 1276 εὐσέὸειαν
1207 1248 1244 1276 δεῖ
1256 1247 1394 1282 ζητεῖν,’1’ί
1404 1248 1454 1286 γὰρ
1465 1248 1555 1287 ὄφελος
1570 1249 1595 1276 ἐν
1605 1249 1637 1286 τῇ
1650 1246 1738 1276 πίστει
1750 1247 1822 1275 εὗσε-

1056 1292 1165 1326 6οῧντας
1179 1293 1222 1322 διὰ
1236 1296 1281 1322 τοῦ
1298 1293 1354 1332 βίου
1370 1293 1490 1329 &oseem
1505 1292 1568 1322 “Ort
1579 1292 1631 1332 γὰρ
1652 1292 1706 1321 ἔστι
1720 1291 1763 1320 διὰ
1775 1294 1821 1320 τοῦ

1057 1338 1114 1376 βίου
1135 1339 1250 1374 ἀσεῧεῖν,
1264 1339 1341 1368 ἄκουε
1361 1342 1406 1367 τοῦ
1429 1338 1558 1377 μακαρίου
1571 1338 1662 1367 τούτου
1676 1337 1756 1366 πάλιν
1771 1338 1821 1366 ἀλ-

1055 1385 1137 1422 λαχοῦ
1160 1385 1293 1423 λέγοντος·
1311 1385 1378 1414 Θεὸν
1402 1386 1572 1422 ὁμολογοῦσιν
1594 1383 1705 1419 εἰδέναι,
1719 1387 1772 1415 τοῖς
1794 1382 1821 1412 δὲ

1054 1430 1138 1468 ἔργοις
1161 1431 1316 1468 ἀρνοῦνται’
1339 1430 1384 1458 καὶ
1402 1429 1561 1465 πάλιν,Τὴν
1583 1429 1672 1458 πίστιν
1692 1429 1821 1468 ἤρνηται,

1053 1475 1098 1503 καὶ
1114 1475 1184 1503 ἔστιν
1201 1475 1312 1504 ἀπίστου
1327 1475 1438 1514 χείρων·
1453 1475 1497 1503 καὶ
1512 1475 1602 1510 πάλιν,
1613 1474 1678 1503 Ἐάν
1692 1486 1732 1506 τις
1745 1475 1821 1502 ἀδελ-

1053 1521 1098 1559 φὸς
1113 1521 1302 1559 ὀνομαζόμενος
1316 1517 1332 1560 ᾗ
1347 1521 1455 1560 πόρνος,
1472 1520 1488 1555 ἢ
1501 1520 1674 1556 πλεονέκτης,
1685 1519 1702 1554 ἢ
1716 1520 1822 1549 εἴδωλο-

1029 1572 1035 1578 “
1052 1566 1165 1605 λάτρης,
1179 1568 1192 1594 ὁ
1206 1570 1319 1599 τοιοῦτος
1334 1569 1362 1595 οὐ
1378 1571 1444 1605 τιμᾷ
1459 1566 1502 1594 τὸν
1524 1565 1592 1594 Θεόν
1603 1577 1609 1583 ·
1622 1565 1668 1594 καὶ
1681 1565 1773 1600 πάλιν,
1786 1564 1820 1594 ‘O

1052 1611 1095 1639 τὸν
1115 1611 1224 1650 ἀδελφὸν
1251 1613 1328 1640 αὑτοῦ
1354 1614 1447 1650 μισῶν,
1470 1611 1511 1640 τὸν
1533 1611 1600 1640 Θεὸν
1624 1613 1719 1649 ἀγνοεῖ.
1740 1610 1822 1650 Ὁρᾷς

1053 1657 1132 1686 πόσοι
1153 1657 1274 1690 ἀσεὲείας
1289 1658 1398 1697 τρόποι;
1411 1657 1462 1686 Διὰ
1480 1657 1556 1686 τοῦτό
1572 1668 1662 1696 φησιν,
1685 1656 1731 1685 Ἐν
1747 1656 1821 1695 πάσῃ

1053 1702 1170 1742 εὐσεὸείᾳ
1195 1704 1239 1731 καὶ
1262 1703 1412 1740 σεμνότητι.
1429 1702 1555 1740 Ἄσεμνος
1574 1702 1625 1741 γὰρ
1646 1703 1692 1731 οὐκ
1715 1702 1784 1730 ἔστιν
1808 1704 1822 1730 ὁ

259 1756 384 1794 fratrem
407 1764 491 1783 suum
519 1754 579 1781 odit
590 1775 597 1789 ,
624 1757 737 1791 ignorat
764 1753 871 1780 Deum.
898 1752 998 1782 Viden’
1009 1774 1045 1791 535
1053 1748 1146 1787 πόρνος
1161 1749 1248 1787 μόνον,
1264 1748 1331 1777 ἀλλὰ
1344 1749 1388 1777 καὶ
1403 1751 1416 1777 ὁ
1430 1748 1588 1783 πλεονέκτης
1601 1748 1711 1785 ἄσεμνος
1731 1747 1762 1775 ἂν
1777 1747 1823 1776 λε’-

261 1808 327 1840 quot
341 1801 393 1829 sint
408 1799 553 1839 impietatis
567 1798 650 1827 modi.
665 1797 730 1826 Ideo
745 1797 792 1833 ait,
804 1799 841 1826 In
853 1802 931 1826 omni
942 1799 1002 1836 pie·
1019 1802 1037 1822 A
1053 1805 1125 1832 γοιτο
1139 1794 1184 1823 καὶ
1199 1794 1356 1826 ἀκόλαστος·
1369 1794 1413 1822 καὶ
1426 1793 1476 1833 γὰρ
1491 1794 1536 1822 καὶ
1549 1797 1625 1822 τοῦτο
1639 1792 1764 1830 ἐπιθυμία
1775 1794 1824 1831 οὐχ

262 1855 321 1877 tate
333 1854 360 1876 et
378 1849 523 1876 castitate.
541 1846 700 1874 Inhonestus
714 1845 784 1874 enim
800 1852 838 1873 est
854 1855 906 1874 non
922 1845 1002 1873 modo

262 1894 419 1927 fornicator,
443 1892 489 1921 sed
512 1892 592 1921 etiam
608 1903 704 1920 avarus
726 1891 882 1920 inhonestus
897 1890 1004 1920 dicatur

261 1949 286 1970 et
299 1941 478 1979 intemperans
498 1952 503 1967 :
518 1939 574 1967 hzec
585 1939 656 1967 enim
669 1938 801 1978 cupiditas
819 1945 868 1974 est,
885 1949 936 1967 non
951 1938 1003 1967 mi-

260 1998 312 2016 nus
337 1997 418 2025 quam
444 1985 657 2024 concupiscentia
682 1995 834 2024 corporum.
862 1984 916 2019 Qui
941 1994 1002 2023 ergo

259 2035 333 2063 illam
358 2045 409 2062 non
433 2033 556 2071 castigat,
575 2033 754 2072 intemperans
776 2032 878 2061 dieitur
903 2043 910 2060 ε
930 2031 1003 2070 quod

263 2081 334 2109 enim
357 2079 598 2118 concupiscentiam
624 2089 676 2107 non
702 2078 842 2117 castigent,
870 2078 1003 2117 intempe-

262 2133 349 2155 rantes
363 2132 501 2155 vocantur.
521 2126 613 2163 Itaque
628 2125 789 2153 iracundum
804 2125 883 2153 ctiam
900 2124 1000 2152 intem—-

261 2179 397 2211 perantem
408 2171 536 2207 dixerim,
548 2178 572 2199 et
587 2170 721 2206 invidum,
738 2177 763 2198 et
781 2170 899 2210 pecuniae
910 2180 1004 2198 aman-

261 2225 325 2250 tem.
349 2224 374 2246 et
396 2216 531 2251 dolosum,
548 2223 574 2245 et
595 2227 701 2245 omnem
724 2216 750 2244 in
767 2222 875 2256 peccato
891 2226 1004 2245 versan-

263 2270 327 2301 tem,
352 2270 377 2292 et
399 2264 622 2302 intemperantem
636 2269 661 2290 et
677 2262 847 2290 inhonestum
869 2268 894 2290 et
909 2261 1002 2301 impu-

261 2310 353 2339 dicum
376 2310 547 2350 appellarim.
565 2311 629 2338 Hoc
652 2312 729 2339 enim
746 2312 852 2338 bonum
872 2316 899 2338 et
916 2319 1002 2338 acce—

261 2362 342 2393 ptum
362 2363 414 2393 est,
435 2355 532 2393 inquit,
552 2357 582 2383 in
603 2361 756 2394 conspectu
770 2355 933 2384 Salvatoris
948 2365 1002 2383 no-

265 2405 316 2430 stri
340 2405 404 2432 Dei.
421 2405 486 2432 Hoc
501 2403 565 2441 quid
587 2404 649 2432 est?
664 2403 770 2432 Precari
792 2414 840 2443 pro
856 2403 1001 2432 omnibus:

265 2448 315 2476 hoc
329 2456 466 2487 acceptum
479 2456 517 2477 est
536 2451 592 2478 Deo
603 2472 610 2486 ,
627 2449 678 2478 hoc
693 2449 738 2478 illc
752 2449 811 2478 vult
832 2461 837 2476 ε
855 2459 917 2477 nam
935 2449 1003 2477 Vult

265 2505 362 2522 omnes
378 2496 504 2523 imminet
521 2496 619 2524 salvos
630 2496 705 2534 fieri,
725 2502 752 2525 et
768 2496 808 2524 ad
824 2497 1001 2534 agnitionem

267 2542 403 2568 veritatis
417 2543 525 2569 venire.

305 2589 331 2616 2.
346 2586 452 2615 Imitare
466 2587 559 2615 Deum.
572 2586 599 2616 Si
613 2588 669 2616 vult
682 2598 771 2617 omnes
782 2587 902 2617 homines
918 2587 1003 2616 salvos

1053 1839 1139 1874 ἥττων
1154 1842 1200 1874 τῆς
1214 1842 1266 1868 τῶν
1284 1840 1425 1877 σωμάτων.
1439 1838 1472 1868 ‘0
1485 1839 1570 1867 τοίνυν
1586 1838 1622 1876 μὴ
1638 1838 1755 1871 κολάζων
1772 1839 1822 1866 αὖ-

1055 1886 1115 1921 τὴν,
1127 1886 1272 1917 ἀκόλαστος
1283 1885 1404 1923 λέγεται·
1421 1885 1463 1913 διὰ
1479 1884 1529 1922 γὰρ
1544 1884 1575 1912 τὸ
1588 1884 1624 1921 μὴ
1639 1884 1758 1917 κολάζειν
1774 1883 1822 1919 τὴν

1055 1930 1193 1968 ἐπιθυμίαν
1207 1931 1349 1958 ἀκόλαστοι
1361 1930 1492 1967 λέγονται.
1505 1929 1589 1957 “ssave
1602 1929 1647 1957 καὶ
1661 1929 1704 1958 τὸν
1719 1928 1822 1968 ὀργίλον

1056 1976 1201 2005 ἀκόλαστον
1225 1976 1254 2003 ἂν
1277 1975 1378 2013 εἴποιμι
1393 1975 1488 2013 ἔγωγε,
1502 1974 1547 2002 καὶ
1562 1975 1605 2004 τὸν
1622 1974 1762 2012 βάσκανον,
1778 1973 1823 2002 καὶ

1056 2022 1099 2051 τὸν
1114 2022 1282 2061 φιλάργυρον,
1300 2021 1344 2049 καὶ
1359 2021 1402 2050 τὸν
1417 2021 1538 2057 ὕπουλον,
1553 2020 1598 2049 καὶ
1623 2020 1710 2049 πάντα
1731 2019 1775 2048 τὸν
1796 2021 1822 2049 ἐν

1056 2067 1174 2107 ἁμαρτία
1205 2068 1280 2101 ὄντα,
1307 2067 1451 2096 ἀκόλαστον
1478 2060 1544 2094 εἶναι
1568 2066 1614 2094 καὶΙ
1639 2066 1752 2103 ἄσεμνον
1777 2065 1824 2094 καὶ

1057 2115 1165 2153 ἀσελγῆ.
1189 2115 1275 2142 Τοῦτο
1300 2113 1351 2152 γὰρ
1376 2113 1454 2141 καλὸν
1483 2112 1529 2141 καὶ
1554 2111 1711 2147 ἀποδεκτὸν,
1734 2111 1823 2150 φησὶν,

1057 2160 1165 2190 ἐνώπιον
1187 2163 1232 2188 τοῦ
1252 2161 1377 2198 Σωτῆρος
1397 2160 1472 2197 ἡμῶν
1492 2159 1570 2187 Θεοῦ.
1582 2158 1662 2186 Ποῖον
1682 2156 1824 2192 τοῦτο;Τὸ

1057 2208 1180 2245 εὔχεσθαι
1201 2205 1267 2245 ὑπὲρ
1288 2206 1410 2234 πάντων·
1428 2206 1504 2232 τοῦτο
1526 2203 1687 2241 ἀποδέχεται
1708 2205 1721 2231 ὁ
1741 2202 1826 2237 Θεὸς,

1022 2262 1038 2283 Β
1056 2256 1130 2282 τοῦτο
1145 2252 1213 2281 θέλει
1229 2263 1235 2270 ·
1253 2251 1358 2282 Πάντας
1372 2249 1423 2288 γὰρ
1438 2250 1587 2289 ἀνθρώπους
1608 2249 1676 2277 θέλει
1694 2249 1824 2283 σωθῆναι,

1057 2298 1136 2336 φησὶ,
1153 2297 1197 2326 καὶ
1213 2298 1249 2328 εἰς
1263 2295 1402 2334 ἐπίγνωσιν
1420 2294 1542 2329 ἀληθείας
1555 2295 1647 2324 ἐλθεῖν.

1101 2585 1190 2621 Ἃιμοῧ
1207 2583 1249 2611 τὀν
1265 2582 1341 2611 Θεόν.
1358 2583 1387 2611 Ei
1406 2581 1502 2612 πάντας
1523 2579 1671 2619 ἀνθρώπους
1691 2578 1758 2607 Οέλει
1773 2589 1822 2606 σω-
