1774 2845
648 282 839 346 PRAE
855 277 1128 348 FATIO

168 456 256 505 AD
295 457 646 509 HOMILIAS
683 459 737 506 D.
771 458 1071 510 JOANNIS
1105 460 1619 514 CHRYSOSTOMl

467 612 513 647 ΙΝ
541 612 798 647 EPISTOLAS
823 613 965 649 PAULI
992 613 1055 649 AD
1082 614 1315 650 EPHESIOS.

155 883 242 911 luri-:n
258 882 393 910 selectiora
406 881 523 910 doctoris
534 881 616 909 nostri
630 881 656 909 in
673 879 807 919 Epistulas
824 879 899 908 Pauli
915 880 1104 908 commentaria
1121 882 1221 910 censeri
1235 882 1332 911 debent
1353 883 1476 913 Homiliae
1500 885 1527 914 in
1545 886 1683 926 Epistulas

115 929 149 958 ad
164 929 305 968 liphesios;
322 935 379 956 tum
396 927 459 965 quia
474 927 501 955 in
517 927 559 955 liis
577 937 617 955 res
638 926 747 954 uberius
765 925 912 965 expendit,
930 933 954 954 et
979 926 1096 965 explicat
1112 929 1282 966 accuratius3
1299 936 1356 958 tum
1382 931 1446 969 quia
1464 931 1550 960 multa
1576 940 1601 961 et
1625 933 1681 962 sin-

116 976 218 1015 gularia
242 975 341 1015 passim
366 973 466 1002 indicat
482 997 489 1010 ‚
517 985 576 1012 quae
603 974 705 1013 possint
730 980 775 1001 aut
798 973 833 1001 ad
861 973 967 1002 beatam
993 980 1039 1002 aut
1062 974 1097 1003 ad
1118 975 1244 1005 miseram
1270 976 1356 1006 vitam
1378 988 1430 1007 non
1460 989 1558 1017 parum
1585 980 1680 1009 afferre

116 1023 252 1052 momenti-

156 1070 272 1099 ()rditur
286 1077 375 1098 autern
389 1069 423 1097 ab
436 1069 544 1109 Epheso
558 1069 625 1097 urbe
636 1092 644 1105 ‚
659 1079 740 1107 quam
761 1076 790 1098 ut
814 1069 882 1097 Asiae
909 1069 1068 1108 metropolin
1085 1069 1211 1099 celebrat.
1237 1072 1375 1101 Auxerant
1399 1073 1579 1102 celebritatem
1595 1075 1683 1114 primo

116 1119 145 1147 S.
165 1119 279 1147 Joannes
301 1116 482 1155 evangelista,
504 1115 602 1145 deinde
624 1116 803 1153 Timotheus,
826 1116 872 1155 qui
897 1116 955 1145 istic
980 1116 1054 1145 sedes
1080 1124 1233 1156 posuerant.
1256 1119 1338 1148 Fama
1361 1130 1409 1159 per
1428 1120 1521 1149 orbem
1543 1128 1604 1150 nota
1628 1129 1684 1150 erat

117 1165 240 1204 Ephesus
257 1176 272 1193 a
299 1164 374 1192 cultu
402 1163 493 1192 Diana:
508 1185 516 1199 ,
538 1173 620 1201 quam
641 1162 788 1202 Ephesiam
810 1163 964 1201 vocabant,
986 1170 1066 1201 atque
1093 1174 1107 1191 a
1132 1164 1359 1204 philosophorum
1386 1166 1533 1206 plurimis,
1559 1169 1605 1207 qui
1627 1169 1684 1197 illic

117 1218 268 1240 manserant
281 1233 288 1247 ,
304 1222 318 1239 a
334 1209 488 1249 Pythagora
504 1209 595 1237 Samio
608 1232 616 1244 ‚
633 1220 647 1237 a
664 1208 825 1237 parmenide
835 1231 843 1245 ‚
864 1208 969 1237 Zenone
982 1230 989 1244 ,
1008 1209 1162 1237 Democrito
1176 1221 1181 1236 :
1198 1209 1327 1249 additque
1348 1211 1558 1251 Chrysostomus
1571 1236 1580 1251 7
1595 1213 1684 1242 adhue

117 1269 164 1287 suo
179 1266 297 1298 tempore
309 1257 484 1297 philosophos
499 1256 600 1295 Ephesi
617 1255 766 1284 considere.

156 1306 217 1333 Jam
231 1303 362 1342 quaeritur
375 1312 424 1341 pro
442 1312 515 1330 more
527 1301 709 1330 Antiochia-ne
724 1312 757 1330 an
772 1301 1005 1340 Constantinopoli
1020 1301 1119 1330 habitae
1132 1302 1230 1331 suerint
1241 1304 1380 1332 conciones
1394 1305 1427 1333 ad
1449 1305 1587 1344 Ephesios.
1599 1307 1683 1346 Opti-

117 1361 191 1379 mum
207 1350 248 1377 Cl.
270 1350 304 1379 V.
321 1348 512 1378 Tillemontius
529 1349 630 1388 profert
643 1354 833 1387 argumentum
847 1348 881 1376 ad
897 1347 1069 1387 probandum
1084 1348 1163 1377 hasce
1180 1349 1304 1379 homilias
1323 1351 1472 1380 Antiochiae
1490 1352 1575 1381 dictas
1586 1353 1684 1381 fuisse:

117 1398 180 1436 quia
193 1408 286 1436 nempe
299 1397 326 1425 in
340 1396 453 1425 homilia
469 1395 611 1424 undecima
636 1395 764 1424 acerrime
789 1395 927 1424 invehitur
951 1396 978 1423 in
1000 1406 1060 1433 eos,
1075 1396 1121 1434 qui
1139 1396 1287 1425 Ecclesiam
1312 1397 1339 1426 in
1354 1409 1406 1436 qua
1433 1399 1478 1427 ille
1495 1406 1557 1427 tunc
1573 1401 1685 1428 concio—

117 1445 233 1473 nabatur
248 1443 419 1479 scindebant,
435 1442 515 1481 inque
529 1442 654 1471 diversas
667 1449 755 1481 partes
770 1442 918 1471 diviserant
934 1449 958 1470 et
973 1442 1089 1471 schisma
1107 1443 1268 1481 effecerant;
1287 1443 1313 1472 id
1329 1445 1400 1482 quod
1425 1446 1458 1475 de
1478 1446 1596 1474 Ecclesia
1612 1448 1684 1475 Con-

118 1491 354 1531 stantinopolitana
367 1490 480 1529 intelligi
494 1501 545 1518 non
557 1490 650 1529 possit.
665 1490 769 1528 Hicque
783 1490 892 1519 omnino
905 1490 978 1528 loqui
991 1489 1100 1519 videtur
1112 1490 1146 1519 de
1158 1490 1302 1520 schismate
1318 1492 1495 1522 Eustathiano
1509 1501 1571 1522 tunc
1588 1495 1683 1523 Antio-

118 1538 185 1566 chice
197 1544 383 1578 perseverante
395 1561 402 1571 ,
419 1537 453 1566 de
469 1547 521 1575 quo
534 1537 619 1565 multa
633 1536 755 1565 diximus
766 1537 793 1565 in
808 1537 912 1565 Monito
924 1536 957 1565 ad
970 1537 1135 1573 Humiliam,
1154 1539 1199 1567 De
1220 1549 1278 1566 non
1294 1540 1586 1569 anathenmtimndis
1608 1544 1684 1571 vivis

118 1592 206 1625 alque
218 1587 365 1624 defunctis
375 1608 383 1622 ,
399 1596 458 1623 quae
473 1584 518 1613 hic
529 1584 646 1613 breviter
658 1584 800 1624 repetenda
810 1592 880 1613 sunt.

158 1632 315 1661 Eustathius
328 1632 468 1671 episcopus
485 1631 668 1660 Antiochenus
679 1654 686 1667 ‚
700 1631 743 1660 vir
762 1638 870 1660 sanctus
884 1638 962 1669 atque
977 1631 1126 1661 catholicus
1137 1654 1145 1668 ,
1160 1631 1276 1670 ideoque
1292 1632 1401 1661 Arianis
1417 1633 1519 1662 invisus
1532 1656 1541 1671 ,
1560 1634 1680 1673 ipsorum

117 1690 195 1719 opera
211 1680 238 1708 in
262 1679 387 1708 exsilium
403 1686 476 1708 actus
497 1679 548 1707 suit
562 1689 631 1707 anno
647 1679 752 1707 circiter
766 1681 826 1708 550
838 1702 845 1715 ‚
869 1680 896 1707 in
912 1680 1024 1718 ejusque
1044 1679 1133 1708 locum
1150 1679 1312 1708 substitutus
1337 1687 1375 1709 est
1397 1681 1536 1720 episcopus
1558 1682 1681 1711 Arianus,

116 1727 248 1766 Deinceps
260 1737 323 1756 vero
336 1726 427 1754 Ariani
439 1725 555 1765 episcopi
571 1724 660 1754 sedem
673 1732 816 1754 tenuerunt
830 1749 837 1760 ,
856 1725 1040 1754 Eustathianis
1056 1726 1162 1754 interim
1179 1737 1297 1755 seorsum
1312 1727 1436 1755 collectas
1453 1728 1593 1766 agentibus
1607 1753 1614 1763 ,
1634 1730 1682 1758 do-

115 1783 162 1801 nec
176 1772 267 1801 Ariani
282 1771 390 1800 tandem
404 1770 544 1800 Meletium
558 1793 565 1807 ‚
580 1781 659 1808 quem
674 1782 728 1799 suae
745 1778 821 1800 secta)
842 1772 973 1810 putabant
989 1782 1044 1800 esse
1055 1794 1062 1808 ‚
1080 1772 1237 1811 episcopum
1257 1773 1463 1802 constituerunt.
1477 1776 1512 1802 At
1539 1775 1585 1802 ubi
1607 1786 1680 1804 coni-

116 1826 221 1858 pertum
238 1819 289 1847 fuit
309 1818 450 1847 Meletium
477 1824 503 1846 et
523 1817 695 1846 catholicum
715 1825 740 1846 et
762 1817 869 1846 Arianis
884 1818 1011 1846 infestum
1026 1829 1100 1855 esse,
1119 1819 1145 1847 in
1162 1819 1290 1847 exsilium
1305 1819 1382 1858 pulso
1405 1820 1514 1849 Meletio
1525 1844 1534 1856 ,
1550 1822 1682 1850 Euzoium

116 1864 246 1893 Arianum
259 1863 415 1903 episcopum
430 1863 633 1892 constituerunt.
643 1865 722 1892 Tunc
733 1870 784 1892 tres
795 1864 820 1892 in
832 1871 919 1903 partes
933 1864 1061 1893 distracta
1076 1865 1171 1894 civitas
1182 1865 1241 1894 suit.
1254 1865 1344 1894 Prima
1359 1873 1415 1894 crat
1430 1866 1681 1903 Eustathiauor1nn‚

115 1911 232 1940 secunda
250 1911 457 1940 Meletianorum
470 1933 477 1947 ‚
493 1911 570 1939 tertia
596 1911 766 1941 Arianorum.
793 1912 862 1940 Cum
877 1919 966 1940 autem
987 1920 1045 1952 post
1066 1913 1123 1941 haec
1138 1913 1247 1941 Lucifer
1270 1913 1438 1941 Calai-uanus
1451 1937 1458 1949 ‚
1475 1915 1682 1943 reclamantibus

115 1958 177 1987 licet
194 1958 339 1986 Athanasio
362 1957 475 1996 aliisque
490 1958 622 1997 episcopis
636 1981 645 1995 7
662 1959 807 1988 Paulinum
831 1960 1037 1988 Eustathianum
1054 1960 1209 2000 episcopum
1232 1960 1402 1994 ordinasset,
1429 1968 1480 1989 tres
1503 1961 1583 1989 simul
1609 1963 1682 1991 suere

115 2005 232 2043 episcopi
250 2004 408 2033 antiocheni
422 2027 429 2041 ,
444 2005 570 2033 Meterius
583 2028 590 2042 ,
604 2006 745 2042 Paulinus,
761 2013 785 2034 et
799 2006 924 2035 Euzoius.
942 2008 1064 2045 Cumque
1079 2014 1168 2046 postea
1184 2006 1372 2035 deficientibus
1387 2008 1547 2036 Arianorum
1560 2010 1680 2048 partibus

117 2051 206 2080 nullus
232 2051 346 2079 Arianos
367 2050 507 2089 episcopus
521 2058 608 2085 esset,
624 2052 748 2080 Melctius
771 2059 795 2080 ct
817 2052 946 2080 Paulinus
967 2053 1084 2092 episcopi
1111 2063 1230 2080 mansere
1244 2075 1251 2089 ,
1270 2062 1300 2080 ac
1318 2060 1501 2091 perseverante
1517 2054 1676 2091 schismate,

116 2099 201 2127 ambae
211 2105 299 2138 partes
313 2108 340 2126 se
351 2097 434 2134 rixis,
447 2097 567 2126 dicteriis
583 2105 608 2126 et
624 2099 793 2127 contumeliis
805 2100 965 2128 lacerabant.
983 2101 1044 2128 Haec
1057 2100 1131 2129 haud
1143 2100 1225 2128 dubie
1239 2100 1362 2138 deplorat
1377 2100 1583 2139 Chrysostomus
1593 2125 1599 2136 ,
1611 2102 1680 2131 hanc

116 2156 163 2173 ceu
179 2145 357 2173 calamitatem
382 2144 502 2172 omnium
518 2144 680 2180 maximam,
695 2145 762 2173 susis
780 2146 860 2173 ctiam
875 2146 1004 2185 lacrymis
1021 2146 1209 2185 prosequitur,
1226 2152 1327 2173 tantam
1345 2145 1391 2174 ifle
1407 2146 1543 2175 miseriam
1563 2148 1679 2186 perhor-

116 2193 195 2222 rescit
209 2199 238 2221 ut
250 2198 418 2231 praesentem.
435 2191 515 2226 Quod
531 2199 601 2220 certe
613 2192 717 2221 nonnisi
731 2192 766 2220 de
778 2193 941 2221 Antiochena
957 2193 1075 2221 Ecclesia
1088 2193 1203 2231 intelligi
1221 2199 1316 2232 potest.

156 2240 239 2268 Aliud
252 2240 333 2268 etiam
344 2250 390 2267 nec
405 2239 462 2268 leve
477 2239 607 2267 indicium
625 2247 680 2277 est,
698 2250 751 2278 quo
772 2241 902 2279 probetur
917 2240 1064 2268 Antiochiae
1086 2240 1190 2269 habitas
1207 2240 1331 2269 homitias
1350 2240 1448 2277 suisse3
1465 2241 1539 2278 quod
1556 2241 1679 2271 videlicet

117 2287 260 2316 monachos
276 2288 303 2315 in
315 2286 450 2315 montibus
464 2297 586 2326 asperam
601 2294 771 2326 sanctamque
783 2287 867 2316 vitam
881 2295 988 2326 agentes
1003 2288 1101 2327 passim
1116 2287 1207 2316 laudet
1218 2300 1225 2325 ;
1238 2287 1311 2326 quod
1325 2288 1352 2316 in
1375 2288 1679 2327 Constantiuopolitauis

118 2334 236 2363 homiliis
250 2334 297 2363 vix
311 2333 512 2372 dcpreliendas3
528 2335 581 2362 imo
603 2345 666 2363 vero
686 2335 829 2363 monachos
846 2335 1075 2374 Constantinopoli
1102 2335 1204 2364 vicinos
1225 2346 1294 2374 sirpe
1315 2335 1485 2374 graviterque
1508 2336 1675 2371 insectatur,

119 2388 208 2420 utpote
221 2381 267 2419 qni
283 2392 297 2409 a
311 2381 397 2420 prisco
414 2381 475 2409 vitre
491 2382 612 2409 instituto
626 2393 677 2410 non
690 2393 786 2421 parum
801 2383 991 2417 ‹lessexissent;
1010 2383 1036 2411 in
1058 2383 1155 2411 vicinis
1169 2390 1258 2411 autem
1274 2383 1505 2422 Constantinopoli
1521 2384 1656 2412 montibus
1670 2406 1677 2417 ‚

117 2428 138 2456 si
157 2428 221 2455 bene
236 2428 342 2455 memini
359 2451 365 2463 ‚
381 2428 525 2456 monachos
537 2439 592 2456 csse
603 2439 734 2466 nusquam
749 2429 826 2457 dicit.
843 2429 891 2457 llic
907 2440 970 2457 vero
985 2429 1084 2468 passim
1100 2429 1159 2458 illos
1170 2429 1297 2458 encomiis
1309 2429 1443 2465 celebrat,
1461 2436 1484 2457 et
1501 2430 1616 2457 llomilia
1633 2431 1677 2457 vi-

118 2474 217 2511 gesima
235 2475 319 2513 prima
334 2475 474 2503 Julianum
489 2475 633 2513 quemdam
647 2477 855 2504 admirmulmn
880 2483 1008 2505 memorat
1030 2477 1190 2504 monachum
1204 2499 1211 2510 ,
1231 2476 1276 2513 qui
1293 2487 1353 2504 cuni
1371 2476 1395 2503 in
1419 2476 1540 2505 civitates
1556 2476 1678 2513 ingrede-

118 2527 190 2548 retur
203 2543 209 2552 ,
226 2520 251 2548 iul
265 2521 334 2558 quod
347 2532 482 2559 perr-'trum
498 2528 550 2549 crat
566 2544 572 2555 ,
589 2521 654 2549 iniro
667 2523 786 2550 omniurn
804 2533 932 2551 concursu
950 2530 973 2550 et
992 2523 1084 2561 populi
1099 2522 1244 2560 frequentia
1256 2522 1453 2561 excipiebatur.
