1893 2860
214 157 236 190 6
247 171 252 190 ι
264 158 284 191 8
553 165 581 187 s.
610 164 750 187 Joixivms
777 163 958 185 cimrsosr.

989 162 1130 185 AttentEl‘
1137 177 1144 186 .
1172 164 1438 189 CONSTANTINOP-

215 230 295 258 rebus
319 228 413 258 vestris
436 236 528 255 sumus
549 225 667 253 solliciti.
683 225 785 261 Rogatc
806 222 953 261 unusquis-
965 221 1000 263 Ψ·
1009 222 1038 250 τὸ
1050 223 1194 260 γινόμενον,
1203 225 1233 253 τὸ
1244 225 1271 253 δὲ
1283 230 1334 254 πᾶν
1346 226 1410 265 ὑπὲρ
1423 228 1496 264 ὑμῶν
1507 227 1621 266 γίνεται·
1633 228 1669 259 εἷς
1679 226 1729 265 γὰρ
1740 226 1770 254 τὸ

215 286 265 314 quc
286 282 311 303 ct
334 272 461 312 privatim
473 278 498 299 et
512 270 628 309 publice.
644 269 715 299 vide
730 269 844 297 Paulum
863 268 954 297 dicen-

64 328 85 342 2·
101 320 152 342 Cor.
169 327 188 342 ¹·
216 327 280 353 tem,
300 320 336 347 Ut
349 328 398 356 pro
413 318 490 344 dono
504 317 584 344 nohis
599 316 666 344 dato
676 325 728 353 per
739 315 846 343 multos
861 324 952 353 agan-

69 357 77 372 ¹
86 358 105 372 ι’
217 373 264 394 tur
275 366 376 403 gratim
384 373 436 401 pro
447 364 528 390 nobis
543 373 550 388 :
565 361 616 389 hoc
627 368 676 397 est,
690 368 720 389 ut
732 361 824 389 multis
835 360 879 388 det
891 370 953 398 gra—

215 411 289 439 tiam⁴
306 410 335 438 Si
350 407 422 447 apud
437 407 569 444 homines,
586 417 645 435 reos
659 406 848 435 condemnatos
867 412 892 434 et
906 404 953 442 qui

215 455 251 484 ad
262 461 374 483 mortem
384 452 568 489 abducuntur,
584 451 711 481 accedens
727 451 843 490 populus
859 457 953 490 postu-

215 500 294 537 lavit,
308 507 333 528 et
350 497 552 527 multitudinem
567 497 711 536 respiciens
724 504 749 525 et
765 507 889 525 reverens
899 497 953 524 Im-

216 553 332 585 perator,
348 544 505 573 scntentiam
520 543 675 573 revocavit:
690 543 775 571 multo
790 542 899 581 magisa
909 553 955 571 vo-

215 591 259 619 bis
270 592 341 619 Deus
351 591 480 624 flectetur,
493 599 544 617 non
558 599 572 616 a
583 588 766 625 multitudine,
781 588 827 616 sed
838 599 853 617 a
867 588 953 617 virtu-

217 644 250 666 te.
267 639 362 665 Acrem
376 637 446 665 enim
459 642 484 664 et
500 634 682 663 vehementem
697 634 824 663 habemus
840 634 952 662 hostem.

217 683 413 721 Unusquisque
426 682 497 710 enim
513 688 632 709 vestrum
651 691 691 709 res
706 691 766 709 suas
780 687 865 715 curat,
885 679 954 708 etde

217 729 256 758 eis
266 736 305 757 est
316 728 446 757 sollicitus
460 739 466 754 ε
483 737 530 755 nos
543 733 632 755 autem
646 726 726 754 simul
741 726 861 754 omnium
875 738 881 753 :
902 732 955 753 sta-

220 785 279 803 mus
299 774 325 803 in
336 785 367 803 ea
382 780 456 813 parte
470 773 534 801 belli
546 783 604 810 quae
619 772 721 800 laborat
734 783 741 808 ς
765 771 894 800 adversus
908 781 955 799 nos

220 820 346 849 diabolus
360 825 479 848 armatur
493 817 685 847 vehementius.
698 818 728 845 In
739 817 817 845 bellis
829 817 899 845 enim
912 827 957 845 an-

221 872 246 894 te
265 865 331 894 alios
347 874 437 893 omnes
450 863 515 892 belli
526 862 622 891 ducem
637 869 753 891 sternere
770 869 882 890 conatur
905 861 957 890 ad-

221 911 362 939 versarius.
380 911 521 948 Propterea
536 908 600 936 illuc
617 918 708 936 omnes
722 914 834 936 currunt
845 908 957 946 conjun-

221 955 271 983 ctis
285 954 386 993 clypeis
398 965 404 981 ι
418 960 556 992 propterea
570 963 684 991 magnus
697 959 735 981 est
747 953 878 981 tumultus
891 964 958 982 uno-

221 1010 326 1039 quoque
342 1006 452 1028 conante
466 1009 526 1027 eum
537 998 571 1026 de
585 998 674 1026 medio
686 998 792 1033 tollere,
815 1005 840 1026 et
857 998 959 1037 clypeis

221 1046 299 1074 illum
312 1045 507 1083 circumtegunt
529 1054 559 1071 ac
574 1043 707 1079 muniunt,
730 1043 804 1071 illius
818 1050 898 1082 caput
913 1054 959 1072 vo-

221 1091 302 1120 lentes
317 1100 482 1119 conservare.
500 1088 597 1117 Audite
609 1088 676 1126 quid
691 1088 792 1117 Davidi
805 1088 876 1117 dicat
888 1096 958 1117 totus

223 1136 358 1175 populus(
370 1146 421 1164 non
437 1134 537 1164 Das-idi
552 1135 685 1173 meipsum
700 1134 836 1162 conferens
846 1134 904 1163 haec
919 1135 959 1163 di-

71 1230 159 1274 Ξῗίεῗιῖ
169 1222 213 1273 {¹522
224 1227 361 1256 ostendere
376 1227 466 1256 volens
482 1225 715 1262 benevolentiam)
734 1238 740 1253 :
764 1227 809 1255 Ne
824 1227 960 1265 egredia-

71 1286 150 1305 dueem
161 1291 199 1304 seu
224 1277 274 1310 ris,
292 1274 389 1312 inquit,
404 1274 443 1302 ad
454 1273 561 1301 bellum
575 1274 736 1309 nobiscum,
750 1283 786 1300 ne
797 1275 961 1311 exstingua-

72 1316 167 1365 Ep‘igco-
225 1327 273 1349 tur
296 1321 416 1349 lucerna
439 1319 543 1347 Israel.
566 1318 640 1348 Vide
662 1324 792 1356 quantum
816 1318 961 1357 parcebant

71 1353 165 1403 ξυιῑᾷς.
175 1366 289 1397 21.seni.
305 1365 410 1395 Vestris
426 1364 551 1404 precibus
565 1364 644 1393 valde
658 1374 722 1403 egeo
737 1376 743 1391 :
760 1374 837 1394 nemo
857 1374 910 1401 me,
932 1370 962 1392 ut

78 1413 111 1436 ¹7·
224 1412 296 1446 dixi,
313 1422 347 1440 ex
366 1410 509 1438 immodica
523 1408 677 1437 humilitate
698 1409 748 1438 hac
762 1409 850 1448 privet
865 1419 916 1447 ope
937 1416 961 1438 et

223 1457 336 1485 auxilio.
351 1456 380 1485 Si
393 1466 434 1484 res
447 1461 543 1483 nostrae
557 1454 667 1482 floreant
678 1461 703 1482 et
715 1454 767 1482 sint
780 1454 806 1482 in
821 1454 890 1482 bona
903 1455 961 1482 cxi-

225 1502 387 1539 sufflatione,
412 1507 507 1530 vestrae
523 1510 627 1537 quoque
647 1506 724 1527 crunt
741 1499 934 1538 splendidiores
954 1511 959 1527 :

224 1548 246 1575 si
258 1547 335 1575 nobis
347 1556 470 1585 prospere
483 1545 547 1573 fluat
557 1544 692 1581 doctrina,
705 1543 798 1573 advos
810 1544 962 1573 transibunt

75 1608 159 1630 Ezech.
176 1607 214 1637 34,
225 1592 336 1620 divitiae.
350 1591 419 1619 Audi
435 1590 592 1629 prophetam
606 1589 749 1624 dicentem,
766 1591 845 1618 lt‘um
855 1591 962 1628 seipsos

77 1647 98 1661 2-
224 1644 347 1677 pascunt
360 1643 491 1676 pastores
502 1639 514 1663 P
528 1635 613 1665 Vides
629 1636 744 1663 Paulum
755 1635 803 1663 has
815 1646 904 1674 preces
917 1646 962 1674 po-

76 1700 127 1719 Act.
143 1703 178 1719 ,2,
191 1697 215 1720 5,
226 1690 340 1712 scentein
355 1681 484 1710 assidue?
498 1681 575 1709 audis
597 1681 669 1719 quod
685 1681 780 1709 Petrus
802 1681 840 1709 sic
857 1688 964 1720 ereptus

226 1729 260 1758 sit
270 1740 285 1757 e
299 1739 412 1764 carcere,
430 1727 557 1765 quoniam
571 1727 677 1755 assidue
697 1737 745 1765 pro
763 1737 794 1755 eo
810 1727 890 1756 fiebat
904 1738 964 1756 ora-

227 1774 287 1803 tio?
304 1774 386 1801 Plane
401 1772 479 1801 credo
494 1772 615 1799 futurum
632 1778 662 1800 ut
676 1778 770 1800 vestrm
784 1782 873 1810 preces
893 1772 963 1800 mul-

74 1836 203 1864 Ctirysosio-
228 1826 284 1848 tum
296 1819 406 1858 possint,
418 1828 475 1856 quae
487 1828 549 1845 cum
560 1823 633 1845 tanto
644 1827 771 1845 consensu
783 1817 860 1845 fiunt.
873 1818 965 1852 Quan-

77 1868 106 1886 ’πὶ
127 1867 218 1887 humili·
228 1872 286 1893 tum
294 1863 454 1893 existimatis
466 1870 583 1891 nostram
593 1873 754 1902 exsuperare
764 1862 909 1898 vilitatem,
918 1873 966 1903 pro

78 1902 117 1917 ‘³⁵'
228 1917 300 1940 tanto
315 1909 415 1949 populo
433 1908 467 1936 ad
482 1909 569 1936 Deum
585 1908 708 1936 accedere
727 1915 753 1936 et
765 1918 859 1946 rogare
871 1909 884 1937 ἱ)
897 1910 966 1938 Nam

227 1956 284 1995 ipse
295 1962 395 1984 tantam
407 1965 458 1983 non
474 1954 560 1982 haheo
575 1953 714 1992 fiduciam,
734 1960 763 1982 ut
783 1964 833 1993 pro
848 1965 890 1983 me
903 1965 965 1993 pre-

227 2012 271 2031 cer
288 2013 294 2028 :
310 2001 396 2029 multo
415 2000 505 2028 minus
527 2006 556 2028 ut
577 2010 627 2039 pro
641 2000 710 2028 aliis.
728 1999 776 2028 Est
790 2000 861 2029 enim
875 2011 967 2029 eorum

227 2048 273 2086 qui
292 2054 354 2075 sunt
374 2046 437 2075 vitae
452 2045 541 2085 probae
566 2052 591 2073 et
610 2045 687 2073 bonae
702 2045 919 2083 existimationis,
942 2053 968 2074 et

227 2094 315 2121 Deum
330 2102 426 2130 rogare
437 2098 466 2119 ut
487 2091 521 2119 sit
541 2091 603 2119 aliis
617 2091 749 2129 benignus
770 2102 800 2120 ac
815 2091 966 2131 propitius;

228 2145 266 2167 est
278 2148 370 2167 eorum
382 2137 429 2175 qui
442 2136 531 2176 ipsum
543 2136 596 2165 sibi
607 2135 780 2165 reddiderunt
791 2136 951 2166 benevolum
962 2148 968 2164 ι

229 2184 276 2222 qui
291 2190 379 2211 autem
394 2183 449 2222 ipse
465 2193 571 2220 quoque
593 2182 716 2217 offendit,
734 2182 868 2220 quomodo
888 2193 969 2221 roga-

230 2230 270 2257 bit
290 2240 338 2268 pro
359 2228 436 2257 alio?
451 2227 504 2256 Sed
519 2234 607 2256 tamen
632 2228 760 2266 quoniam
778 2228 895 2266 paternis
922 2239 970 2257 vos

230 2275 393 2313 complector
416 2274 566 2302 visceribus
579 2295 587 2310 ,
618 2273 746 2311 quoniam
773 2274 860 2301 omnia
891 2273 972 2302 audet

232 2321 340 2356 caritas,
364 2331 415 2349 non
430 2321 518 2348 solum
541 2321 568 2348 in
583 2320 703 2357 ecclesia,
718 2319 764 2348 sed
785 2326 810 2348 et
823 2319 896 2349 domi
912 2327 972 2350 ante

232 2365 285 2394 alia
308 2365 390 2394 fundo
414 2376 505 2404 preces
526 2376 573 2404 pro
595 2372 682 2394 vestra
696 2365 807 2394 sanitate
829 2366 924 2394 animae
947 2372 972 2394 et

232 2411 359 2449 corporis.
374 2411 462 2439 Nullae
476 2411 545 2439 enim
565 2411 624 2439 aliae
647 2421 736 2450 preces
748 2411 878 2440 sacerdoti
899 2422 973 2450 aeque

234 2457 405 2493 conveniunt,
423 2464 502 2495 atque
523 2468 572 2496 pro
589 2457 667 2486 bonis
681 2457 777 2497 populi
792 2459 879 2486 Deum
903 2458 976 2486 adire

233 2510 258 2531 ct
274 2503 346 2541 apud
367 2513 427 2530 eum
441 2503 608 2531 intercedere.
622 2504 691 2532 Nam
705 2503 724 2531 si
741 2504 792 2533 Job
807 2504 898 2533 statim
910 2515 969 2532 sur-

975 249 994 270 A

1008 269 1069 304 ὑμῖν
1087 268 1217 306 χρήσιμον
1232 269 1340 307 κείμεθα
1349 293 1356 306 ,
1370 272 1415 299 καὶ
1427 272 1459 300 τὰ
1468 272 1582 311 ὑμέτερα
1593 274 1770 312 μεριμνῶμεν.

1008 313 1193 352 Παρακαλεῖτε
1205 313 1313 346 ἕκαστος
1323 315 1367 343 καὶ
1378 316 1430 353 ἰδίᾳ
1437 318 1481 345 καὶ
1489 320 1572 356 κοινῇ.
1585 318 1658 356 ’Όρα
1665 318 1771 345 Παῦλον

1008 358 1126 396 λέγοντα,
1141 358 1200 387 Ἵνα
1214 359 1243 387 τὸ
1254 360 1290 391 εἷς
1300 362 1369 396 ἡμᾶς
1383 361 1503 400 χάρισμα
1514 364 1556 391 διὰ
1571 365 1675 392 πολλῶν
1689 364 1771 400 εὐχα-

1011 406 1119 442 ριστηθῇ
1134 404 1199 442 ὑπὲρ
1216 406 1307 441 ἦμῶν-
1329 405 1476 441 τουτέστιν,
1495 407 1537 436 ἵνα
1551 409 1656 440 πολλοῖς
1671 409 1707 446 δῷ
1724 406 1771 441 τὴν

1007 448 1095 488 χάριν.
1117 450 1150 477 Εἰ
1163 449 1206 478 ἐπὶ
1216 449 1360 489 ἀνθρώπων
1371 451 1525 485 καταδίκους
1537 454 1631 492 ἄνδρας
1641 454 1686 482 καὶ
1696 455 1770 481 ἀπα-

1007 494 1131 532 γομένους
1152 497 1188 527 εἷς
1212 496 1322 524 Θάνατον
1345 497 1427 534 δῆμος
1452 499 1601 537 προσελθὼν
1615 499 1771 538 ἐξῃτήσατο,

1008 540 1052 569 καὶ
1073 542 1102 570 τὸ
1125 542 1224 576 πλῆθος
1249 542 1411 577 &uenerint-:tq
1429 545 1443 571 ὁ
1459 544 1580 581 βασιλεὺς
1598 545 1645 580 τὴν
1660 545 1768 583 γνώμην

1008 586 1126 616 ἀνέθετο·
1141 588 1231 626 πολλῷ
1247 589 1346 625 μᾶλλον
1368 588 1412 616 καὶ
1431 591 1472 628 ὑφ’
1486 591 1558 627 ὑμῶν
1573 591 1586 618 ὁ
1600 590 1666 623 Θεὸς
1683 591 1771 618 δυσω-

1008 632 1165 667 πηῡήσεται,
1181 634 1209 661 οὐ
1224 635 1261 671 τῷ
1279 633 1388 669 πλήθει,
1404 634 1472 662 ἀλλὰ
1485 636 1518 672 τῇ
1534 637 1626 674 ἀρετῇ.
1652 636 1770 674 Σφοδρὸν

974 687 991 710 Β
1009 677 1059 716 γὰρ
1089 681 1166 715 ἡμεῖς
1194 678 1237 706 τὸν
1261 678 1387 716 πολέμιον
1408 679 1514 719 ἔχομεν.
1539 680 1630 718 Ἱ“μῶν
1654 680 1700 719 μὲν
1720 680 1772 720 γὰρ

1009 723 1118 756 ἕκαστος
1138 723 1171 752 τὰ
1194 725 1286 753 ἑαυτοῦ
1301 730 1416 764 μεριμνᾷ
1429 725 1473 754 καὶ
1494 726 1641 765 φροντίζει,
1656 729 1732 764 ἡμεῖς
1746 726 1773 756 δὲ

1009 768 1042 797 τὰ
1060 768 1165 797 πάντων
1187 771 1251 807 ὁμοῦ
1261 781 1266 786 ·
1289 771 1325 803 εἷς
1338 771 1368 799 τὸ
1382 770 1459 810 μέρος
1478 772 1626 811 ἑστήκαμεν
1637 776 1683 802 τοῦ
1697 772 1775 802 πολέ-

1012 825 1060 851 μου
1078 814 1107 842 τὸ
1119 817 1221 843 πονοῦν.
1256 816 1433 855 Σφοδρότερον
1454 819 1512 846 καθ’
1529 819 1605 856 ἡμῶν
1619 820 1633 846 ὁ
1655 818 1774 850 διάὸολος

1010 859 1151 893 ὁπλίζεται.
1175 861 1227 889 Καὶ
1241 860 1292 899 γὰρ
1307 863 1333 890 ἐν
1346 866 1398 894 τοῖς
1417 862 1541 901 πολέμοις
1557 863 1607 902 πρὸ
1622 866 1673 892 τῶν
1687 865 1773 892 ἄλλων

1012 905 1135 934 ἁπάντων
1155 905 1198 934 τὸν
1223 907 1370 945 στρατηγὸν
1393 908 1552 937 καταὸαλεῖν
1572 912 1586 938 ὁ
1605 910 1638 938 δι’
1657 909 1775 942 ἐναντίας

1011 953 1147 990 ἐπιχειρεῖ.
1163 951 1214 980 Διὰ
1229 955 1305 980 τοῦτο
1317 955 1370 981 ἐκεῖ
1382 953 1477 986 πάντες
1489 956 1512 983 οἱ
1528 955 1703 984 συνασπισταὶ
1713 956 1775 994 τρέ-

1012 1009 1100 1036 χουσι·
1119 997 1160 1026 διὰ
1175 1000 1250 1026 τοῦτο
1265 998 1345 1030 πολὺς
1360 1001 1372 1026 ὁ
1388 999 1503 1038 Οόρυὸος,
1515 1000 1606 1033 ἐξελεῖν
1622 1001 1698 1029 αὐτὸν
1712 1001 1774 1030 ἑκά-

1012 1055 1072 1072 στου
1093 1044 1300 1082 ἐπιχειροῦντος,
1320 1043 1365 1072 καὶ
1386 1048 1443 1077 ταῖς
1464 1045 1557 1074 ἀσπίσι
1571 1046 1775 1085 περιφράττουσι

1011 1089 1148 1125 πάντοθεν,
1167 1089 1215 1123 τὴν
1228 1089 1325 1118 ἐκείνου
1343 1090 1495 1128 βουλόμενοι
1507 1092 1636 1120 διασῶσαι
1647 1093 1774 1130 κεφαλήν.

979 1141 996 1165 G
1012 1134 1153 1163 Ἀκούσατε
1167 1134 1193 1163 τί
1209 1147 1273 1173 φησι
1287 1135 1352 1175 πρὸς
1365 1137 1407 1165 τὸν
1421 1137 1504 1165 Δαυὶδ
1521 1137 1590 1170 ἅπας
1609 1140 1623 1166 ὁ
1638 1139 1719 1176 δῆμος
1735 1140 1774 1174 (οὗ

69 1192 199 1221 Chrysosio-
224 1192 272 1219 co;
289 1192 341 1210 non
362 1181 399 1210 ita
414 1181 533 1217 insani03
557 1179 603 1208 sed
617 1180 713 1219 populi
733 1190 794 1218 erga
811 1180 961 1219 principem
990 1179 994 1183 ’

1011 1183 1049 1220 τῷ
1061 1180 1142 1209 Δαυὶδ
1160 1181 1250 1209 ἑαυτὸν
1267 1182 1444 1221 παραὸάλλων
1459 1186 1542 1212 ταῦτα
1554 1183 1632 1222 λε’γω,
1647 1185 1697 1223 οὐχ
1708 1185 1775 1213 οὕτω

1015 1226 1131 1264 μέμηνα,
1146 1226 1213 1255 ἀλλὰ
1224 1226 1307 1264 δήμου
1321 1227 1504 1267 φιλοστοργίαν
1516 1229 1580 1268 πρὸς
1593 1229 1709 1269 ἄρχοντα
1721 1231 1776 1259 δεῖ-

1016 1272 1056 1305 ξαι
1069 1272 1248 1311 βουλόμενος>·
1265 1272 1310 1308 Μὴ
1323 1273 1436 1312 ἐξέλθῃς,
1453 1275 1541 1313 φησὶν,
1557 1277 1593 1308 εἷς
1606 1275 1649 1304 τὸν
1662 1275 1777 1314 πόλεμον

1015 1319 1074 1356 μεθ’
1099 1321 1185 1357 ἡμῶν,
1209 1318 1251 1347 ἵνα
1274 1318 1311 1357 μὴ
1331 1320 1428 1358 cesae&
1453 1323 1465 1349 ὁ
1487 1320 1579 1359 λύχνος
1596 1324 1641 1350 τοῦ
1659 1321 1777 1361 Ἰσραήλ.

1014 1364 1087 1403 ’Όρα
1101 1365 1126 1392 ἒν
1139 1364 1207 1402 πόσῃ
1221 1365 1303 1403 φειδοῖ
1315 1365 1359 1393 τὸν
1374 1365 1482 1404 γέροντα
1493 1361 1573 1404 εἶχον.
1597 1367 1704 1406 Σφόδρα
1718 1367 1776 1396 δέο-

1016 1421 1064 1447 μαι
1086 1411 1137 1438 τῶν
1157 1410 1290 1449 ὑμετέρων
1304 1411 1385 1449 εὐχῶν
1397 1422 1403 1428 ·
1419 1410 1509 1448 μηδείς
1524 1423 1569 1448 με,
1585 1411 1648 1450 ὅπερ
1660 1412 1734 1451 ἔφην,
1750 1412 1777 1446 ἐξ

1015 1455 1129 1494 ἀμέτρου
1155 1455 1394 1495 ταπεινοφροσύνης
1417 1457 1578 1495 ἀφαιρείσθω
1606 1457 1703 1493 ταύτην
1728 1458 1776 1494 τὴν

1015 1500 1169 1539 συμμαχίαν
1186 1500 1230 1529 καὶ
1246 1500 1292 1536 τὴν
1309 1501 1439 1539 βοήθειαν.
1462 1501 1508 1530 Ἂν
1523 1502 1556 1531 τὰ
1572 1502 1688 1542 ἡμέτερα
1704 1505 1777 1533 εὗδο-

1015 1548 1092 1585 κιμῇ,
1106 1546 1150 1574 καὶ
1164 1546 1197 1575 τὰ
1209 1546 1321 1585 ὑμέτερα
1332 1547 1504 1586 λαμπρότερα
1514 1548 1588 1577 ἔσται
1597 1560 1603 1566 ·
1628 1548 1658 1577 ἂν
1670 1550 1778 1589 ἕπιῤῥέῃ

981 1600 1000 1622 1)
1016 1592 1049 1620 τὰ
1063 1595 1110 1627 τῆς
1128 1592 1298 1624 διδασκαλίας
1312 1594 1386 1630 ἡμῖν,
1401 1594 1438 1625 εἷς
1451 1595 1518 1630 ὑμᾶς
1528 1596 1542 1622 ὁ
1556 1595 1665 1627 πλοῦτος
1685 1594 1781 1630 διαδή-

1017 1648 1100 1665 σεται.
1123 1636 1214 1666 Ἄκουε
1237 1640 1282 1665 τοῦ
1307 1638 1440 1677 προφήτου
1460 1639 1597 1677 λέγοντος,
1612 1639 1658 1674 Μὴ
1677 1639 1781 1674 ἑαυτοὺς

1017 1682 1199 1719 ποιμαίνουσιν
1215 1683 1238 1711 οἱ
1258 1683 1398 1720 ποιμένες;
1419 1683 1501 1724 (Ορᾷς
1514 1685 1557 1713 τὸν
1570 1686 1676 1714 Παῦλον
1691 1687 1782 1721 ἐπιζη-

1018 1730 1113 1756 τοῦντα
1128 1729 1243 1767 συνεχῶς
1257 1728 1352 1761 ταύτας
1368 1729 1413 1762 τὰς
1433 1730 1522 1769 εὐχάς,
1547 1730 1647 1764 ἀκούεις
1667 1731 1708 1760 ὅτι
1729 1732 1782 1760 Πέ-

1019 1785 1078 1812 τρος
1097 1774 1177 1807 οὕτως
1197 1774 1331 1813 ἐξηρπάγη
1353 1778 1397 1804 τοῦ
1421 1776 1613 1815 δεσμωτηρίου,
1639 1777 1729 1812 ἐπειδὴ
1750 1772 1781 1812 ἧν

1020 1819 1084 1859 εὐχὴ
1099 1819 1203 1854 ἕκτενὴς
1214 1820 1280 1859 ὑπὲρ
1301 1822 1378 1849 αὐτοῦ
1392 1821 1529 1859 γινομένη;
1544 1821 1651 1861 Σφόδρα
1666 1823 1783 1852 πιστεύω

1020 1864 1059 1893 ὅτι
1079 1865 1164 1894 πολλὰ
1188 1865 1326 1900 δυνήσεται
1340 1868 1412 1904 ὑμῶν
1434 1869 1450 1901 ἡ
1473 1866 1553 1905 εὐχὴ,
1575 1867 1642 1905 μετὰ
1655 1868 1783 1903 τοσαύτης

1021 1910 1171 1950 συμφωνίας
1181 1911 1314 1949 γινομένη.
1336 1912 1423 1941 Πόσον
1435 1913 1552 1949 νομίζετε
1565 1915 1650 1951 μεῖζον
1661 1909 1726 1942 εἶναι
1737 1916 1783 1949 τ’ἧς

1020 1956 1150 1995 ἡμετέρας
1161 1956 1335 1995 σμικρότητος
1349 1957 1379 1985 τὸ
1393 1957 1458 1996 ὑπὲρ
1473 1958 1556 1996 δήμου
1569 1958 1692 1988 τοσούτου
1703 1971 1783 1999 προσ-

1023 2001 1088 2029 ιέναι
1106 2003 1144 2040 τῷ
1166 2004 1227 2040 Θεῷ
1249 2002 1293 2030 καὶ
1314 2004 1490 2042 παρακαλεῖν;
1508 2005 1541 2034 Εἰ
1560 2003 1610 2043 γὰρ
1626 2005 1702 2038 αὐτὸς
1718 2005 1784 2045 ὑπὲρ

1024 2049 1032 2058 (
1097 2050 1113 2057 Ν
1173 2049 1180 2059 5
1239 2047 1246 2057 Ῑ
1295 2048 1306 2057 st
1355 2050 1371 2057 ‘V
1450 2051 1457 2060 5
1495 2049 1506 2060 Y
1652 2052 1668 2059 Ν

986 2056 1004 2079 Ε
1022 2059 1112 2076 εαυτου
1127 2050 1277 2086 παρρησιαν
1293 2051 1415 2084 οεηθηναι
1432 2061 1478 2077 ουκ
1492 2062 1546 2088 εχω
1556 2072 1563 2086 ,
1581 2051 1671 2090 πολλῳ
1686 2053 1784 2089 μᾶλλον

1021 2092 1087 2132 ὑπὲρ
1111 2093 1215 2133 ἑτέρων.
1245 2095 1306 2122 Τῶν
1329 2094 1381 2133 γὰρ
1405 2095 1610 2133 εὐδοκιμούντων
1634 2097 1690 2125 ε’στὶ
1709 2100 1785 2126 τοῦτο

1022 2138 1067 2167 καὶ
1079 2139 1174 2177 ἑτέροις
1189 2139 1274 2172 ἀξιοῦν
1287 2139 1363 2168 ἵλεων
1378 2140 1498 2178 γενέσθαι
1511 2141 1554 2169 τὸν
1566 2142 1643 2178 Θεὸν,
1655 2144 1707 2171 τῶν
1722 2144 1786 2171 ἑαυ-

1023 2190 1076 2218 τοῖς
1093 2186 1188 2223 εὐμενῆ
1203 2185 1426 2220 καταστησάντων
1436 2197 1442 2203 ’
1458 2188 1471 2214 ὃ
1487 2186 1513 2215 δὲ
1528 2187 1573 2216 καὶ
1587 2188 1664 2221 αὐτὸς
1677 2200 1786 2229 προσκε-

1024 2230 1150 2269 κρουκὼς,
1167 2232 1223 2262 πῶς
1236 2230 1301 2270 ὑπὲρ
1313 2230 1391 2259 ἄλλου
1406 2231 1539 2267 δεήσεται;
1552 2232 1620 2261 Ἀλλ’
1633 2232 1705 2272 ὅμως
1719 2235 1788 2262 ἐπει-

1026 2276 1056 2311 δὴ
1071 2275 1232 2314 σπλάγχνοις
1246 2277 1313 2314 ὑμᾶς
1329 2276 1522 2314 περιπλέκομαι
1531 2282 1682 2318 πατρικοῖς,
1696 2279 1786 2314 ἐπειδὴ

1026 2324 1042 2356 ἡ
1056 2321 1146 2359 ἀγάπη
1160 2321 1247 2350 πάντα
1257 2322 1343 2360 τολμᾷ·
1354 2345 1361 2357 ,
1377 2323 1422 2351 οὐκ
1436 2322 1480 2350 ἐπὶ
1493 2324 1540 2357 τῆς
1551 2323 1692 2358 ἐκκλησίας
1701 2324 1789 2362 μόνον,

1027 2367 1093 2396 ἀλλὰ
1111 2368 1156 2396 καὶ
1178 2369 1236 2396 κατ’
1256 2363 1335 2402 οἷκον,
1350 2367 1402 2407 πρὸ
1417 2371 1469 2397 τῶν
1485 2368 1571 2397 ἄλλων
1586 2369 1707 2398 ἁπάντων
1723 2369 1789 2410 ὑπὲρ

1026 2415 1072 2447 τῆς
1087 2412 1215 2453 ὑμετέρας
1228 2413 1315 2451 ὑγείας
1329 2415 1376 2448 τ’ἧς
1387 2413 1454 2442 κατὰ
1466 2414 1563 2453 ψυχὴν,
1575 2417 1622 2450 τῆς
1631 2414 1700 2444 κατὰ
1711 2417 1789 2454 σῶμα

1029 2461 1156 2496 ποιοῦμαι
1169 2458 1217 2493 τὴν
1231 2457 1328 2493 δέησιν.
1354 2460 1394 2487 Οὐ
1408 2459 1459 2498 γάρ
1472 2461 1541 2488 ἐστιν
1552 2459 1633 2493 οὕτως
1647 2462 1709 2499 ἱερεῖ
1724 2460 1788 2500 πρέ-

1029 2515 1114 2533 πουσα
1130 2504 1193 2542 εὐχὴ
1210 2504 1302 2543 ἑτέρα,
1323 2505 1358 2536 ὡς
1374 2504 1404 2533 τὸ
1420 2504 1485 2544 ὑπὲρ
1500 2506 1551 2534 τῶν
1564 2508 1609 2534 τοῦ
1625 2507 1689 2535 λαοῦ
1702 2507 1788 2535 καλῶν
