1893 2860
92 242 166 262 Ean.
182 241 220 264 23.

93 278 129 293 20.

91 976 197 996 Humana—

91 1015 125 1026 res
138 1009 200 1034 quasi

90 1039 179 1058 <omnia¹

95 1519 234 1542 Emathi».

244 117 315 164 594
584 128 612 149 s.

244 190 323 218 habet
339 189 490 217 terminum.
514 189 615 216 Rursus
638 186 683 223 qui
706 184 871 213 delectantur
885 186 983 209 scorta-

246 235 376 267 tionibus,
391 244 438 261 nee
462 233 513 271 ipsi
536 231 650 270 gradum
673 230 769 259 sistunt
789 227 981 265 (scortatori,

246 281 340 318 inquit,
352 280 443 306 omnis
452 280 538 316 panis
553 284 593 306 est
605 277 698 305 dulcis
709 279 718 313 )
730 287 737 302 :
752 285 802 303 non
815 272 926 302 cessabit
939 270 983 299 do-

245 336 290 353 nec
303 324 381 352 suerit
393 324 554 357 devoratus;
570 330 607 351 est
627 322 697 350 enim
717 320 831 349 affectio.
847 317 901 347 Sed
922 323 982 345 sunt

243 372 298 399 liaec
319 370 428 408 quidem
449 369 640 407 aegrhudines,
655 378 706 396 non
722 374 810 395 tamen
825 363 983 393 immedica-

244 416 326 452 biles,
345 415 391 444 scd
405 426 464 453 qum
487 415 634 444 admittunt
659 413 840 445 curationem,
858 416 884 438 et
899 408 984 437 multo

244 463 328 501 magis
354 473 434 500 quam
457 461 607 500 corporales
625 472 631 487 ;
650 470 711 488 nam
735 459 757 487 si
785 457 915 494 velimus,
941 465 984 483 eas

245 518 383 546 possumus
402 507 579 545 exstinguere.
595 505 738 541 Quomodo
753 514 815 542 ergo
832 508 918 542 potest
937 511 984 529 ex-

243 553 342 591 >tingui
361 553 536 591 arrogantia?
554 552 582 581 Si
600 553 687 580 Deum
704 548 856 588 agnoveris.
870 547 898 577 Si
913 546 984 575 euim

243 599 288 627 illu
304 599 390 627 oritur
411 609 445 626 ex
469 609 498 627 eo
517 597 590 636 quod
605 599 678 626 Dens
693 606 744 625 non
760 600 932 633 cognoscatur
945 604 950 620 :
963 592 985 620 si

244 655 305 672 enm
319 644 522 683 cognoverimus
535 666 543 680 ,
561 643 706 682 expellitur
719 641 806 670 omnis
825 638 984 678 arrogantia.

244 690 343 718 Veniat
357 690 404 718 tibi
426 690 453 718 in
469 696 583 718 mentem
604 688 731 727 gehenna,
746 686 855 715 veniant
867 685 893 713 iu
906 694 985 712 men—

244 743 296 764 tem
313 736 359 774 qui
375 743 400 764 te
414 743 475 764 sunt
490 736 568 773 longe
582 734 712 770 meliores,
727 732 815 761 veniat
830 732 856 759 in
872 737 986 759 mentem

244 792 325 819 quam
344 781 491 809 multorum
512 780 561 808 tibi
582 786 644 807 sunt
665 778 771 807 luendae
788 775 986 816 poenaersihaec

245 827 411 865 cogitaveris,
433 826 485 855 cito
509 826 628 854 animum
653 823 829 859 contraxeris,
851 822 903 850 cito
926 832 986 850 eum

245 873 360 901 flexeris.
373 875 407 900 At
422 883 472 900 non
490 879 563 911 potes
577 872 634 899 liaec
649 871 733 899 facere
742 870 756 898 ἶ)
766 880 793 898 es
805 868 986 897 imbecillior?

246 919 340 956 Cogita
357 928 398 945 res
413 924 565 956 praesentes,
582 916 669 954 cogita
683 923 806 944 naturam
822 914 984 947 humanam,

246 971 270 992 et
285 963 356 1001 quod
378 963 445 991 nihil
460 962 493 990 sit
513 962 601 990 homo.
614 962 682 990 Cum
700 960 799 989 videris
812 960 839 988 in
852 959 910 988 soro
924 959 987 987 ferri

247 1016 379 1037 mortuum
390 1031 397 1045 ,
421 1008 489 1035 filios
517 1007 596 1036 orbos
620 1013 767 1044 sequentes,
791 1005 903 1034 viduam
929 1015 987 1042 quae

246 1055 362 1093 plangit,
385 1053 498 1082 famulos
521 1053 704 1087 lamentantes,
727 1051 827 1080 amicos
852 1051 939 1079 tristes
963 1057 988 1078 et

245 1107 393 1134 moerentes,
407 1106 500 1138 reputa
514 1109 596 1136 quam
613 1097 682 1126 nihil
702 1097 755 1126 sint
776 1108 816 1126 res
834 1103 988 1136 praesentes,

245 1154 269 1174 et
282 1145 353 1184 quod
369 1145 402 1173 ab
417 1145 512 1172 umbra
531 1151 556 1172 et
577 1143 689 1172 somniis
714 1142 784 1171 nihil
805 1142 941 1170 differant.
953 1142 987 1169 At

246 1192 294 1220 hoe
319 1201 370 1219 non
392 1190 455 1218 vis?
470 1189 586 1219 Veniant
608 1188 634 1216 in
658 1195 775 1216 mentem
797 1187 909 1223 divites,
922 1193 947 1215 et
968 1187 987 1214 ii

244 1237 290 1275 qui
302 1236 328 1264 iu
344 1235 423 1264 hellis
435 1242 532 1264 temere
544 1234 680 1274 perierunt
697 1246 702 1262 :
716 1232 854 1262 considera
866 1233 987 1261 virorum

245 1292 404 1320 magnorum
424 1288 448 1309 et
471 1280 616 1309 illustrium
641 1279 728 1316 aedes,
745 1289 805 1317 quae
828 1289 898 1307 nunc
926 1285 987 1307 sunt

243 1329 340 1356 dirutae
364 1334 388 1355 et
409 1327 465 1356 solo
487 1333 596 1364 :equatae
611 1338 617 1353 τ
633 1326 718 1364 cogita
735 1332 865 1363 quantum
889 1331 986 1364 potue—

247 1380 316 1409 runt,
334 1379 359 1401 ct
374 1383 444 1400 nunc
459 1382 551 1400 eorum
564 1382 595 1399 nc
609 1377 690 1399 restat
711 1370 821 1409 quidem
845 1370 984 1398 memoria.

246 1418 367 1457 Singulis
391 1418 462 1446 enim
485 1417 596 1451 diebus,
623 1417 645 1444 si
666 1416 727 1453 vis,
749 1415 866 1445 iuvenies
889 1415 987 1443 horum

247 1464 369 1503 exempla
383 1486 391 1497 ,
418 1462 552 1502 principes
577 1462 637 1489 aliis
661 1460 828 1489 succedentes
838 1482 846 1495 ,
870 1459 987 1488 divitum

248 1510 316 1538 bona
328 1508 473 1548 publicata.
484 1507 574 1536 Multi
585 1509 708 1543 tyranni
722 1507 857 1535 sederunt
871 1507 902 1533 in
913 1506 986 1543 solo,

249 1558 272 1584 is
287 1561 385 1583 autem
406 1564 489 1593 quem
516 1563 598 1580 nemo
622 1553 836 1590 suspicabatur,
851 1551 988 1579 diadema

247 1601 391 1639 gestabat.
410 1601 503 1626 Annon
518 1598 587 1625 fiunt
601 1596 658 1624 haec
672 1595 812 1634 quotidie?
828 1606 914 1624 nonne
928 1603 989 1624 sunt

249 1652 338 1674 nostra
353 1651 416 1673 rotae
432 1643 552 1672 similia?
566 1643 636 1680 Lege
645 1642 668 1670 si
682 1641 724 1670 vis
739 1648 765 1670 et
776 1648 864 1670 nostra
878 1648 903 1669 et
916 1649 986 1670 exte-

249 1703 278 1720 ra
290 1695 299 1727 (
311 1701 371 1719 nam
392 1690 439 1718 illa
454 1699 557 1728 quoque
572 1688 649 1727 plena
671 1695 733 1716 sunt
754 1687 797 1716 his
820 1688 987 1726 exemplis),

250 1737 272 1766 si
299 1744 387 1765 nostra
409 1733 523 1774 despicis
547 1745 582 1762 ex
604 1733 756 1772 arrogantia
778 1733 823 1761 :si
848 1733 990 1762 admiraris

251 1794 310 1821 quae
333 1789 395 1810 sunt
414 1779 649 1820 philosophorum,
664 1779 755 1807 saltem
769 1778 802 1806 ad
817 1789 860 1807 eos
875 1779 969 1807 accede
981 1789 989 1805 :

251 1829 291 1856 illi
307 1836 332 1856 te
347 1827 492 1863 docebunt,
508 1832 610 1854 veteres
625 1831 761 1852 narrantes
773 1824 952 1859 calamitates,
966 1831 990 1854 et
1000 1843 1036 1862 514

252 1882 347 1914 poetar,
363 1881 386 1902 et
401 1880 528 1906 oratores,
541 1879 568 1900 et
579 1871 716 1911 sophistae,
731 1878 756 1899 et
768 1881 859 1899 omnes
875 1871 992 1911 scripto-
1009 1871 1028 1893 Α

253 1931 303 1948 res.
319 1918 460 1956 Undique,
475 1918 497 1945 si
511 1917 600 1953 voles,
614 1916 732 1945 invenies
747 1916 880 1955 exempla.
893 1917 922 1945 Si
938 1928 991 1946 au-

253 1972 305 1993 tem
316 1965 412 1993 horum
427 1962 494 1991 nihil
512 1962 562 1997 vis,
576 1961 714 1990 considera
725 1968 844 1990 nostram
856 1968 989 1999 naturam,

254 2018 278 2039 et
303 2010 374 2038 unde
397 2015 494 2038 constet
506 2031 514 2045 ,
524 2015 548 2036 et
562 2007 696 2046 quomodo
719 2007 821 2036 desinat
835 2018 840 2034 :
854 2008 992 2038 considera

255 2056 349 2094 (planti
363 2055 398 2084 sis
411 2077 419 2092 ,
435 2053 542 2092 quando
558 2053 659 2082 dormis
673 2065 678 2080 :
693 2063 778 2081 nonne
792 2053 835 2082 vel
849 2064 931 2093 parva
946 2055 988 2083 be-

258 2103 306 2130 stia
330 2108 356 2130 te
376 2100 474 2140 poterit
498 2099 669 2127 interficere?
688 2098 784 2126 Multis
806 2099 876 2127 euim
899 2111 994 2140 saepee

258 2156 324 2177 tecto
336 2148 474 2186 delapsum
486 2156 599 2185 parvum
610 2145 801 2173 animalculum
808 2168 817 2180 ,
830 2146 871 2174 vel
887 2147 993 2177 oculum

258 2195 369 2232 ademit,
387 2200 431 2222 aut
447 2192 554 2220 alterius
569 2191 680 2231 periculi
694 2202 772 2219 causa
786 2191 845 2221 suit.
860 2193 935 2227 Quid
950 2204 994 2222 ve-

260 2241 308 2268 ro?
323 2250 410 2268 annon
429 2249 455 2267 es
470 2237 578 2265 iuscrior
591 2236 715 2265 omnibus
734 2236 846 2265 bestiis?
861 2238 915 2267 Sed
929 2239 994 2276 qnid

259 2285 348 2313 dicis?
364 2291 390 2312 te
414 2283 450 2311 eis
474 2289 598 2322 przestare
620 2282 789 2310 ratione?At
815 2293 874 2312 ecce
895 2294 946 2312 non
968 2294 994 2313 es

260 2333 360 2360 rulime
383 2331 511 2370 praeditus
524 2341 529 2356 :
544 2329 666 2368 egestatis
687 2329 756 2357 enim
779 2330 888 2359 rationis
915 2342 994 2370 argu-
1013 2340 1029 2362 n

261 2385 376 2405 mentum
401 2384 438 2404 est
467 2375 601 2415 superbia.
632 2374 685 2403 Sed
709 2375 742 2403 dc
768 2387 883 2414 quonam
904 2388 993 2416 quaeso

299 2494 302 2499 =
322 2484 355 2508 S'u
373 2482 579 2508 Mss,13dix·1w:.ro
594 2485 674 2513 ἥγε),
689 2482 759 2507 mule,

640 123 779 148 JOANMS
805 120 985 147 CHRYSOST.
1014 120 1170 143 ARCfflEP.
1199 120 1465 143 CONSTAN'HNOP.

1037 179 1088 218 γὰρ
1103 179 1236 217 θέλωμεν,
1252 181 1382 218 δυνάμεθα
1397 181 1462 210 αὐτὰ
1479 178 1581 208 σὸέσαι.
1596 178 1658 210 Πῶς
1669 172 1712 204 οὖν
1727 176 1796 204 ἐστιν

1038 224 1162 253 ἀπόνοιαν
1179 226 1285 262 σξέσαις
1298 228 1351 256 Τὸν
1366 227 1434 257 Θεὸν
1451 226 1599 265 ἐπιγνόντα.
1620 225 1654 253 Εἰ
1675 222 1726 262 γὰρ
1747 221 1800 250 ἀπὸ

1038 273 1083 298 τοῦ
1100 270 1136 308 μὴ
1153 270 1248 299 εἰδέναι
1259 272 1302 300 τὸν
1316 272 1384 302 Θεὸν
1396 273 1510 311 γίνεται,
1526 272 1570 301 ἐὰν
1590 272 1692 310 γνῶμεν
1708 266 1799 302 αὐτὸν,

1038 315 1215 345 ἀπελαύνεται
1228 321 1301 345 πᾶσα
1322 318 1440 346 ἀπόνοια.
1454 318 1594 353 Ἐννόησον
1610 316 1656 351 τὴν
1680 313 1801 353 γέενναν,

1039 361 1159 396 ἐννόησον
1179 361 1239 394 τοὺς
1260 363 1350 401 πολλῷ
1376 363 1491 401 βελτίους
1512 376 1571 399 σου,
1590 362 1708 397 ἐννόησον
1733 358 1801 386 ὅσων

1039 406 1149 444 ὀφείλεις
1161 409 1198 446 τῷ
1213 408 1275 446 Θεῷ
1296 407 1370 440 δίκας
1381 420 1387 426 ·
1402 407 1432 437 ἂν
1447 412 1530 438 ταῦτα
1544 408 1678 446 ἐννοήσῃς,
1698 403 1802 443 ταχέως

1040 451 1206 485 συνέστειλας
1227 453 1276 488 τὴν
1293 453 1423 490 διάνοιαν,
1443 454 1544 492 ταχέως
1567 453 1649 488 αὐτὴν
1670 451 1801 489 ἔκαμψας.

1040 497 1108 526 Ἀλλ’
1127 500 1155 527 οὐ
1181 499 1292 528 δύνασαι
1312 502 1395 528 ταῦτα
1416 502 1539 535 ποιῆσαι;
1560 498 1742 538 ἀσθενέστερος
1762 491 1800 532 Εἷὶ

1041 542 1180 578 Ἐννόησον
1195 543 1228 572 τὰ
1244 545 1371 583 παρόντα,
1384 544 1464 580 αὐτὴν
1476 545 1523 580 τὴν
1539 543 1702 583 ἀνθρωπίνην
1714 541 1802 582 φύσιν,

1040 590 1096 621 πῶς
1110 589 1182 618 οὐδὲν
1205 590 1348 629 ἄνθριιιπος.
1366 590 1452 619 εΌταν
1467 590 1525 629 ἴδῃς
1540 589 1629 628 νεκρὸν
1652 589 1693 617 ἐπ’
1708 590 1804 626 ἀγορᾶς

1041 634 1199 673 φερόμενον,
1219 637 1314 669 παῖδας
1335 635 1461 675 ὀρφανοὺς
1485 637 1704 670 ἀκολουθοῦντας,
1717 634 1803 672 χήραν

1041 685 1151 718 γυναῖκα
1163 682 1406 720 κατακοπτομένην,
1418 681 1519 715 οἰκέτας
1529 680 1707 720 ὀδυρομένους,
1717 679 1806 718 φίλους

1042 727 1237 764 κατηφιῶντας,
1261 727 1364 765 λόγισαι
1385 728 1414 756 τὸ
1439 727 1578 765 οὐδαμινὸν
1596 729 1648 755 τῶν
1669 724 1807 764 παρόντων

1042 772 1221 810 πραγμάτων,
1237 773 1281 801 καὶ
1297 774 1337 802 ὅτι
1352 779 1426 806 σκιᾶς
1442 774 1487 802 καὶ
1503 774 1641 813 ὀνειράτων
1660 771 1733 801 οὐδὲν
1755 771 1808 799 διε-

1043 817 1160 856 νήνοχεν.
1175 818 1244 847 Ἀλλ’
1256 820 1284 847 οὐ
1298 819 1384 858 βούλει
1400 824 1492 857 τοῦτος
1509 819 1649 855 Ἐννόησον
1665 817 1724 850 τοὺς
1737 816 1806 846 πάνυ

1043 865 1228 899 πλουτοῦντας,
1242 865 1299 897 τοὺς
1315 866 1340 893 ἐν
1353 866 1478 903 πολέμοις
1492 864 1688 903 ἀπολλυμένους
1702 864 1805 895 ἁπλῶς·

1043 909 1089 941 τὰς
1104 909 1187 942 οἰκίας
1201 911 1356 950 περισκόπει
1370 911 1415 944 τὰς
1431 914 1483 940 τῶν
1497 911 1617 950 μεγάλων
1634 910 1680 939 καὶ
1692 920 1807 948 περιφα-

1043 957 1106 991 νῶν,
1122 955 1167 984 καὶ
1190 959 1233 984 ν’ὔν
1257 957 1293 988 εἷς
1317 957 1410 995 ἔδαφος
1438 956 1640 995 κατενεχθείσας
1652 967 1658 973 ·
1686 954 1806 990 ἐννόησον

1043 1001 1112 1030 πόσα
1125 1001 1235 1041 ἴσχυσαν
1244 1024 1251 1037 ,
1265 1002 1310 1031 καὶ
1324 1006 1368 1031 νῦν
1388 1002 1444 1031 οὐδὲ
1462 1002 1555 1040 μνήμη
1571 1002 1654 1030 αὐτῶν
1669 1000 1807 1030 ὑπολέλει-

1043 1059 1116 1076 πται.
1133 1049 1198 1076 Καθ’
1214 1049 1328 1085 ἑκάστην
1342 1049 1392 1088 γὰρ
1405 1050 1521 1088 ἡμέραν,
1532 1049 1555 1077 εἷ
1568 1048 1668 1087 βούλει,
1680 1045 1809 1086 εὗρίσκεις

1043 1092 1140 1121 τούτων
1154 1095 1334 1133 ὑποδείγματα
1346 1107 1352 1113 ·
1369 1095 1492 1134 διαδοχὰς
1510 1093 1659 1133 ἀρχόντων,
1670 1091 1808 1130 δημεύσεις

1044 1139 1236 1168 πλουτούντων.
1248 1140 1348 1169 Πολλοὶ
1362 1140 1483 1180 τύραννοι
1498 1140 1620 1168 ἐκάθισαν
1635 1140 1675 1168 ἐπ’
1690 1137 1808 1176 ἐδάφους,

1043 1187 1055 1213 ὁ
1071 1184 1097 1214 δὲ
1112 1186 1287 1221 ἀνυπονόητος
1300 1187 1406 1226 §mipace
1421 1187 1549 1224 διάδημα.
1568 1187 1661 1214 Ταῧτα
1676 1183 1735 1223 οὐχὶ
1750 1183 1808 1211 καθ’

1043 1231 1157 1266 ἑκάστην
1169 1232 1271 1271 ἡμέραν
1283 1233 1397 1269 γίνεται;
1412 1233 1470 1271 οὐχὶ
1480 1233 1568 1271 τροχῷ
1581 1230 1633 1260 τινὶ
1646 1229 1680 1259 τὰ
1690 1228 1809 1268 ἡμέτερα

1043 1278 1125 1305 ἔοικεν
1137 1289 1144 1313 3
1157 1278 1314 1317 Ἀνάγνωθι,
1328 1280 1349 1307 εἷ
1371 1278 1473 1317 βούλει,
1488 1278 1533 1307 καὶ
1546 1278 1579 1307 τὰ
1593 1277 1656 1316 παρ’
1669 1278 1748 1314 ἡμῖν,
1762 1274 1808 1304 καὶ

1042 1323 1075 1351 τὰ
1090 1323 1181 1357 ἔξωθεν
1195 1325 1250 1359 (καὶ
1267 1325 1318 1364 γὰρ
1329 1325 1374 1353 καὶ
1389 1327 1475 1353 ἐκεῖνα
1488 1324 1563 1363 γε’μει
1576 1323 1675 1352 τούτων
1690 1324 1741 1350 τῶν
1755 1333 1806 1350 πα-

1044 1370 1247 1408 ραδειγμάτων),
1262 1372 1285 1398 εἷ
1299 1372 1350 1398 τῶν
1365 1370 1501 1409 ἡμετέρων
1516 1373 1686 1408 καταφρονεῖς
1701 1369 1728 1401 ἐξ
1742 1368 1805 1396 ἀπο·

1043 1413 1113 1446 νοίας
1127 1426 1132 1432 ·
1147 1416 1169 1443 εἰ
1181 1414 1214 1442 τὰ
1228 1417 1279 1443 τῶν
1297 1415 1444 1454 φιλοσόφων
1467 1415 1622 1452 θαυμάζεις,
1636 1414 1684 1443 κᾶν
1708 1412 1806 1445 τούτοις

1043 1460 1147 1498 πρόσιθι
1163 1472 1168 1478 ·
1195 1461 1289 1489 ἐκεῖνοί
1313 1473 1341 1489 σε
1362 1461 1508 1495 διδάξουσι,
1532 1460 1667 1499 συμφορὰς
1692 1457 1808 1491 παλαιὰς

1043 1505 1225 1544 διηγούμενοι,
1239 1507 1284 1535 καὶ
1298 1506 1420 1542 ποιηταὶ,
1431 1506 1474 1534 καὶ
1487 1506 1604 1545 ῥήτορες,
1617 1505 1662 1534 καὶ
1676 1504 1808 1544 σοφισταὶ,

1044 1551 1088 1579 καὶ
1099 1552 1258 1591 λογογράφοι
1269 1552 1515 1585 πάντες,Ποὶντοθεν
1526 1551 1663 1592 εὑρίσκεις,
1675 1553 1698 1580 εἷ
1710 1550 1809 1589 βούλει,

1044 1598 1077 1625 τὰ
1097 1597 1287 1636 ὑποδείγματα.
1303 1599 1336 1627 Εἰ
1353 1598 1380 1627 δὲ
1400 1598 1480 1636 μηδὲν
1495 1597 1594 1626 τούτων
1617 1596 1710 1633 θέλεις,
1726 1595 1808 1631 αὐτὴν

1046 1643 1199 1681 ἀναλόγισαι
1220 1643 1268 1678 τὴν
1294 1643 1370 1682 φύσιν
1393 1643 1440 1679 τὴν
1463 1643 1610 1682 ἡμετέραν,
1630 1642 1708 1671 πόθεν
1731 1641 1809 1671 συνέ-

1046 1699 1139 1723 στηκε,
1159 1689 1203 1716 καὶ
1220 1693 1270 1717 ποῦ
1291 1690 1399 1728 τελευτᾶΙ
1413 1701 1419 1706 ·
1435 1688 1571 1724 ἐννόησον,
1591 1688 1653 1717 ὅταν
1669 1687 1810 1726 καθεύδῃς,

1045 1733 1113 1766 τίνος
1134 1734 1203 1767 ἄξιος
1217 1730 1241 1762 εἶ
1251 1746 1256 1751 ·
1271 1734 1329 1773 οὐχὶ
1343 1735 1388 1762 καὶ
1403 1734 1434 1763 τὸ
1449 1734 1542 1773 μικρόν
1558 1745 1586 1762 σε
1607 1733 1695 1773 Θηρίον
1710 1734 1809 1762 ἀνελεῖν

1047 1779 1199 1815 δυνήσεται;
1222 1781 1335 1812 Πολλοῖς
1354 1780 1405 1819 γὰρ
1424 1780 1552 1812 πολλάκις
1574 1779 1627 1808 ἀπὸ
1648 1782 1692 1807 τοῦ
1716 1778 1810 1818 ὀρόφου

1046 1825 1200 1864 κατενεχθὲν
1217 1825 1310 1866 μικρὸν
1325 1825 1434 1865 ζωύφιόν
1449 1825 1466 1860 ἢ
1487 1825 1530 1853 τὸν
1550 1824 1683 1864 ὀφθαλμὸν
1699 1824 1808 1860 ἐξεῖλεν,

1047 1870 1063 1905 ἢ
1085 1870 1174 1910 ἑτέρου
1189 1872 1256 1903 τινὸς
1278 1871 1394 1900 κινδύνου
1415 1872 1496 1900 αἴτιον
1514 1870 1614 1910 γε’γονε.
1627 1869 1663 1899 Τί
1684 1869 1729 1906 δέ;
1750 1869 1811 1908 οὖχὶ

1045 1916 1150 1945 πάντων
1166 1917 1280 1946 ἐλάττων
1292 1912 1316 1945 εἷ
1328 1919 1379 1945 τῶν
1392 1917 1506 1956 θηρίων;
1523 1916 1602 1946 Ἀλλὰ
1617 1916 1643 1944 τί
1656 1915 1756 1954 λέγεις,
1770 1915 1811 1944 ὅτι

1046 1962 1116 2003 λόγῳ
1131 1968 1252 2002 κρατεῖς;
1270 1962 1340 1992 Ἀλλ’
1360 1962 1414 1991 ἰδοὺ
1429 1962 1520 2001 ’λόγον
1538 1963 1585 1991 οὐκ
1600 1961 1669 2002 ἔχεις
1681 1973 1688 1980 ·
1704 1961 1811 2000 ἀλογίας

1047 2008 1098 2047 γὰρ
1110 2011 1125 2043 ἠ
1138 2008 1302 2047 ὑπερηφανία
1315 2008 1467 2047 τεκμήριον.
1480 2007 1544 2037 Ἐπὶ
1554 2007 1605 2036 τίνι
1619 2007 1647 2036 δὲ
1666 2007 1735 2046 μέγα
1746 2018 1810 2046 φρο-

1049 2060 1108 2091 νεῖς,
1120 2055 1177 2083 εἶπέ
1189 2066 1248 2093 μοι;
1263 2055 1330 2086 ὅλως
1344 2054 1387 2083 ἐπὶ
1403 2053 1485 2093 εὐεξίᾳ
1500 2054 1621 2092 σώματος
1627 2065 1636 2089 ;
1647 2053 1727 2082 Ἀλλὰ
1738 2053 1812 2092 παρὰ

1048 2105 1101 2134 τοῖς
1115 2102 1218 2140 ἀλόγοις
1230 2101 1263 2130 τὰ
1275 2100 1424 2139 νικητήρια.
1439 2101 1524 2129 Τοῦτο
1543 2100 1588 2128 καὶ
1609 2099 1682 2139 παρὰ
1702 2101 1813 2139 λῃσταῖς

1050 2149 1095 2177 καὶ
1112 2147 1278 2187 ἀνδροψόνοις
1292 2148 1336 2176 καὶ
1351 2147 1543 2186 τυμὸωρύχοις.
1554 2146 1623 2175 Ἀλλ’
1638 2146 1682 2175 ἐπὶ
1692 2146 1810 2183 συνέσει;

1051 2194 1118 2222 Ἀλλ’
1135 2195 1180 2222 οὐκ
1198 2193 1253 2222 ἔστι
1265 2193 1391 2225 συνέσεως
1407 2193 1435 2220 τὸ
1448 2192 1516 2231 μέγα
1530 2195 1632 2231 φρονεῖν
1643 2204 1649 2209 ·
1663 2191 1748 2231 τούτῳ
1763 2191 1811 2230 μὲν

1050 2235 1093 2268 οἶν
1112 2239 1209 2279 πρώτῳ
1225 2240 1319 2268 σαυτὸν
1339 2240 1491 2276 ἀποστερεῖς
1505 2242 1549 2267 τοῦ
1563 2237 1684 2275 γενέσθαι
1698 2237 1812 2270 συνετός.

1051 2285 1272 2323 Καταστείλωμεν
1290 2287 1366 2322 ἡμῶν
1381 2284 1413 2312 τὰ
1427 2284 1596 2323 φρονήματα,
1613 2283 1748 2321 γενώμεθα
1763 2283 1811 2321 μζ-

1050 2344 1114 2371 τριοι
1135 2331 1179 2359 καὶ
1201 2331 1318 2360 ταπεινοὶ
1332 2330 1376 2358 καὶ
1391 2331 1513 2361 ἐπιεικεῖς
1523 2341 1528 2346 ·
1543 2329 1602 2361 τοὺς
1621 2328 1749 2361 τοιούτους
1760 2329 1811 2367 γὰρ

1049 2378 1101 2417 πρὸ
1116 2377 1220 2406 πάντων
1242 2377 1286 2405 καὶ
1306 2379 1318 2405 ὃ
1335 2376 1446 2415 Χριστὸς
1463 2375 1607 2413 ἐμακάρισε
1627 2375 1727 2413 λέγων·
1748 2376 1810 2403 Μα-
