1893 2860
125 808 246 836 Clirysnsto
253 819 259 824 ·

126 846 174 859 mus
192 839 245 867 Epi-

125 877 213 898 scopus.

279 135 351 177 584
634 144 662 166 s.

277 214 332 236 rate
346 207 433 235 omnia
449 205 597 234 fecerimus.
613 205 660 232 25.
679 206 745 242 Ipse
759 210 856 232 autem
870 203 950 231 Deus
959 211 1014 240 pa-

276 255 317 281 cis
331 252 490 288 sanctificet
505 260 558 278 ‘tros
570 260 622 289 pet·
636 251 735 278 omnia
744 271 752 285 ,
766 256 794 277 et
809 251 918 287 integer
931 249 1014 286 spiri-

277 305 322 326 tus
339 304 435 325 vester
446 304 472 324 et
487 298 588 324 anima
601 303 628 324 et
652 306 754 334 corpus
775 297 836 323 sine
851 294 969 333 querela
983 296 1013 321 in

275 343 403 371 adventu
424 343 545 370 Domini
573 344 664 370 nostri
693 342 765 370 Jesn
786 342 896 370 Christi
917 351 1014 368 serve-

276 395 332 417 tur.
351 387 423 418 Yide
436 388 553 416 doctoris
573 387 785 416 benevolentiam
797 398 803 414 ε
815 393 874 426 post
888 385 1013 414 admoni-

275 434 374 462 tionem
387 444 477 472 preces
492 444 597 472 quoque
620 432 775 472 subjungit,
793 432 872 470 idque
886 431 965 460 etiam
988 431 1014 459 in

275 479 359 507 literis
373 491 379 509 :
394 489 460 518 opus
474 486 513 507 est
522 479 594 507 enim
608 485 633 506 et
645 479 754 507 consilio
768 485 793 506 et
804 477 937 517 precibus.
949 477 1014 505 Pro-

275 531 364 563 pterea
380 535 427 553 nos
450 535 556 563 quoque
579 524 656 563 prius
679 524 857 560 consulentes,
882 530 944 551 tunc
967 533 1015 561 pro

276 571 354 599 vobis
378 581 468 609 preces
484 571 622 599 fundimus
636 582 642 598 :
656 577 682 599 et
706 570 757 599 hoc
778 570 865 599 sciunt
887 570 933 607 qui
954 576 1016 597 sunt

276 617 358 646 sacris
371 617 469 646 initiati
484 617 628 656 mysteriis.
646 616 700 645 Sed
718 617 816 645 Paulus
831 616 942 655 quidem
956 627 1014 644 me-

275 662 328 691 rito
342 662 393 691 hoc
413 662 539 698 faciebat,
563 672 688 701 magnam
708 662 782 701 apud
804 663 890 691 Deum
915 661 1017 690 habens

275 707 405 736 fiduciam
430 715 455 736 et
476 707 601 746 loquendi
623 708 774 736 libertatem
791 718 857 736 :nos
882 714 969 736 autem
992 714 1017 735 et

276 753 379 792 pudore
388 753 483 782 suffusi
497 764 602 788 sumus,
620 760 646 782 et
659 753 786 781 fiduciam
800 764 852 782 non
870 753 1014 790 habemus3

277 798 323 827 sed
337 799 463 837 quoniam
476 798 511 827 ad
528 799 579 827 hoc
593 799 728 827 constituti
741 805 766 826 et
780 798 896 827 ordinati
912 809 1014 833 sumus,

278 844 329 872 hoc
343 845 463 883 agimus,
486 855 547 872 cum
567 844 672 882 indigni
687 843 796 882 quidem
809 844 893 873 simus
905 851 930 872 et
943 843 1018 872 adsi-

277 897 360 925 stere,
374 896 398 917 et
415 889 458 918 vel
472 889 629 917 ultimorum
650 888 845 927 discipulorum
868 889 958 917 locum
981 896 1019 918 te-

277 945 355 971 nere5
371 935 498 973 quoniam
513 941 602 963 autem
624 935 704 962 etiam
720 945 768 974 per
780 935 906 973 indignos
922 946 1017 974 opera-

277 988 321 1010 tur
340 981 442 1019 grafia,
459 992 512 1010 non
535 988 644 1020 propter
665 981 750 1020 ipsos,
776 981 822 1010 sed
841 989 951 1021 propter
975 993 1018 1011 eos

277 1029 375 1067 quibus
389 1035 452 1057 sunt
465 1029 603 1067 profutura
615 1050 623 1064 ‚
638 1036 729 1057 nostra
745 1029 890 1058 afferimus.
905 1030 1017 1058 Sancti-

275 1074 343 1112 ficet
359 1083 429 1111 vos,
452 1074 555 1112 inquit,
569 1084 622 1112 per
634 1076 749 1111 omnia,
767 1081 794 1103 et
809 1077 918 1113 integer
937 1077 1020 1113 spiri-

279 1126 325 1149 tus
336 1127 434 1149 vester
448 1127 475 1149 et
489 1123 590 1148 anima
604 1126 631 1149 et
653 1131 756 1159 corpus
778 1123 841 1149 sine
854 1122 973 1160 querela
988 1124 1019 1150 in

279 1165 409 1193 adventu
436 1165 558 1192 Domini
584 1166 677 1192 nostri
698 1165 769 1193 Jesu
793 1165 903 1193 Christi
924 1175 1019 1194 serve-

279 1217 334 1238 tur.
351 1209 483 1249 Spiritum
499 1209 564 1247 quid
579 1209 625 1237 hic
639 1209 727 1238 dicit?
750 1210 889 1238 Charisma
905 1221 951 1239 seu
965 1210 1018 1239 do—

278 1266 345 1284 num
366 1256 523 1294 gratuitum.
538 1255 608 1284 Nam
623 1255 645 1284 si
668 1256 852 1285 recesserimus
867 1257 1019 1296 splendidas

279 1300 406 1329 habentes
421 1300 571 1340 lampades,
588 1300 770 1339 ingrediemur
786 1302 813 1330 in
828 1303 918 1341 sponsi
933 1303 1021 1331 thala—

280 1356 355 1375 mum
369 1358 375 1374 :
388 1347 429 1375 sin
441 1353 528 1375 autem
537 1346 691 1383 exstinctas,
704 1357 881 1385 nequaquam.
896 1348 1020 1387 Propter-

281 1404 311 1422 ea
331 1394 410 1430 dicit,
431 1395 548 1433 Integer
560 1400 658 1422 vester
670 1396 788 1432 spiritus
800 1406 808 1421 :
822 1394 868 1422 illo
880 1395 950 1423 enim
964 1406 1020 1424 ma-

281 1447 359 1468 nente
372 1441 491 1479 integro,
508 1446 534 1468 et
547 1440 569 1468 is
580 1447 675 1468 manet.
691 1442 731 1468 Et
746 1443 862 1478 anima,
878 1441 980 1479 inquit,
993 1449 1020 1471 et

281 1496 393 1524 corpus.
408 1487 502 1523 Neque
516 1485 587 1513 enim
607 1485 664 1524 ipsa
678 1486 781 1524 aliquid
795 1486 894 1515 malum
907 1487 1018 1526 accipit,

282 1541 329 1559 nec
341 1530 419 1559 illud.
433 1533 482 1559 94.
499 1531 612 1559 fidelis
624 1537 666 1559 est
680 1533 731 1570 qui
745 1534 864 1560 vocavit
879 1543 948 1568 vos,
971 1536 1022 1572 qui

282 1579 370 1605 etiam
381 1578 485 1616 jaciet.
504 1575 577 1605 Yide
591 1575 772 1605 humilitatem
786 1590 792 1605 :
806 1588 867 1606 nam
880 1585 1020 1617 postquam

280 1629 403 1662 precatus
421 1630 478 1660 est,
504 1623 545 1651 Ne
558 1622 733 1660 existimetis,
756 1623 856 1662 inquit,
878 1625 949 1662 quod
970 1625 1020 1654 hoc

281 1668 328 1696 fiat
343 1679 375 1697 ex
390 1668 455 1696 meis
473 1668 612 1707 precibus,
635 1668 682 1697 sed
696 1679 731 1697 ex
752 1670 888 1708 proposito
907 1680 959 1708 quo
972 1681 1020 1699 vos

283 1714 395 1742 vocavit.
418 1714 448 1743 Si
463 1714 533 1742 enim
547 1714 653 1742 vocavit
675 1714 709 1742 ad
725 1714 850 1751 salutem,
873 1722 911 1744 est
931 1723 1020 1744 autem

280 1770 375 1797 verus,
389 1759 497 1788 omnino
509 1759 621 1787 salutem
635 1759 711 1787 dabit
723 1770 784 1788 cum
797 1761 874 1789 velit.
888 1762 935 1789 95.
948 1763 1020 1790 Fra-

281 1813 353 1841 tres,
368 1812 449 1834 orate
458 1816 510 1844 pro
530 1807 621 1834 nobis.
637 1806 732 1844 Papae,
748 1813 848 1844 quanta
862 1807 1019 1836 humilitas!

280 1851 334 1880 Sed
349 1851 397 1880 ille
416 1850 527 1889 quidem
548 1850 600 1878 hoc
623 1850 729 1879 dicebat
745 1859 852 1891 propter
877 1852 1021 1882 humilita-

280 1904 351 1933 tem;
373 1907 422 1925 nos
443 1903 532 1924 autem
553 1906 606 1924 non
627 1903 736 1936 propter
759 1897 953 1935 humilitatem,
975 1899 1022 1928 sed

281 1950 390 1983 propter
409 1943 523 1971 multam
543 1942 703 1979 utilitatem,
725 1950 750 1972 et
766 1954 781 1972 a
795 1945 873 1973 vobis
894 1956 1022 1984 maguum

279 1989 390 2027 aliquod
400 1989 506 2017 lucrum
517 1988 635 2017 volentes
649 1989 780 2027 accipere,
795 1989 911 2020 dicimus
922 2003 928 2018 :
941 1993 1022 2021 Orate

283 2034 363 2062 etiam
376 2043 424 2072 pro
439 2032 527 2061 nobis.
551 2033 620 2061 Nam
639 2034 687 2062 etsi
702 2044 753 2061 non
769 2044 895 2073 magnam
912 2046 958 2064 nec
974 2036 1020 2065 ad-

282 2078 433 2107 mirandam
447 2089 462 2106 a
474 2078 550 2106 nobis
569 2079 689 2118 accipitis
704 2079 861 2117 utilitatem,
876 2081 922 2110 sed
935 2088 1021 2110 tamen

282 2131 390 2163 propter
404 2124 494 2163 ipsum
509 2123 649 2160 honorem,
673 2132 782 2164 propter
797 2126 882 2165 ipsam
906 2127 1022 2166 appella-

281 2170 390 2198 tionem.
401 2169 502 2198 Habuit
513 2169 647 2209 quispiam
662 2170 806 2208 aliquando
814 2172 894 2209 filios,
902 2180 927 2201 et
935 2181 1022 2202 tamen

282 2215 386 2244 etiamsi
401 2215 458 2254 ipse
470 2225 513 2243 eos
524 2215 593 2243 nihil
605 2216 721 2254 juverit,
736 2216 782 2245 sed
794 2225 881 2246 tamen
896 2219 1022 2257 quoniam

281 2262 333 2289 suit
345 2268 433 2300 pater,
448 2262 499 2290 hoc
509 2262 576 2290 forte
590 2262 627 2290 eis
643 2262 825 2302 improperat,
840 2264 931 2294 dicens
943 2277 949 2293 ι
962 2267 1022 2295 Uno

283 2307 326 2335 die
340 2318 390 2335 non
407 2318 465 2335 sum
479 2318 493 2335 a
509 2307 585 2335 vobis
598 2314 708 2336 vocatus
722 2316 804 2348 pater.
820 2310 961 2350 Propterea
975 2322 1023 2340 nos

284 2363 388 2391 quoque
401 2353 515 2382 dicimus
529 2365 534 2380 :
548 2354 629 2382 Orate
643 2354 722 2382 otiam
736 2366 786 2394 pro
802 2357 896 2394 nobis5
912 2368 964 2386 non
979 2365 1021 2386 te-
1042 2367 1058 2389 F

317 2450 327 2461 ¹
345 2443 432 2474 [Colb.
448 2448 531 2476 ἐπάγει.
544 2447 575 2472 δεῖ
590 2451 634 2480 γὰρ
648 2453 679 2480 τῷ
693 2449 816 2480 ῧιῦασιάλῳ
827 2452 863 2474 καὶ
876 2461 896 2474 σ-
915 2461 935 2474 r..
958 2452 1036 2482 εὖχῆς,

286 2481 373 2505 mediis
385 2483 495 2506 omissis:
510 2492 615 2515 quorum
630 2494 702 2517 quem
717 2492 833 2517 putamus
849 2495 900 2511 esse
919 2497 1016 2512 sensum
1028 2509 1034 2519 ,

691 144 747 166 JOA
755 144 771 165 N
779 143 830 165 MS
856 141 1035 164 ctttu'SOST.

1065 140 1082 162 A
1089 141 1218 164 RcmEP.
1248 142 1500 165 CONSTANTINOP
1508 156 1514 163 .

1068 202 1081 228 ὃ
1092 201 1162 234 Θεὸς
1178 203 1225 236 τῆς
1235 203 1338 241 εἰρήνης
1350 203 1457 242 ἁγιάσαι
1472 205 1538 240 ὑμᾶς
1556 203 1697 238 ὁλοτελεῖς,
1711 201 1756 230 καὶ
1769 202 1830 231 ὁλό-

1068 247 1162 285 κληρον
1185 248 1258 284 ὑμῶν
1279 248 1309 276 τὸ
1329 251 1434 286 πνεῦμα
1453 248 1497 276 καὶ
1518 251 1534 283 ἡ
1549 248 1621 287 {luy-7¹,
1637 248 1681 276 καὶ
1701 248 1730 276 τὸ
1753 249 1830 285 σῶμα

1068 292 1213 329 ἀμέμπτως
1237 294 1262 320 ἐν
1276 293 1308 330 τῇ
1323 293 1452 332 παρουσία
1471 296 1515 322 τοῦ
1534 294 1629 331 Κυρίου
1651 295 1726 330 ἡμῶν
1743 293 1831 328 Ἰησοῦ

1069 338 1183 375 Χριστοῦ
1206 338 1342 375 τηρηθείη.
1363 338 1436 376 υΟρα
1457 340 1612 368 διδασκάλου
1632 339 1830 378 φιλοστοργίαν·

1069 382 1135 419 μετὰ
1148 382 1194 418 τὴν
1209 382 1363 422 παραίνεσιν
1382 384 1427 412 καὶ
1440 384 1518 423 εὐχὴν
1529 388 1539 400 ²
1554 386 1659 424 ἐπάγει·
1672 385 1718 413 καὶ
1732 386 1760 414 οὐ
1771 387 1831 414 τοῦ·

1068 439 1097 456 το
1110 428 1186 466 μόνον
1198 451 1205 463 ,
1221 428 1288 456 ἀλλὰ
1308 428 1353 456 καὶ
1371 430 1396 457 ἐν
1411 433 1464 461 τοῖς
1478 429 1631 468 γράμμασι·
1655 431 1693 459 δεῖ
1714 430 1764 469 γὰρ
1785 430 1830 458 καὶ

1069 472 1218 510 συμὸουλῆς
1231 472 1274 500 καὶ
1290 473 1377 511 εὐχῆς.
1398 472 1449 500 Διὰ
1469 477 1543 502 τοῦτο
1553 474 1598 502 καὶ
1609 477 1684 512 ἡμεῖς
1705 475 1829 513 πρότερον

1069 518 1304 556 συμὸουλεύοντες,
1328 518 1387 546 τότε
1412 517 1459 550 τὰς
1472 518 1537 557 ὑπὲρ
1551 521 1623 555 ὑμῶν
1642 520 1720 559 εὐχὰς
1743 520 1831 549 ποιού-

1069 566 1148 601 μεθα·
1173 564 1217 592 καὶ
1237 566 1314 592 τοῦτο
1333 564 1418 593 ἴσασιν
1439 567 1462 593 οἱ
1480 565 1651 602 μεμυημένοι.
1673 565 1742 594 Ἀλλ’
1755 568 1769 594 ὁ
1783 565 1830 603 μὲν

1069 612 1173 644 Παῦλος
1186 611 1291 643 εἰκότως
1305 613 1379 639 τοῦτο
1399 610 1494 644 ἐποίει,
1516 609 1615 645 πολλὴν
1629 610 1692 649 πρὸς
1705 610 1748 640 τὸν
1763 612 1831 641 Θεὸν

1068 656 1115 690 τὴν
1135 656 1283 696 παρρησίαν
1303 656 1385 695 ἔχων·
1406 659 1482 694 ἡμεῖς
1505 655 1531 684 δὲ
1549 655 1766 695 κατῃσχυμμὲνοι
1787 656 1832 685 καὶ

1069 703 1279 741 ἀπαρρησίαστοι
1309 703 1393 733 ὄντες·
1424 703 1481 731 ἀλλ’
1504 701 1594 736 ἐπειδὴ
1617 703 1652 734 εἷς
1675 705 1750 730 τοῦτο
1771 702 1832 731 ἐτά-

1069 750 1185 786 χθημεν,
1198 748 1346 788 πράττομεν
1367 748 1430 777 αὐτὸ
1439 771 1446 784 ,
1460 747 1559 780 ἀνάξιοι
1571 747 1618 786 μὲν
1637 747 1708 781 ὄντες
1720 747 1765 776 καὶ
1783 759 1834 776 πα-

1072 793 1192 832 ρεστάναι
1203 816 1210 830 ‚
1225 794 1270 823 καὶ
1285 796 1336 822 τῶν
1352 794 1470 833 ἐσχάτων
1484 796 1606 832 μαθητῶν
1623 793 1666 822 τὸν
1681 794 1760 822 τόπον
1772 793 1833 822 ἕπε’-

1070 851 1141 878 χειν·
1163 840 1253 875 ἐπειδὴ
1271 840 1298 869 δὲ
1319 839 1364 869 καὶ
1378 841 1411 868 δι’
1428 840 1538 873 ἀναξίων
1552 843 1569 876 ἡ
1583 839 1661 878 χάρις
1674 841 1786 879 ἐνεργεῖ,
1803 840 1832 867 οὗ

1071 886 1104 913 δι’
1125 885 1215 919 αὐτοὺς
1224 908 1232 920 ,
1259 885 1327 914 ἀλλὰ
1340 885 1383 914 διὰ
1397 885 1455 918 τοὺς
1471 887 1612 923 μέλλοντας
1629 886 1787 924 ὠφελεῖσθαι
1800 885 1836 913 τὰ

1070 933 1133 970 παρ’
1151 933 1250 960 ἑαυτῶν
1265 931 1426 969 εἰσφέρομεν.
1438 931 1558 968 (Αγιάσαι
1568 932 1636 968 ὑμᾶς
1644 952 1653 964 ,
1668 930 1746 969 φησὶν
1754 953 1762 966 ,
1776 932 1833 960 ὑλο-

1070 978 1168 1012 τελεῖς,
1191 978 1236 1005 καὶ
1250 976 1391 1014 ὁλόκληρον
1415 977 1488 1013 ὑμῶν
1502 975 1531 1004 τὸ
1549 978 1654 1013 πνεῦμα
1667 975 1713 1004 καὶ
1729 978 1746 1010 ἡ
1760 976 1833 1015 ψυχὴ

1037 1035 1054 1058 C
1071 1023 1115 1051 καὶ
1129 1023 1160 1052 τὸ
1177 1025 1254 1061 σῶμα
1269 1022 1414 1060 ἀμέμπτως
1429 1023 1455 1050 ἐν
1475 1024 1508 1060 τῇ
1522 1020 1653 1061 παρουσίᾳ
1670 1025 1716 1050 τοῦ
1735 1022 1833 1061 Κυρίου

1070 1071 1146 1106 ἡμῶν
1160 1069 1248 1104 Ἰησοῦ
1265 1069 1378 1107 Χριστοῦ
1394 1068 1529 1107 τηρηθείη.
1545 1067 1585 1096 Τὸ
1599 1070 1702 1105 πνεῦμα
1716 1067 1743 1096 τί
1756 1080 1835 1107 φησιν

1071 1115 1180 1142 ἐνταῦθα
1192 1126 1199 1148 ;
1216 1114 1256 1142 Τὸ
1269 1113 1401 1152 χάρισμα.
1417 1112 1461 1142 Ἂν
1475 1113 1522 1151 μὲν
1536 1113 1586 1151 γὰρ
1597 1112 1700 1152 ἔχοντες
1709 1113 1835 1153 λαμπρὰς

1070 1160 1116 1193 τὰς
1128 1160 1270 1198 λαμπάδας
1282 1160 1450 1197 ἀπέλθωμεν,
1462 1159 1661 1196 εἷσελευσόμεθα
1671 1160 1707 1192 εἷς
1715 1158 1759 1188 τὸν
1769 1171 1836 1198 νυμ-

1071 1208 1158 1245 φῶνα·
1181 1205 1210 1234 ἂν
1225 1205 1252 1234 δὲ
1268 1205 1441 1243 ε’σῧεσμένας,
1459 1205 1556 1234 οὐκέτι.
1577 1204 1630 1233 Διὰ
1651 1204 1728 1233 τοῦτό
1741 1217 1835 1244 φησιν,

1071 1252 1234 1291 Ὁλόκληρον
1256 1253 1329 1289 ὑμῶν
1344 1251 1374 1280 τὸ
1387 1255 1505 1289 πνεῦμα·
1529 1250 1626 1280 ἐκείνου
1646 1250 1697 1290 γὰρ
1715 1251 1836 1289 μένοντος

1071 1298 1209 1338 ἀκεραίου,
1231 1298 1277 1326 καὶ
1289 1301 1363 1326 τοῦτο
1379 1298 1459 1335 μένει.
1481 1297 1533 1326 Καὶ
1544 1299 1561 1332 ἡ
1577 1296 1667 1335 ψυχὴ,
1690 1297 1769 1336 φησὶ,
1790 1297 1836 1326 καὶ

1071 1344 1101 1372 τὸ
1115 1346 1202 1382 σῶμα.
1225 1344 1295 1373 Οὔτε
1313 1344 1364 1382 γὰρ
1384 1343 1449 1378 αὐτή
1469 1355 1494 1371 τι
1509 1343 1621 1382 πονηρὸν
1636 1343 1756 1382 δέχεται,
1781 1343 1835 1372 οὔτ’

1072 1392 1163 1419 ἐκεῖνο.
1180 1390 1277 1421 Πιστὸς
1292 1392 1305 1418 ὁ
1319 1390 1406 1417 καλῶν
1424 1391 1507 1426 ὑμᾶς,
1522 1388 1548 1421 ὃς
1566 1389 1611 1416 καὶ
1625 1388 1739 1423 ποιήσει.
1761 1388 1835 1428 Ὅρα

1072 1435 1118 1471 τὴν
1132 1434 1367 1473 ταπεινοφροσύνην
1379 1446 1384 1451 ·
1407 1433 1496 1469 ἐπειὲὴ
1511 1434 1561 1472 γὰρ
1575 1433 1672 1469 ηὔξατο
1681 1457 1689 1470 ‚
1711 1435 1746 1472 μὴ
1759 1435 1835 1473 νομί-

1073 1492 1135 1516 σητε
1144 1503 1151 1516 ,
1168 1480 1245 1519 φησὶν
1255 1501 1262 1514 ,
1276 1479 1316 1508 ὅτι
1331 1480 1382 1508 ἀπὸ
1399 1482 1450 1508 τῶν
1465 1481 1535 1517 ἐμῶν
1547 1481 1629 1518 εὐχῶν
1642 1484 1717 1509 τοῦτο
1727 1480 1836 1518 γίνεται,

1072 1528 1130 1555 ἀλλ’
1146 1528 1175 1555 ἐκ
1189 1528 1235 1560 τ”ῆς
1246 1525 1392 1565 προθέσεως
1403 1548 1410 1559 ,
1423 1522 1454 1560 ἧς
1468 1527 1535 1563 ὑμᾶς
1547 1526 1679 1554 ἐκάλεσεν.
1694 1527 1727 1555 Ei.
1738 1525 1788 1565 γὰρ
1799 1528 1836 1559 εἰς

1073 1572 1204 1611 σωτηρίαν
1220 1573 1356 1606 ἐκάλεσεν,
1380 1571 1479 1606 ἀληθὴς
1502 1572 1530 1600 δέ
1544 1574 1614 1607 ἔστι,
1629 1572 1734 1605 πάντως
1757 1572 1835 1601 σώσει

1074 1617 1237 1655 βουλόμενος.
1262 1617 1394 1656 Ἀδελεροὶ,
1417 1616 1592 1656 προσεύχεσθε
1612 1617 1657 1646 καὶ
1676 1617 1737 1657 περὶ
1752 1621 1840 1656 ἡμῶν.

1074 1663 1174 1699 Euat,
1192 1663 1260 1698 πόση
1281 1662 1512 1702 ταπεινοφροσύνη.
1535 1663 1603 1691 Ἀλλ’
1615 1664 1711 1697 ἐκεῖνος
1725 1664 1772 1702 μὲν
1790 1676 1837 1693 τα-

1072 1709 1275 1749 πεινοφροσύνης
1289 1709 1374 1737 ἕνεκεν
1394 1712 1469 1737 τοῦτο
1490 1707 1592 1746 ἔλεγεν,
1607 1711 1684 1747 ἡμεῖς
1702 1709 1729 1739 δὲ
1742 1711 1771 1739 οὗ
1786 1722 1836 1739 τα-

1073 1755 1275 1794 πεινοφροσύνης
1299 1755 1400 1790 ἕνεκεν,
1422 1756 1480 1783 ἀλλ’
1504 1754 1630 1794 ὠφελείας
1653 1757 1768 1792 πολλῆς,
1791 1756 1837 1785 καὶ

1075 1801 1142 1840 μέγα
1153 1814 1179 1830 τι
1200 1803 1262 1841 παρ’
1277 1803 1350 1838 ὓ;μῗ)ν
1376 1801 1500 1839 κερδᾶναι
1522 1800 1692 1839 βουλόμενοι,
1711 1802 1837 1841 λέγομεν,

1072 1847 1247 1887 προσεύχεσθε
1262 1847 1307 1875 καὶ
1320 1846 1381 1885 περὶ
1392 1848 1479 1883 ἡμῶν.
1500 1847 1533 1875 Εἰ
1547 1846 1598 1886 γὰρ
1615 1846 1659 1874 καὶ
1673 1847 1753 1884 μηδὲν
1767 1848 1836 1887 ὠφε-

1073 1894 1153 1928 λῆσθε
1166 1894 1228 1932 παρ’
1243 1894 1318 1929 ἡμῶν
1336 1891 1404 1931 μέγα
1419 1892 1486 1930 μηδὲ
1501 1891 1652 1930 θαυμαστὸν
1665 1914 1672 1927 ,
1693 1893 1752 1921 ἀλλ’
1765 1894 1838 1931 ὅμως

1075 1940 1108 1968 δι’
1128 1938 1208 1974 αὐτὴν
1233 1937 1281 1972 τὴν
1302 1938 1400 1975 τιμὴν,
1424 1939 1457 1965 δι’
1479 1937 1560 1972 αὐτὴν
1582 1937 1629 1972 τὴν
1650 1939 1837 1978 προσηγορίαν.

1074 1984 1159 2023 Ἔσχε
1171 1996 1210 2016 τις
1228 1984 1324 2017 παῖδας
1335 1995 1398 2012 ποτε
1407 2006 1414 2018 ,
1431 1984 1476 2012 καὶ
1491 1984 1562 2022 ὅμως
1575 1984 1598 2012 εἶ
1615 1984 1660 2012 καὶ
1675 1984 1757 2022 μηδὲν
1768 1986 1838 2024 ὠφέ-

1075 2032 1167 2065 ληνται
1181 2031 1243 2070 παρ’
1258 2031 1335 2059 αὐτοῦ
1344 2052 1352 2067 ,
1369 2031 1428 2058 ἀλλ’
1443 2029 1533 2064 ἐπειδὴ
1548 2029 1637 2068 πατὴρ
1651 2029 1750 2066 γέγονε,
1762 2035 1838 2060 τοῦτο

1075 2076 1137 2109 ἴσως
1161 2076 1339 2115 προὲάλλεται
1364 2075 1461 2114 λέγων,
1484 2075 1546 2113 μίαν
1569 2077 1641 2113 ὑμῶν
1669 2075 1772 2115 ἡμέραν
1792 2079 1838 2106 οὐκ

1075 2121 1186 2156 ἐκλήθην
1201 2121 1298 2159 πατήρ.
1310 2121 1361 2149 Διὰ
1378 2123 1454 2149 τοῦτο
1468 2121 1512 2149 καὶ
1523 2124 1599 2158 ἡμεῖς
1610 2120 1734 2159 λέγομεν,
1752 2134 1838 2162 προσ-

1076 2167 1181 2206 εύχεσθε
1198 2167 1242 2195 καὶ
1257 2167 1317 2205 περὶ
1339 2169 1415 2204 ἡμῶν
1425 2178 1430 2184 ·
1453 2168 1502 2206 οὐχ
1520 2168 1611 2199 ἁπλῶς
1628 2169 1704 2196 τοῦτο
1714 2167 1726 2183 ¹²
1737 2168 1820 2206 λέγων
1831 2192 1839 2204 ‚

1077 2213 1145 2241 ἀλλὰ
1166 2212 1233 2241 πάνυ
1247 2212 1380 2251 ἐφιέμενος
1403 2214 1455 2240 τῶν
1477 2212 1612 2251 ὑμετέρων
1627 2213 1719 2252 εὗχῶν.
1740 2214 1774 2242 Εἰ
1788 2214 1839 2253 γὰρ

1077 2257 1216 2290 ΙΞπεύθυνος
1227 2257 1352 2296 ἐγενόμην
1371 2260 1418 2292 τῆς
1438 2257 1542 2286 πάντων
1563 2259 1636 2296 ὑμῶν
1658 2258 1837 2297 προστασίας,

1077 2308 1121 2336 καὶ
1131 2307 1222 2345 λόγους
1234 2307 1340 2345 ὑπέχειν
1353 2306 1442 2344 μέλλω
1451 2329 1459 2342 ,
1473 2307 1563 2345 πολλῷ
1576 2307 1674 2344 μᾶλλον
1685 2308 1781 2346 ὀφείλω
1792 2310 1839 2343 τῆς

1078 2360 1140 2397 παρ’
1157 2359 1229 2395 ὑμῶν
1245 2357 1385 2386 ἀπολαύειν
1400 2357 1487 2395 εὐχῆς.
1509 2358 1544 2386 Αἱ
1558 2357 1660 2386 εὐθῦναί
1679 2369 1724 2396 μοι
1738 2358 1840 2397 μείζους

1089 2448 1296 2480 interpretatione
1308 2447 1493 2483 expressimus]

1122 2489 1135 2506 b
1153 2486 1291 2520 [Notauda
1305 2488 1400 2512 numeri
1413 2487 1541 2521 enallage]
