1887 2855
98 693 156 713 llud.
168 700 188 712 v.
200 697 235 713 12.

97 849 155 870 Ibi-1.
170 857 187 869 v.
199 847 233 878 14.

103 1879 194 1899 thiota.
205 1877 243 1899 33.

103 2390 170 2409 Jmm.
185 2394 218 2409 11.

285 139 292 151 Ι
307 138 314 150 Ι

249 152 271 186 O
285 153 318 182 Η

249 211 359 239 amicus
375 213 471 234 noster·
496 204 601 231 dormit
617 214 629 238 ;
644 203 695 231 sed
707 203 797 236 vado,
811 208 841 230 ut
857 211 875 230 a
889 211 988 229 somno

249 251 369 278 escuem
385 255 457 274 eum.
479 245 549 272 Vere
570 251 684 280 namque
696 251 766 270 mors
780 241 928 278 hominum,
942 250 989 268 so—

251 298 328 316 mnus
338 297 352 314 a
365 284 479 313 Domino
491 289 639 321 reputatur.
655 282 747 319 Vario,
760 288 790 309 ut
799 291 818 309 a
829 290 930 310 somno
940 291 989 308 ex-

250 330 334 356 citem
347 335 419 353 eum.
432 322 506 358 Quid
520 321 611 350 enim?
622 331 708 349 annon
723 328 796 360 potes
817 321 860 348 hic
879 330 989 349 manens

251 372 386 395 mortuum
409 362 562 391 suscitare?
577 361 632 389 Sed
649 371 701 389 non
723 362 760 389 ita
781 360 894 399 gratiam
919 359 989 388 acci-

250 406 327 445 piunt
341 402 428 433 Judaei
450 412 492 430 me
507 402 615 430 ahsente
629 413 636 429 ι
650 401 759 429 fortasse
779 399 851 428 euim
872 400 929 438 ipso
946 409 988 428 rc-

250 449 383 481 surgentc,
391 441 523 482 putabunt
533 451 567 469 cx
578 441 712 469 accidente
725 440 850 479 quopiam
858 439 989 467 Lazarum

251 483 388 513 revixisse.
401 481 458 519 Ego
470 481 556 519 igitur
569 480 678 517 vadam,
693 486 723 508 ut
737 490 778 508 me
789 485 916 518 praesente
929 489 990 518 spe-

251 529 362 551 ctatores
383 522 445 549 sacti
467 520 659 549 miraculorum
678 529 815 553 meorum,
830 525 856 547 et
875 518 989 557 gratiam

250 573 265 590 a
280 573 322 591 me
335 560 504 600 accipientes,
516 560 597 588 fidem
612 559 718 587 firmam
733 558 880 587 obtineant.
895 559 989 586 Laza-

250 612 299 630 rus
320 603 431 630 amicus
450 605 548 628 noster
560 600 667 627 dormit
679 611 688 626 .-
700 599 752 627 sed
765 598 846 626 ‘vado
861 604 892 626 ut
910 608 929 625 α
943 608 988 626 so·

250 651 317 669 mno
327 642 447 670 excitem
459 650 532 668 eum.
543 638 676 677 Discipuli
687 648 749 666 vero
759 637 896 666 audientes
907 636 986 665 dixe-

249 687 329 710 runt:
345 680 481 712 Domine,
489 680 514 707 si
528 678 648 715 dormit,
663 678 762 706 salvus
779 678 843 705 erit.
860 677 918 705 Non
934 683 988 704 tam

249 720 301 759 pie,
320 729 401 757 quam
416 718 516 747 medice
529 717 633 755 loquuti
649 723 719 745 sunt.
732 717 847 745 Somnus
861 716 931 744 enim
948 716 988 744 ni-

249 759 319 788 mius
338 758 491 797 lethargicis
511 764 602 793 nocet,
615 756 701 785 febres
722 766 785 784 vero
807 755 892 793 magis
907 755 988 783 solvit

248 809 329 837 quam
346 797 436 827 sudor.
452 796 523 832 Quia
539 797 622 835 igitur
639 795 768 834 putabant
787 794 914 833 discipuli
932 795 989 823 Do-

248 839 351 866 minum
363 837 398 866 de
408 847 500 865 somno
512 836 595 873 loqui,
604 835 675 864 dixit
687 834 824 862 manifeste
836 845 842 861 τ
858 835 988 863 Lazarus

247 880 358 906 amicus
373 883 470 905 noster
487 881 614 903 mortuus
631 880 671 903 est
681 886 693 908 ;
709 880 735 902 et
750 874 860 912 gaudeo
872 879 990 912 propter

247 927 312 952 vos,
327 923 358 944 ιιι
376 916 513 949 credatis,
526 916 665 953 quoniam
681 923 740 941 non
759 923 838 942 eram
853 914 894 940 ibi
906 925 914 940 .-
939 913 990 941 sed

248 966 350 984 eamus
364 956 405 983 ad
419 954 555 988 eum.Qui
567 964 619 982 non
633 953 693 982 vult
707 958 820 981 mortem
834 952 988 991 peccatoris,

249 1005 320 1024 nunc
339 994 437 1033 gaudet
455 993 489 1023 de
508 1000 594 1022 morte
609 992 713 1021 amici?
727 991 850 1028 Gaudeo,
863 1002 914 1020 non
928 1002 989 1030 pro-

248 1042 307 1074 pter
321 1045 373 1068 me,
392 1044 440 1062 nec
455 1040 564 1073 propter
574 1038 724 1069 mortuum,
740 1030 786 1059 sed
787 1037 910 1099 dpropter
923 1041 988 1060 vos:

249 1081 310 1102 utor
324 1074 395 1102 enim
410 1080 494 1101 morte
508 1072 542 1100 ad
553 1072 616 1100 fidei
626 1078 720 1100 vestrae
737 1071 784 1099 fun
807 1077 951 1099 amentum.
964 1071 988 1099 Ο

249 1124 321 1142 mors
340 1113 441 1141 Christi
466 1109 628 1141 exsultatio!
642 1121 658 1139 o
682 1121 754 1139 mors
775 1110 836 1138 vitae
857 1110 935 1149 plena
950 1109 957 1140 l
974 1120 990 1138 ο

249 1163 320 1182 mors
331 1152 424 1181 mortis
439 1151 548 1188 solutio,
560 1150 654 1179 salutis
667 1150 736 1187 dux,
753 1150 890 1188 lapsorum
902 1160 991 1178 resur-

249 1192 341 1226 rectio,
361 1192 492 1220 lassorum
513 1191 599 1229 quies,
616 1189 812 1218 infirmantium
833 1189 925 1224 robur,
943 1189 989 1227 ju-

249 1239 352 1261 storum
367 1230 537 1270 refrigerium
551 1228 558 1258 ἔ
572 1241 588 1258 ο
606 1240 677 1258 mors
691 1229 791 1258 diaboli
805 1229 916 1265 eversio,
932 1229 990 1257 dae-

250 1281 361 1299 monum
381 1269 537 1305 destructio,
552 1269 632 1308 primi
650 1269 767 1297 hominis
790 1268 887 1297 Adami
910 1279 990 1297 reno-

250 1309 340 1339 vatio!
359 1320 374 1339 ο
392 1321 464 1339 mors
484 1309 584 1337 laetiuae
606 1309 758 1348 operatrix,
783 1307 992 1347 incorruptionis

250 1350 362 1385 nuntia,
378 1349 470 1388 gaudii
493 1359 595 1388 proma.
612 1349 649 1377 Ut
671 1354 761 1377 autem
779 1348 935 1387 compendio
949 1348 991 1376 di-

252 1400 321 1424 cam,
341 1389 414 1419 venit
439 1391 516 1419 Jesus
534 1388 562 1416 in
584 1387 754 1425 Remmiam,
777 1394 949 1416 occurrerunt
968 1391 991 1416 ei

253 1439 355 1458 sorores
371 1429 477 1465 Lazari,
490 1427 662 1467 prociderunt
681 1427 708 1455 in
728 1437 813 1466 genua
836 1437 923 1455 coram
939 1428 992 1455 Do-

99 1485 158 1505 uml,
172 1493 192 1506 v,
202 1490 240 1506 21·
253 1469 326 1497 mino
338 1468 429 1497 flentes
443 1479 474 1496 ac
489 1467 616 1500 dJcentcs,
628 1468 766 1503 Domine,
779 1468 804 1495 si
811 1467 926 1505 fuisses
936 1467 993 1502 hic,

244 1508 348 1548 frater
365 1514 462 1537 noster
477 1517 535 1535 non
554 1513 626 1535 esset
644 1513 783 1535 mortuus.
795 1507 866 1534 Num
889 1506 926 1534 ibi
941 1516 993 1534 non

253 1547 331 1576 erat?
347 1547 464 1586 Corpore
480 1546 588 1585 quidem
602 1556 653 1574 non
668 1553 724 1574 erat
739 1557 747 1581 ;
769 1545 911 1574 divinitate
930 1556 993 1574 vero

253 1597 305 1615 non
321 1586 400 1615 modo
413 1586 480 1621 illic,
495 1585 540 1614 sed
554 1585 634 1613 etiam
645 1585 673 1613 in
682 1585 761 1613 caelis.
770 1584 912 1619 Quomodo
923 1585 994 1613 enim

253 1626 371 1655 novisset
388 1625 482 1654 Lazari
499 1632 612 1653 mortem
623 1647 630 1657 ,
646 1624 697 1652 nisi
719 1624 758 1652 ibi
779 1624 881 1661 suisset,
896 1634 994 1652 secun-

253 1665 319 1694 dum
335 1665 498 1693 invisibilem
519 1664 575 1692 vim
595 1663 744 1692 divinitatis
757 1664 770 1691 ‚³
787 1663 823 1691 Et
846 1663 972 1692 dicebant
987 1676 993 1691 ι

254 1707 391 1739 Domine,
407 1706 433 1732 si
440 1705 553 1743 fuisses
570 1704 745 1741 hic,srater
759 1709 856 1731 noster
870 1713 929 1731 non
948 1713 995 1731 es-

255 1751 298 1773 set
320 1750 458 1772 mortuus.
482 1743 561 1771 Dixit
583 1742 637 1770 illis
650 1742 783 1770 Dominus
805 1754 811 1769 :
830 1742 954 1778 Credite,
970 1749 996 1770 et

255 1783 384 1812 videbitis
409 1782 521 1821 gloriam
538 1782 589 1810 Dei
610 1793 616 1808 :
636 1781 733 1810 docens
756 1781 838 1810 fidem
864 1782 997 1810 bonorum

256 1833 367 1862 operum
381 1833 438 1852 esse
451 1821 626 1861 principium.
641 1821 677 1849 Et
690 1821 786 1849 videns
799 1832 842 1849 eas
852 1821 996 1860 plorantes,

256 1869 449 1901 praesentesque
464 1861 583 1895 Judaeos,
596 1861 754 1900 Infremuit
769 1862 883 1899 spiritu,
893 1867 920 1889 et
939 1867 996 1889 tur-

257 1904 338 1930 bavit
355 1904 496 1939 seipsum,
514 1901 656 1938 dixitque,
677 1901 733 1929 Ubi
745 1902 883 1938 posuistis
907 1911 970 1928 eum
985 1902 998 1927 ?

256 1941 329 1976 Quid
349 1941 400 1969 sibi
414 1941 474 1969 vult
491 1939 737 1978 illud,Insremuit
752 1941 854 1978 spiritu
866 1943 878 1967 Ρ
894 1940 998 1978 Exspe-

256 1988 296 2009 cta
307 2003 315 2016 ‚
329 1980 437 2014 dilecte,
453 1987 479 2008 et
500 1979 641 2019 paulopost
661 1979 765 2007 videbis
779 1979 933 2017 quaestionis
952 1990 997 2008 so-

255 2020 394 2048 lutionem.
415 2021 555 2048 Tarbavit
567 2020 692 2056 seipsum
703 2031 714 2052 ‚·
727 2028 778 2046 non
793 2025 823 2047 ut
834 2028 881 2046 nos
893 2029 907 2046 a
919 2018 1000 2047 timo-

255 2070 283 2088 re
296 2060 337 2088 vel
351 2059 443 2088 dolore
460 2058 602 2087 turbamur
616 2070 626 2091 ,·
642 2058 688 2086 sed
704 2058 760 2097 ipse
774 2058 891 2096 seipsum
904 2058 1000 2086 turba-

256 2099 307 2133 vit,
323 2106 348 2127 et
367 2099 458 2127 dixit:
477 2099 532 2126 [sbi
546 2099 682 2136 posuistis
695 2108 760 2125 eum
773 2100 785 2124 Ρ
800 2098 873 2126 Num
888 2098 999 2136 ignora-

256 2139 301 2166 bat
317 2138 363 2166 ubi
379 2138 500 2178 sepultus
513 2143 587 2172 esset,
600 2137 644 2174 qui
659 2137 734 2165 novit
745 2136 913 2175 quandonam
928 2148 999 2165 mor-

258 2185 319 2206 tuus
342 2178 399 2206 sit?
414 2177 469 2207 Sed
491 2176 589 2205 minuit
611 2176 729 2204 humana
751 2176 833 2205 verba
852 2176 879 2204 in
899 2176 1000 2205 divinis

256 2217 399 2255 prodigiis,
415 2223 443 2244 ut
463 2216 586 2245 ostendat
606 2226 632 2243 se
645 2216 726 2244 etiam
745 2215 880 2244 hominem
899 2216 999 2253 fuisse,

257 2263 286 2284 ut
299 2256 367 2284 dicit
388 2256 528 2296 propheta.
540 2257 580 2284 Et
594 2256 681 2283 homo
703 2261 756 2290 est,
773 2262 800 2284 et
821 2257 886 2294 quis
900 2266 1002 2294 cogno-

257 2303 315 2324 scet
334 2306 398 2325 eum
411 2298 423 2322 P
444 2295 501 2324 Hoc
525 2302 614 2323 autem
634 2294 763 2334 praemisit
788 2301 817 2322 ut
838 2295 1002 2332 significaret

259 2345 285 2362 se
299 2335 378 2363 etiam
395 2334 471 2363 aliud
490 2334 630 2373 quidpiam
641 2344 706 2368 esse,
723 2344 818 2372 nempe
832 2335 928 2363 Deum.
948 2336 1003 2363 Ubi

257 2376 391 2411 posuistis
417 2385 481 2402 eum
496 2377 508 2402 Ρ
521 2374 609 2402 Maria
626 2384 690 2402 vero
708 2373 764 2402 ait:
780 2374 860 2410 Veni,
872 2380 900 2402 et
919 2374 1000 2409 vide,

261 2414 395 2441 Domine.
415 2415 455 2442 Ee
481 2414 665 2449 lacrymatus
686 2419 728 2442 est
749 2413 843 2442 Jesus.
866 2413 1003 2447 Quorsum

259 2452 321 2480 flere
343 2463 420 2487 eum,
433 2463 512 2489 quem
535 2452 615 2490 paulo
638 2458 699 2491 post
721 2453 897 2482 suscitaturus
918 2453 1003 2481 crat?

258 2490 311 2519 Sed
336 2490 500 2529 lacrymatus
519 2499 559 2519 est
577 2493 673 2525 Jesus,
694 2498 724 2519 ut
745 2492 1003 2521 commiserationem

259 2537 283 2558 rt
295 2530 487 2569 benignitatem
499 2541 560 2569 erga
572 2531 735 2559 contribules
746 2531 822 2560 nobis
835 2531 983 2561 ostenderet
994 2544 1000 2560 :

965 139 1096 163 sruntfft.

1045 201 1149 239 μείζονα
1180 201 1231 228 τῶν
1255 201 1531 240 θαυματουργημάτων
1559 199 1605 236 τὴν
1629 200 1716 229 πίστιν
1750 205 1802 234 τοῖς

1043 242 1137 280 ὁρῶσιν
1152 239 1304 274 ἐνδείξηται.
1318 240 1394 268 Μετὰ
1412 243 1494 269 ταῦτα
1506 237 1548 269 οὖν
1563 241 1633 279 λέγει
1648 245 1699 272 τοῖς
1713 243 1802 277 μαθη-

1044 284 1100 312 ταῖς
1114 282 1127 308 6
1142 279 1243 314 Ἰησοῦς
1256 292 1261 296 ·
1277 280 1397 328 Λάζαρος
1414 282 1427 308 6
1441 280 1513 317 φίλος
1528 281 1603 318 ἡμῶν
1627 280 1801 317 κεκοίμηται·

1044 319 1112 347 ἀλλὰ
1126 319 1271 359 πορεύομαι
1285 319 1327 347 ἵνα
1341 319 1470 352 ἐςυπνίσω
1488 319 1572 347 αὐτόν.
1590 319 1704 353 Ἀληθῶς
1718 320 1768 357 γὰρ
1789 322 1804 348 ὁ

1044 361 1095 387 τῶν
1111 358 1255 398 ἀνθρώπων
1269 359 1375 390 θάνατος
1389 358 1467 391 ὕπνος
1480 357 1553 397 παρὰ
1566 359 1603 395 τῷ
1618 358 1707 397 Κυρίῳ
1726 359 1802 387 λελό-

1043 410 1141 436 γισται.
1164 399 1331 437 Πορεύομαι,
1354 398 1396 426 ἵνα
1415 397 1542 431 ἐξυπνίσω
1569 397 1654 426 αὐτόν.
1676 398 1712 427 Τί
1735 399 1802 436 γάρ;

1043 438 1087 466 καὶ
1107 439 1217 467 ἐνταῦθα
1243 438 1279 466 ὢν
1301 438 1435 470 ἀδυνατεῖς
1455 439 1615 471 ζωοποιῆσαι
1634 436 1677 465 τὸν
1699 439 1803 476 νεκρόν;

1043 479 1112 506 Ἀλλ’
1130 479 1178 517 οὐχ
1192 477 1259 507 οὕτω
1277 477 1399 516 δέχονται
1413 477 1460 512 τὴν
1474 477 1553 515 χάριν
1567 477 1590 504 οἱ
1607 475 1726 504 Ἰουδαῖοι
1740 478 1804 515 ἐμοῦ

1044 517 1154 550 ἀπόντος
1167 529 1172 535 ·
1189 518 1251 549 ἴσως
1271 518 1322 555 γὰρ
1340 517 1498 548 ἀναστάντος
1514 517 1591 544 αὐτοῦ
1611 514 1760 552 νομίσουσιν
1774 517 1804 545 ἐκ

1043 557 1183 595 συντυχίας
1197 557 1266 589 τινὸς
1281 556 1428 584 ἀναὸιῶσαι
1446 555 1489 584 τὸν
1511 555 1639 593 Λάζαρον.
1655 554 1736 586 Αὐτὸς
1760 550 1804 584 οῧν

1043 596 1094 634 ἐγὼ
1108 596 1306 636 παραγίνομαι,
1325 595 1394 628 ὅπως
1409 595 1535 634 παρόντος
1550 606 1598 632 μου
1612 593 1739 622 αὐτόπται
1757 605 1805 632 γε-

1043 636 1146 673 νόμενοι
1166 638 1217 664 τῶν
1240 636 1303 684 παρ’
1320 636 1384 673 ἐμοῦ
1398 634 1543 673 γενομένων
1564 633 1804 672 θαυματουργημά-

1043 687 1094 703 των
1104 696 1110 708 ,
1127 675 1172 703 καὶ
1187 675 1233 709 τὴν
1249 686 1326 713 χαριν
1341 675 1403 713 παρ’
1418 676 1480 711 ἐμοῦ
1504 673 1650 711 δεξάμενοι,
1669 674 1704 704 εἷς
1717 673 1806 701 πίστιν

1045 714 1152 752 [segniam
1170 715 1306 753 ἐνεχθῶσι.
1330 714 1450 753 Λάζαρος
1463 715 1476 741 6
1494 712 1567 752 φίλος
1581 714 1656 750 ἡμῶν
1677 712 1805 749 κεκοίμη-

1043 766 1086 782 ται
1099 765 1104 770 ·
1121 754 1188 782 ἀλλὰ
1211 754 1356 792 πορεύομαι
1371 753 1506 786 ἐξυπνίσαι
1521 752 1608 781 αὐτόν.
1625 753 1660 779 Οἱ
1674 751 1701 780 δὲ
1717 754 1805 789 μαθη-

1043 793 1086 821 ταὶ
1103 793 1272 829 ἀκούσαντες,
1289 790 1360 822 εἶπον
1373 804 1378 810 ·
1395 792 1492 832 Κύριε,
1518 794 1540 820 εἰ
1560 790 1733 828 κεκοίμηται,
1747 803 1803 820 σω-

1043 833 1159 867 θήσεται.
1187 834 1227 861 Οὐ
1253 835 1373 862 τοσοῦτον
1402 831 1429 860 δὲ
1459 831 1585 863 θεοσεῧῶς
1615 829 1804 869 ἀπεκρίναντο,

1042 871 1100 900 ὅσον
1116 874 1247 911 ἰατρικῶς.
1261 872 1362 904 “’Υπνος
1375 871 1426 921 γὰρ
1439 871 1612 909 ληθαργικοὺς
1623 869 1670 907 μὲν
1693 869 1804 906 βλάπτει

1043 912 1266 949 ἐπεκτεινόμενος,
1287 923 1413 950 πυρετους
1433 910 1460 938 δὲ
1479 910 1535 939 λύει
1558 909 1658 947 μᾶλλον
1679 908 1805 947 ἱδρώτων.

1043 951 1153 986 Ἐπειδὴ
1174 951 1258 980 τοίνυν
1275 950 1362 984 ἔδοξαν
1378 952 1402 979 οἱ
1417 950 1532 987 μαθηταὶ
1549 949 1634 987 λέγειν
1648 947 1691 976 τὸν
1710 948 1806 987 Κύριον

1042 991 1160 1039 περὶτῆς
1171 990 1319 1028 κοιμήσεως
1333 993 1377 1018 τοῦ
1392 989 1482 1022 ὕπνου,
1494 985 1551 1017 εἶπε
1563 987 1628 1026 μετὰ
1639 988 1788 1026 παῤῥησίας
1799 999 1806 1006 ·

1044 1032 1162 1068 Λαζαρος
1177 1032 1190 1058 6
1206 1030 1277 1069 φίλος
1290 1032 1364 1068 ἡμῶν
1379 1029 1492 1058 ἀπέθανε
1504 1040 1510 1046 ·
1526 1028 1571 1058 καὶ
1584 1027 1669 1066 χαίρω
1683 1026 1716 1054 δι’
1729 1028 1808 1066 ὑμᾶς,

1043 1069 1085 1098 ἵνα
1096 1069 1264 1104 πιστεύσητε,
1275 1069 1315 1099 ὅτι
1327 1071 1372 1098 οὐκ
1383 1069 1454 1106 ἤμην
1468 1070 1521 1097 ἐκεῖ
1532 1079 1539 1086 ·
1551 1067 1618 1096 ἀλλὰ
1629 1067 1734 1104 ἄγωμεν
1743 1068 1808 1108 πρὸς

1045 1109 1132 1138 αὐτόν.
1140 1109 1174 1138 ‘O
1183 1109 1220 1147 μὴ
1232 1109 1312 1138 θέλων
1323 1109 1366 1137 τὸν
1374 1108 1483 1137 θάνατον
1491 1110 1534 1136 τοῦ
1546 1106 1713 1145 ἇμαρτωλοῧ,
1720 1107 1810 1147 χαίρει

1045 1152 1087 1178 νῦν
1099 1148 1143 1178 ἐπὶ
1155 1149 1258 1187 θανάτῳ
1270 1149 1354 1187 φίλου.
1366 1147 1466 1186 Χαίρω,
1480 1149 1508 1176 οὗ
1522 1147 1554 1175 δι’
1566 1145 1687 1184 ἐμαυτὸν,
1697 1145 1756 1175 οὐδὲ
1766 1146 1810 1176 διὰ

1045 1188 1088 1216 τὸν
1103 1191 1245 1224 τεθνεῶτα,
1260 1188 1329 1217 ἀλλὰ
1341 1189 1373 1216 δι’
1390 1189 1457 1225 ὑμᾶς
1474 1199 1479 1204 ·
1498 1186 1632 1234 κέχρημαι
1644 1187 1696 1227 γὰρ
1707 1188 1744 1225 τῷ
1759 1189 1808 1215 θοι-

1045 1228 1115 1267 νάτῳ
1138 1228 1202 1267 πρὸς
1226 1227 1269 1256 τὸν
1293 1231 1339 1263 τῆς
1361 1227 1490 1265 ὑμετέρας
1503 1238 1616 1258 πιστεως
1631 1227 1758 1265 θεμέλιον.
1772 1225 1810 1254 Ὠ

1047 1268 1167 1304 θάνατος,
1178 1268 1292 1307 Χριστοῦ
1310 1267 1466 1305 ἀγαλλίασις
1476 1278 1482 1284 ·
1496 1265 1518 1294 ὢ
1532 1265 1656 1302 θάνατος,
1671 1268 1739 1301 ζωῆς
1751 1265 1811 1294 ἀνά-

1047 1308 1134 1340 πλεως
1145 1319 1151 1325 ·
1166 1306 1187 1335 ὢ
1200 1307 1320 1342 θάνατος,
1336 1306 1447 1335 θανάτου
1462 1305 1598 1344 λυτήριον,
1611 1306 1744 1345 σωτηρίας
1759 1307 1810 1344 ἀρ-

1046 1347 1321 1386 χηγὸς,πεπτωκότων
1334 1346 1484 1382 ἀνάστασις,
1495 1344 1647 1382 καμνόντων
1656 1346 1812 1381 ἀνάπαυσις,

1048 1387 1223 1416 ἀσθενούντων
1246 1388 1339 1425 ῥῶσις,
1355 1385 1462 1414 δικαίων
1488 1383 1611 1423 ἀνάψυξις
1622 1395 1629 1401 ·
1643 1385 1665 1413 ὢ
1686 1385 1811 1420 θάνατος,

1048 1426 1170 1455 διαὸόλου
1185 1426 1342 1460 κατάλυσις,
1357 1423 1667 1463 δαιμόνωνκκαθαίρεσις,
1682 1427 1726 1453 τοῦ
1739 1435 1812 1462 πρω-

1048 1466 1196 1494 τοπλάστου
1211 1465 1294 1503 Ἀδὰμ
1310 1465 1451 1496 ἀνανέωσις
1464 1476 1470 1481 ·
1488 1465 1509 1491 ὦ
1525 1462 1633 1497 θάνατε,
1655 1463 1812 1502 εὐφροσύνης

1049 1505 1170 1544 συνεργὲ,
1194 1505 1338 1544 ἀφθαρσίας
1362 1503 1481 1541 μηνυτὰ,
1503 1507 1588 1541 χαρᾶς
1611 1503 1735 1542 χορευταί.
1753 1501 1812 1530 Ἵνα

1050 1545 1076 1573 δὲ
1089 1543 1220 1581 ἐπιτεμὼν
1235 1545 1272 1583 τῷ
1289 1544 1360 1583 λόγῳ
1380 1543 1459 1577 εἴπω,
1474 1542 1580 1581 ἔρχεται
1594 1541 1696 1577 Ἰησοῦς
1715 1543 1751 1574 εἷς
1764 1541 1813 1577 τὴν

1049 1584 1197 1619 Βηθανίαν,
1215 1584 1369 1618 ἀπήντησαν
1391 1584 1462 1621 αὐτῷ
1485 1584 1511 1610 αἱ
1537 1581 1648 1619 ἀδελφαὶ
1675 1582 1814 1620 Λαζάρου,

1049 1623 1243 1662 προσπίπτουσι
1262 1627 1315 1655 τοῖς
1330 1622 1421 1663 γόὲιασιι
1439 1625 1484 1649 τοῦ
1500 1620 1596 1659 Κυρίου
1609 1621 1746 1650 κλαίουσαι
1768 1621 1815 1649 καὶ

1051 1663 1173 1702 λέγουσαι
1186 1662 1305 1703 ᾆΚύριε,
1318 1664 1340 1690 εἷ
1351 1664 1381 1696 ἧς
1396 1662 1455 1702 ιῖὶδε,
1469 1662 1515 1689 οὐκ
1527 1660 1557 1688 ἂν
1570 1661 1697 1690 ἀπέθανεν
1708 1661 1785 1698 ἡμῶν
1800 1662 1817 1689 6

1051 1702 1171 1742 ἀδελφός.
1191 1705 1253 1740 Ἆρα
1267 1702 1318 1741 γὰρ
1340 1703 1387 1729 οὐκ
1403 1704 1434 1735 ἠν
1458 1701 1530 1735 ἐκεῖ;
1548 1699 1627 1729 Ἀλλὰ
1641 1702 1679 1739 τῷ
1700 1700 1747 1739 μὲν
1763 1699 1815 1727 σώ-

1053 1753 1116 1779 ματι
1133 1744 1179 1770 οὐκ
1190 1737 1222 1776 ἦν
1235 1743 1303 1774 ἐκεῖ,
1317 1743 1349 1779 τῇ
1364 1740 1390 1768 δὲ
1403 1740 1506 1774 θεότητι
1518 1741 1547 1768 οὗ
1567 1739 1644 1777 μόνον
1661 1742 1730 1775 ἐκεῖ,
1747 1738 1817 1768 ἀλλὰ

1052 1782 1097 1810 καὶ
1113 1783 1138 1810 ἐν
1154 1782 1278 1819 οὐρανοῖς.
1293 1782 1356 1812 Πῶς
1377 1780 1427 1818 γὰρ
1446 1780 1570 1820 ἐγίνέυσκε
1585 1779 1615 1808 τὸ
1631 1779 1696 1808 πότε
1717 1778 1816 1807 ἀπέθα-

1053 1833 1093 1849 νεν
1108 1822 1121 1848 ὁ
1136 1821 1269 1860 Λάζαρος,
1284 1822 1307 1848 εἰ
1323 1820 1359 1857 μὴ
1382 1818 1474 1859 παρὼν
1493 1822 1524 1853 ἠν
1546 1818 1615 1847 κατὰ
1634 1818 1681 1854 τὴν
1705 1817 1817 1858 ἀόρατον

1054 1860 1164 1897 δύναμιν
1177 1863 1223 1894 τῆς
1237 1859 1371 1894 θεότητος;
1387 1859 1439 1888 Καὶ
1453 1858 1554 1896 ελεγονἸ
1569 1858 1660 1896 Κύριε,
1675 1859 1697 1886 εἷ
1711 1853 1742 1892 ἧς
1755 1857 1816 1892 ὧδε,

1053 1901 1099 1928 οὐκ
1107 1900 1136 1927 ἂν
1148 1899 1275 1928 ἀπέθανεν
1283 1900 1359 1936 ἡμῶν
1371 1901 1384 1926 6
1397 1897 1515 1936 ἀδελφός.
1524 1893 1592 1925 Εἶπε
1602 1898 1629 1925 δὲ
1639 1897 1704 1936 πρὸς
1716 1895 1795 1928 αὐτὰς
1803 1897 1817 1924 6

1054 1939 1149 1978 Κύριος
1158 1951 1164 1956 ·
1183 1937 1351 1971 πιστεύσατε,
1366 1937 1410 1966 καὶ
1424 1938 1517 1975 ὄψεσθε
1530 1936 1577 1971 τὴν
1591 1936 1666 1969 δόξαν
1679 1940 1725 1964 τοῦ
1737 1937 1817 1971 Θεοῦ,

1055 1978 1183 2007 διδάσκων
1201 1978 1242 2007 ὅτι
1260 1979 1312 2006 τῶν
1332 1977 1414 2017 ἔργων
1429 1979 1481 2005 τῶν
1493 1978 1597 2014 ἀγαθῶν
1613 1979 1630 2011 ἡ
1645 1975 1733 2008 πίστις
1747 1974 1819 2004 ἐστὶν

1055 2017 1179 2056 ἀρχηγός.
1193 2017 1247 2045 Καὶ
1262 2017 1395 2054 θεωρήσας
1416 2015 1496 2048 αὐτὰς
1516 2015 1674 2051 κλαιούσας,
1694 2014 1739 2044 καὶ
1759 2013 1820 2046 τοὺς

1054 2057 1186 2096 παρόντας
1204 2056 1359 2092 Ἰουδαίους,
1378 2055 1592 2096 Ἐνεξριμήσατο
1613 2057 1651 2093 τῷ
1671 2053 1819 2091 πνεύματι,

1055 2097 1099 2125 καὶ
1115 2096 1239 2135 ἐτάραξεν
1255 2096 1361 2131 ἑαυτὸν,
1371 2095 1416 2123 καὶ
1429 2098 1485 2124 εἰπε
1496 2106 1502 2111 ·
1517 2097 1567 2123 ποῧ
1578 2094 1710 2122 τεθείκατε
1726 2092 1822 2129 αὐτ-ἄη

1056 2136 1091 2165 Τί
1105 2139 1161 2165 ἐστι
1175 2136 1219 2172 τὸ,
1233 2135 1445 2174 Ἔνεὸριμήσατο
1457 2136 1495 2172 τῷ
1517 2133 1663 2171 πνεύματι;
1681 2132 1818 2169 Ἔκδεξαι,

1056 2176 1190 2214 ἀγαπητὲ,
1212 2175 1257 2204 καὶ
1283 2177 1339 2212 μετ’
1354 2173 1439 2213 ὀλίγον
1456 2173 1572 2212 εὑρήσεις
1594 2176 1639 2202 τοῦ
1659 2171 1819 2209 ζητουμένου

1055 2216 1102 2250 τὴν
1127 2215 1211 2244 λύσιν.
1237 2213 1382 2254 Ἐτάραξεν
1408 2213 1498 2242 ἑαυτὸν
1509 2234 1516 2247 ,
1539 2214 1589 2250 οὔχ
1613 2213 1648 2244 ὡς
1670 2215 1746 2249 ἡμεῖς
1770 2211 1821 2239 ὑπὸ

1057 2255 1153 2288 δειλίας
1171 2254 1188 2289 ἢ
1214 2253 1299 2289 λύπης
1322 2252 1520 2292 ταρασσόμεθα,
1548 2253 1605 2280 ἀλλ’
1630 2251 1706 2292 αὐτὸς
1729 2250 1820 2279 ἑαυτὸν

1056 2294 1166 2333 ἐτάραξε
1175 2316 1182 2328 ,
1196 2293 1241 2322 καὶ
1254 2294 1339 2331 λέγει,
1357 2293 1414 2321 Ποῧ
1427 2292 1560 2320 τεθείκατε
1583 2290 1677 2326 αὖτόν;
1695 2292 1758 2329 Ἀρα
1770 2288 1822 2329 γὰρ

1057 2334 1144 2372 ἠγνόει
1158 2337 1208 2362 ποῦ
1222 2333 1368 2367 τέθαπται,
1384 2333 1398 2359 6
1413 2330 1532 2369 ἐγνωκὼς
1545 2330 1609 2359 πότε
1622 2329 1822 2365 τετελεύτηκεν;

1058 2373 1136 2402 Ἀλλὰ
1151 2372 1254 2411 μιγνύει
1272 2372 1305 2400 τὰ
1319 2370 1470 2410 ἀνθρώπινα
1486 2370 1592 2409 ῥήματα
1604 2374 1656 2401 τοῖς
1670 2369 1747 2401 θείοις
1762 2371 1822 2409 02²⁰·

1059 2412 1276 2451 ματουργήμασιν
1285 2433 1292 2446 ,
1318 2411 1361 2439 ἵνα
1384 2409 1455 2448 δείξῃ
1480 2410 1520 2438 ὅτι
1547 2409 1592 2438 καὶ
1616 2409 1749 2447 ἄνθρωπος
1773 2410 1821 2443 ἠν,

1058 2452 1125 2481 καθὰ
1137 2452 1183 2480 καὶ
1197 2454 1209 2480 6
1221 2450 1357 2490 προφήτης
1370 2449 1441 2487 λέγει
1452 2461 1458 2466 “
1472 2449 1523 2478 Καὶ
1539 2448 1676 2487 ἄνθρωπός
1689 2449 1744 2476 ἐστι
1753 2469 1760 2482 ,
1775 2446 1821 2475 καὶ

1058 2492 1096 2524 τίς
1115 2491 1244 2529 γνώσεται
1266 2490 1360 2525 aurbu
1384 2491 1471 2518 Τοῦτο
1495 2488 1521 2517 δὲ
1541 2487 1680 2526 προέταξεν
1703 2486 1746 2515 ἵνα
1770 2498 1821 2521 tm-

1059 2531 1150 2570 μαίνῃ.
1167 2530 1207 2560 ὅτι
1222 2529 1266 2559 καὶ
1281 2530 1343 2559 ἄλλο
1367 2529 1392 2557 τί
1411 2530 1494 2564 ἐστιν,
1509 2527 1573 2567 ὅπερ
1590 2526 1644 2556 ἐστὶ
1667 2526 1742 2558 Θεός.
1763 2527 1821 2554 Ποῦ
