1893 2860
114 1962 179 1982 Putat
189 1961 259 1990 Chi-5-

114 1998 222 2013 sostomus

114 2024 207 2044 Paulum
216 2023 257 2043 Ro<

115 2062 174 2074 niani
186 2056 257 2082 impe-

116 2093 143 2105 tn
161 2086 225 2106 linem

115 2116 241 2144 praedicere.

284 171 354 205 612

283 245 357 283 dere,
378 243 448 283 quod
467 243 520 272 sint
542 242 645 278 eadem,
668 244 794 282 quoniam
818 245 924 274 nullum
940 245 1016 275 vobis

283 292 401 320 laborem
415 289 585 326 exhibemus,
612 299 697 328 neque
721 291 861 329 peregrina
884 291 973 329 aliqua
993 297 1019 320 ct

284 338 423 365 immutata
435 335 561 363 dicimur.
579 335 654 371 Quid
671 346 734 365 vero
748 337 761 364 ἶ)
774 337 901 375 quoniam
914 337 960 366 illa
975 348 1018 366 ea-

281 382 342 410 dem
355 392 411 410 csse
433 381 536 419 dicitis,
552 389 641 410 nostra
655 389 744 411 autem
769 393 820 411 non
834 390 894 411 sunt
908 383 1011 417 cadem,

282 428 328 457 sed
341 439 446 467 semper
457 438 526 456 nova
537 427 681 457 dicimuset
693 429 842 468 peregrina,
854 429 925 458 eisne
936 436 1018 458 atten-

616 180 644 203 S.

672 180 811 203 JOANNJS
838 182 1018 204 cnnYSOST.
1048 182 1204 206 ARCHIEP.
1232 185 1500 209 CONSTANTINOP-

1075 258 1130 284 μεν,
1139 247 1237 280 τούτοις
1253 249 1410 288 προσέχετε,
1421 251 1561 288 Οὐδαμῶς·
1575 251 1633 278 ἀλλ’
1649 250 1679 278 ἂν
1695 250 1741 287 μὲν
1757 250 1836 278 εἴπω-

1075 303 1132 329 μεν,
1142 292 1185 321 διὰ
1200 293 1226 321 τί
1238 294 1296 322 οὐδὲ
1306 298 1390 323 ταῦτα
1406 296 1547 335 >cariffi-53
1561 296 1643 332 ἅπαξ,
1656 295 1735 334 φησὶ,
1747 295 1838 324 ἀκούο-

1075 349 1134 374 μεν,
1155 338 1198 366 καὶ
1223 341 1278 371 πῶς
1300 339 1337 368 ἔνι
1359 345 1517 380 κατασχεῖν;
1536 341 1567 369 ἂν
1591 341 1716 378 εἴπωμεν,
1732 340 1839 373 ἐκείνοις

1073 382 1116 411 διὰ
1131 383 1157 411 τί
1171 385 1199 412 οὐ
1213 383 1372 424 προσέχετε;
1384 385 1466 424 φατὲ,
1479 386 1520 414 ἀεὶ
1533 386 1566 415 τὰ
1582 386 1648 415 αὐτὰ
1660 386 1779 423 λέγεται·
1793 386 1839 414 καὶ

1073 427 1199 457 πάντοθεν
1213 430 1342 469 ῥᾳθυμίας
1356 429 1400 458 καὶ
1415 430 1535 469 σκήψεως
1545 431 1579 460 τὰ
1593 431 1708 470 ῥήματα.
1724 431 1794 459 Ἀλλ’
1809 432 1838 460 οὗ

280 473 367 502 ditis?
380 475 572 512 Nequaquam,
586 474 631 502 sed
645 474 668 502 si
681 473 841 511 dixerimus,
853 475 909 503 Gur
919 485 951 504 ne
962 475 1017 504 hoec
1029 484 1065 516 ⁵2⁹
1074 474 1242 514 προχωρήσει
1257 477 1341 503 ταῦτα
1358 475 1510 509 διαπαντὸς,
1522 477 1579 504 ἀλλ’
1595 476 1667 505 ἔσται
1681 476 1785 515 καιρὸς,
1795 476 1839 505 ὅτε

279 521 387 559 quidem
401 521 520 549 retinetis
531 521 543 549 Ρ
554 521 653 556 Semel,
670 521 768 559 inquit,
786 521 911 550 audimus
919 529 943 550 et
952 533 1018 560 quo-
1037 528 1056 550 Α

279 564 360 593 modo
382 565 440 593 ficri
463 572 548 604 potest
560 572 589 593 ut
604 565 764 594 retineamus
779 566 792 594 Ξ)
807 566 836 594 Si
853 565 1015 603 dixerimus,

281 612 335 640 Cur
351 612 396 641 illa
411 623 462 641 non
475 612 611 641 attenditis
626 612 750 651 ?dicitis‚
767 613 878 652 Semper
891 613 1017 642 dicuntur

277 658 369 688 eadem
382 671 388 686 τ
403 666 428 688 et
440 659 559 697 undique
575 666 636 688 sunt
651 659 708 688 haec
731 660 814 689 verba
839 660 968 689 socordiae
991 667 1016 689 et

277 711 433 743 praetextus.
449 706 538 733 Atnon
549 711 676 744 perpetuo
688 705 841 744 procedent,
854 706 897 734 sed
910 713 1015 745 tempus

278 750 327 778 crit
338 750 444 788 quando
458 757 555 779 temere
566 757 591 778 et
602 751 699 779 frustra
710 751 924 779 lamentabimur.
935 751 1016 786 Quod

277 795 347 823 absit
362 807 368 823 :
383 795 428 824 sed
439 796 529 835 potius
543 796 590 824 fiat
605 803 634 824 ut
655 806 716 824 cum
730 796 912 835 poenitentiam
925 798 1013 836 egeri-

277 851 345 877 mus,
371 852 431 869 cum
446 840 587 880 prudentia
599 841 748 879 pietateque
762 842 794 869 iis
808 852 868 880 quae
885 842 1015 871 dicuntur

275 886 475 923 attenderimus,
494 886 528 915 ad
542 886 611 914 bona
625 896 705 925 opera
719 886 820 925 agenda
832 898 1013 926 properemus,

275 938 301 960 et
311 932 477 960 exactissime
496 931 577 959 vitam
591 938 707 959 nostram
722 932 897 970 corrigamus,
913 940 942 961 ut
953 944 1014 972 pos-

275 977 358 1005 simus
380 976 483 1015 assequi
498 976 567 1005 bona
583 976 714 1015 promissa
737 977 770 1005 iis
784 977 830 1015 qui
846 978 936 1017 ipsum
949 979 1014 1008 dili-

276 1029 352 1061 gunt,
370 1023 455 1061 gratia
470 1029 495 1051 et
508 1023 684 1062 benignitate,
696 1030 747 1052 etc.

1074 520 1237 558 θρηνήσομεν
1252 522 1310 558 εἷκῇ
1333 520 1378 549 καὶ
1393 520 1493 558 μάτην·
1506 520 1571 559 ὅπερ
1588 521 1624 559 μὴ
1638 521 1753 558 γένοιτο·
1769 521 1838 550 ἀλλὰ

1072 565 1172 604 γένοιτο
1192 567 1301 594 ἐνταῦθα
1323 566 1548 603 μετανοήσαντας,
1564 566 1608 594 καὶ
1631 566 1697 604 μετὰ
1711 567 1837 599 συνέσεως

1072 611 1116 639 καὶ
1142 611 1209 649 μετὰ
1232 611 1369 643 εὐλαὸείας
1395 611 1573 650 προσέχοντας
1597 615 1651 644 τοῖς
1673 613 1836 651 λεγομένοις,

1071 657 1134 695 πρὸς
1148 656 1196 691 τὴν
1210 659 1261 685 τῶν
1279 659 1383 695 ἀγαθῶν
1397 656 1479 695 ἔργων
1495 656 1657 695 κατόρθωσιν
1672 658 1835 696 ἐπείγεσθαι,

1070 702 1114 730 καὶ
1129 702 1195 740 μετὰ
1210 702 1297 737 πάσης
1312 701 1445 741 ἀκριὸείας
1461 701 1504 730 τὸν
1526 704 1624 730 ἑαυτῶν
1643 702 1698 740 βίον
1712 703 1835 738 εὐθύνειν,

1069 748 1112 777 ἵνα
1127 749 1276 785 δυνηθῶμεν
1292 750 1426 787 ἐπιτυχεῖν
1446 750 1496 776 τῶν
1514 749 1716 786 ἐπηγγελμένων
1731 750 1835 787 ἀγαθῶν

1070 798 1123 826 τοῖς
1137 795 1273 833 ἀγαπῶσιν
1289 794 1374 831 αὐτὸν,
1386 793 1476 833 χάριτι
1491 794 1534 822 καὶ
1550 794 1741 835 φιλανθρωπία.

291 1129 1818 1145 Ἣ

536 1201 688 1230 HOMILlA
709 1202 759 1233 IV.
1034 1209 1051 1230 Β

275 1292 343 1321 Car.
360 1293 397 1322 ΙΙ.
422 1303 451 1321 v.
472 1294 500 1321 6.
518 1293 559 1321 Et
583 1304 660 1322 nunc
678 1295 751 1333 quid
773 1295 903 1324 detineat
923 1298 1014 1335 scitis,

314 1345 346 1367 ut
358 1339 501 1367 reveletur
510 1341 541 1367 in
552 1350 604 1368 suo
617 1347 752 1378 tempore.
768 1342 795 1370 7.
811 1342 889 1370 Nam
904 1349 1016 1379 myste—

313 1386 389 1412 rium
410 1386 476 1424 jam
500 1391 637 1423 operatur
651 1388 817 1425 iniquitatis
830 1398 838 1413 .-
855 1393 968 1416 tantum
984 1394 1015 1416 ut

314 1432 365 1468 qui
376 1437 452 1459 tenet
468 1441 556 1468 nunc,
570 1437 667 1459 teneat
682 1432 773 1460 donec
784 1433 820 1460 de
832 1433 926 1461 medio
932 1433 995 1472 fiat
1005 1445 1014 1460 .-

314 1476 344 1503 8.
367 1482 394 1503 et
419 1482 487 1504 tunc
509 1476 688 1505 revelabitur
706 1477 757 1505 ille
778 1479 911 1516 iniquus,
930 1489 1014 1517 quem

314 1522 460 1550 Dominus
469 1523 556 1551 Jesus·
567 1523 721 1562 interficiet
731 1525 833 1562 spiritu
852 1526 909 1553 oris
919 1526 974 1559 sui,
987 1531 1014 1553 et

313 1567 440 1596 destruet
452 1568 648 1597 illustratione
656 1570 799 1598 adventus
813 1572 869 1607 sui,
884 1570 916 1599 9,
931 1572 1013 1610 cujus

313 1617 355 1640 est
363 1612 507 1640 adventus
516 1613 674 1641 secundum
685 1615 880 1651 operationem
891 1620 1011 1643 satanoe.
1030 1619 1047 1642 C

312 1709 338 1736 1.
363 1709 461 1737 Merito
477 1709 612 1747 quaesierit
627 1710 762 1749 quispiam
777 1710 894 1749 primum
905 1711 971 1749 quid
980 1711 1014 1740 sit

269 1753 350 1791 illud,
370 1755 455 1791 Quod
477 1756 596 1792 detinet,
609 1763 633 1784 et
648 1762 738 1795 postea
760 1756 825 1785 velit
846 1755 948 1786 discere
966 1768 1014 1787 cur

269 1806 324 1828 tam
333 1799 445 1827 obscure
454 1799 504 1828 hoc
513 1807 594 1839 ponat
601 1802 711 1830 Paulus.
722 1801 796 1836 Quid
803 1808 919 1841 estergo‚
931 1803 1015 1840 Quod

269 1845 399 1872 detineat
417 1851 446 1873 ut
465 1846 610 1874 reveletur
626 1849 701 1885 ipse,
714 1847 765 1875 hoc
783 1854 832 1884 est,
857 1847 928 1885 quod
948 1859 1012 1887 pro-

270 1889 361 1918 hibeat
380 1900 412 1917 nc
426 1890 580 1919 reveletur?
599 1891 652 1920 Alii
667 1891 776 1929 quidem
791 1891 885 1921 dicunt
900 1894 1012 1932 gratiam

270 1935 389 1975 Spiritus
405 1947 412 1972 ;
428 1936 473 1964 alii
490 1943 579 1965 autem
606 1938 758 1966 Romanum
779 1938 921 1977 imperium
935 1951 940 1966 :
953 1939 1013 1977 qui-

270 1982 320 2011 bus
341 1993 389 2021 ego
408 1982 525 2011 maxime
543 1983 681 2012 assentior.
696 1984 786 2018 Quare
801 1984 814 2012 Ξ)
829 1985 974 2023 Quoniam,
990 1985 1012 2014 si

271 2029 397 2058 voluisset
424 2029 512 2057 dicere
532 2029 670 2068 spiritum,
684 2041 736 2059 non
756 2030 868 2059 dixisset
890 2031 1011 2068 obscure,

269 2073 315 2103 sed
332 2081 431 2113 aperte,
446 2074 519 2112 quod
531 2085 602 2103 nunc
619 2086 725 2114 quoque
738 2087 800 2105 eum
817 2076 933 2105 detineat
951 2087 1011 2116 gra-

269 2121 305 2148 tia
318 2120 509 2160 Spiritus‚hoc
532 2127 580 2157 est,
607 2121 768 2150 charismata
791 2133 838 2150 seu
859 2122 929 2150 dona
947 2133 1010 2161 gra-

268 2166 466 2204 tuita.Alioqui
490 2173 581 2194 autem
606 2173 738 2205 oporteret
759 2177 820 2195 eum
840 2168 898 2206 jam
924 2167 1010 2196 adve-

267 2212 351 2247 nisse,
364 2211 497 2249 siquidem
518 2218 584 2240 esset
606 2212 789 2247 adventurus,
807 2223 868 2241 cum
893 2213 1010 2242 defecis-

267 2265 323 2286 sent
333 2258 494 2285 charismata
511 2269 516 2284 z
531 2268 592 2286 nam
605 2259 663 2297 jam
677 2258 742 2287 olim
755 2258 921 2287 defecerunt.
936 2259 1010 2294 Quo-

267 2303 338 2331 niam
354 2311 442 2332 autem
453 2303 503 2331 hoc
518 2303 585 2331 dicit
599 2304 633 2332 de
645 2305 764 2333 Romano
776 2304 899 2343 imperio,
911 2304 1007 2333 merito

264 2350 320 2386 jam
341 2349 507 2387 aenigmatice
526 2356 551 2378 et
566 2349 726 2379 adumbrate
745 2357 784 2379 cst
800 2351 927 2389 loquutus
943 2364 948 2378 :
966 2361 1010 2379 ne-

269 2404 319 2430 que
341 2394 412 2422 enim
435 2394 542 2423 volebat
563 2406 774 2435 supervacaneas
797 2397 931 2436 suscipere
954 2396 1008 2424 ini—

267 2438 381 2467 micitias
401 2447 426 2468 et
446 2441 553 2469 inutilia
568 2441 697 2480 pericula.
713 2443 783 2471 Nam
801 2442 824 2470 si
844 2442 956 2471 dixisset
969 2443 1009 2470 fu-

267 2489 359 2511 turum
371 2483 429 2520 jam
453 2491 482 2512 ut
497 2485 578 2523 paulo
596 2492 657 2524 post
675 2487 826 2515 Romanum
847 2493 1009 2515 everteretur
1025 2489 1043 2512 E

266 2529 420 2567 impr-rium,
436 2540 497 2559 cum
518 2532 639 2569 protinus
657 2540 795 2571 tamquam
818 2533 961 2562 exitiosum
984 2541 1009 2562 et

267 2575 420 2613 pestiferum
431 2574 564 2605 hominem
574 2577 759 2615 confodissent,
769 2585 793 2607 et
803 2579 896 2608 fideles
906 2590 1005 2614 omncs,

1351 1209 1487 1238 ΟΜΙΛΙΑ
1509 1208 1542 1238 δ’.

1069 1299 1121 1329 Καὶ
1138 1303 1180 1329 νῦν
1199 1300 1228 1329 τὸ
1252 1300 1365 1340 κατέχον
1388 1300 1493 1336 οἴδατε,
1508 1302 1543 1333 εἷς
1565 1300 1595 1329 τὸ
1617 1301 1835 1340 ἀποκαλυφθῆναι

1108 1346 1184 1375 αὐτὸν
1199 1347 1224 1374 ἐν
1241 1348 1279 1385 τῷ
1293 1348 1385 1374 ἑαυτοῦ
1399 1348 1493 1386 καιρῷ.
1505 1346 1545 1375 Τὸ
1558 1346 1608 1385 γὰρ
1624 1346 1768 1384 μυστήριον
1782 1346 1833 1381 ἤδη

1108 1393 1250 1430 ἐνεργεῖται
1263 1394 1309 1426 τῆς
1322 1391 1444 1429 ἀνομίας,
1457 1391 1534 1429 μόνον
1549 1394 1563 1420 ὁ
1577 1391 1696 1430 κατέχων
1711 1391 1771 1430 ἄρτι
1786 1390 1835 1423 ἕως

1106 1437 1136 1465 ἐκ
1160 1436 1239 1474 μέσου
1257 1436 1378 1475 γένηται·
1399 1437 1444 1465 καὶ
1466 1437 1525 1465 τότε
1550 1437 1800 1475 ἀποκαλυφθήσεται
1820 1438 1834 1465 ὁ

1107 1482 1211 1520 ἄνομος,
1224 1482 1251 1511 ὃν
1266 1484 1280 1510 ὁ
1295 1482 1388 1520 Κύριος
1403 1482 1490 1518 Ἰησοῦ
1506 1482 1636 1510 ἀναλώσει
1649 1483 1687 1520 τῷ
1701 1481 1833 1519 πνεύματι

1105 1532 1150 1556 τοῦ
1164 1528 1293 1565 στόματος
1308 1529 1386 1556 αὐτοῦ
1395 1551 1402 1563 ,
1414 1528 1459 1556 καὶ
1473 1527 1633 1566 καταργήσει
1645 1529 1678 1566 τῇ
1693 1526 1832 1566 ἐπιφανείᾳ

1105 1575 1153 1608 τῆς
1173 1573 1318 1613 παρουσίας
1338 1569 1470 1602 αὐτοῦ-οἷ
1492 1575 1562 1602 ε’στιν
1581 1575 1597 1607 ἡ
1618 1572 1750 1612 παρουσία
1771 1571 1833 1601 κατ’

1106 1619 1236 1658 ἐνέργειαν
1250 1622 1294 1648 τοῦ
1310 1623 1420 1648 σατανᾶ.

1106 1711 1251 1747 Ζητήσειεν
1269 1711 1299 1739 ἄν
1319 1723 1358 1743 τις
1378 1712 1482 1750 πρῶτον
1502 1710 1623 1746 εἰκότως,
1635 1710 1661 1738 τί
1676 1709 1741 1738 ποτέ
1759 1711 1832 1745 ἔστι,

1067 1757 1107 1786 Τὸ
1127 1756 1248 1796 κατέχον,
1261 1756 1305 1785 καὶ
1322 1755 1388 1794 μετὰ
1403 1760 1485 1785 ταῦτα
1500 1759 1601 1794 μαθεῖν,
1613 1755 1640 1784 τί
1655 1755 1753 1790 δήποτε
1768 1756 1831 1784 ἀσα-

1067 1806 1121 1842 φῶς
1140 1803 1221 1836 οὕτως
1241 1802 1304 1831 αὐτὸ
1322 1803 1423 1837 τίθησιν
1442 1804 1455 1830 ὁ
1471 1803 1585 1835 Παῦλος.
1608 1801 1644 1830 Τί
1663 1801 1756 1836 δήποτ’
1787 1797 1832 1829 οῧν

1066 1850 1122 1878 ἐστι
1137 1849 1177 1878 Τὸ
1192 1848 1305 1887 κατέχον
1328 1849 1543 1886 ἀποκαλυφθῆναι
1565 1847 1651 1882 αὐτὸν,
1664 1846 1792 1880 τουτέστι,
1803 1847 1833 1875 τὸ

1066 1894 1182 1929 κωλύον,
1194 1896 1229 1923 Oi
1245 1893 1291 1931 μὲν
1315 1897 1360 1922 τοῦ
1382 1892 1538 1931 Πνεύματος
1551 1892 1598 1928 τὴν
1613 1892 1690 1931 χάριν
1706 1892 1793 1931 φασὶν,
1808 1894 1832 1921 οἱ

1066 1940 1093 1969 ’δὲ
1114 1941 1161 1975 τὴν
1184 1939 1338 1977 Ῥωμαϊκὴν
1358 1939 1456 1977 ἀρχήν·
1472 1934 1509 1970 οἷς
1527 1938 1609 1976 ἔγωγε
1628 1938 1744 1975 μάλιστα
1762 1937 1832 1965 τίθε-

1067 1998 1123 2023 μαι.
1139 1984 1189 2014 Διὰ
1205 1985 1244 2020 τί,
1258 1984 1322 2013 ‘'Ox-t
1338 1986 1359 2012 εἷ
1374 1984 1404 2013 τὸ
1418 1987 1522 2022 πνεῦμα
1535 1983 1658 2012 ἐὸούλετο
1678 1984 1771 2018 εἰπεῖν,
1785 1984 1832 2011 οὐκ

1066 2031 1095 2060 ἂν
1111 2027 1181 2060 εἶπεν
1199 2032 1322 2069 ἀσαφῶς,
1339 2029 1406 2058 ἀλλὰ
1422 2032 1554 2069 φανερῶς,
1566 2028 1605 2057 ὅτι
1619 2028 1665 2057 καὶ
1684 2031 1729 2057 ν’ῡν
1753 2028 1830 2057 αὐτὸν

1065 2077 1170 2116 κατέχει
1186 2079 1203 2111 ἡ
1219 2080 1264 2105 τοῦ
1286 2075 1439 2114 Πνεύματος
1454 2075 1547 2114 χαίοις,
1560 2074 1693 2110 τουτέστι,
1705 2074 1738 2103 τὰ
1752 2074 1830 2113 χαρί-

1065 2123 1268 2161 σματα.Ἀλλως
1281 2122 1308 2151 δὲ
1321 2122 1372 2150 ἔδει
1383 2121 1433 2156 ἤδη
1447 2120 1650 2159 παραγενέσθαι,
1661 2119 1685 2148 εἴ
1694 2131 1723 2158 γε
1735 2119 1830 2158 ἔμελλε

1062 2171 1114 2197 τῶν
1127 2167 1302 2207 χαρισμάτων
1315 2166 1486 2195 ἐκλειπόντων
1501 2165 1709 2204 παραγενέσθαι·
1721 2165 1767 2194 καὶ
1779 2165 1831 2204 γὰρ

1063 2215 1146 2243 πάλαι
1166 2213 1325 2242 ἐκλέλοιπεν.
1344 2211 1455 2246 Ἐπειδὴ
1477 2212 1504 2240 δὲ
1525 2211 1585 2249 περὶ
1609 2213 1657 2245 τῆς
1676 2210 1832 2249 εΡωμαϊκῆς

1063 2262 1146 2298 ἀρχῆς
1161 2258 1238 2288 τοῦτό
1253 2269 1342 2297 φησιν,
1357 2257 1462 2289 εἰκότως
1477 2256 1599 2295 ᾐνίξατο,
1611 2256 1656 2284 καὶ
1679 2255 1745 2288 τέως
1765 2255 1830 2294 φησὶ

1063 2303 1304 2342 συνεσκιασμένως·
1322 2302 1378 2332 οὐδὲ
1393 2303 1443 2341 γὰρ
1458 2302 1578 2331 ἐδούλετο
1591 2300 1718 2340 περιττὰς
1733 2301 1830 2340 ἔχθρας

1062 2350 1236 2389 ἀναδέχεσθαι
1251 2349 1296 2378 καὶ
1312 2348 1450 2384 ἀνονήτους
1471 2348 1611 2380 κινδύνους.
1626 2348 1660 2376 Εἰ
1682 2347 1734 2386 γὰρ
1757 2342 1828 2375 εἶπεν

1061 2397 1101 2425 ὅτι
1123 2396 1214 2436 μικρὸν
1227 2395 1333 2434 ὕστερον
1353 2394 1564 2429 καταλυθήσεται
1582 2396 1599 2428 ἡ
1619 2392 1762 2431 εΡωμαίων
1783 2392 1829 2432 ἀρ-

1061 2442 1096 2480 χὴ
1107 2442 1172 2477 ,ἤδη
1185 2440 1277 2472 εὐθέως
1291 2440 1320 2468 ἂν
1335 2440 1411 2468 αὐτὸν
1425 2439 1469 2468 καὶ
1483 2438 1636 2477 κατώρυξαν
1647 2440 1682 2471 ὡς
1695 2439 1828 2475 λυμεῶνα,

1062 2487 1107 2516 καὶ
1121 2487 1180 2519 τοὺς
1194 2486 1301 2518 πιστοὺς
1317 2486 1450 2521 ἅπαντας,
1462 2487 1496 2517 ὡς
1511 2484 1554 2513 ἐπὶ
1569 2484 1653 2522 τούτῳ
1669 2485 1767 2517 ζῶντας
1783 2482 1828 2511 καὶ

1063 2531 1292 2573 στρατευομένους.
1307 2531 1358 2560 Διὰ
1372 2533 1448 2559 τοῦτο
1463 2532 1510 2559 οὐκ
1525 2525 1596 2558 εἶπεν
1610 2528 1705 2565 οὕτως,
1720 2529 1771 2558 οὐδ’
1788 2527 1827 2556 ὅτι

1063 2579 1163 2618 ταχέως
1179 2579 1265 2615 ἔσται,
1278 2577 1364 2607 καίτοι
1375 2589 1403 2615 γε
1419 2577 1459 2606 ἀεὶ
1473 2577 1535 2606 αὐτὸ
1549 2576 1632 2614 λέγει·
1647 2575 1715 2605 ἀλλὰ
1727 2574 1765 2610 τί,
1780 2575 1826 2606 Εἷς
