<?xml version="1.0" encoding="UTF-8"?>
<!DOCTYPE html PUBLIC "-//W3C//DTD XHTML 1.0 Transitional//EN"
    "http://www.w3.org/TR/xhtml1/DTD/xhtml1-transitional.dtd">
<html xmlns="http://www.w3.org/1999/xhtml" xml:lang="en" lang="en">
 <head>
  <title>
</title>
<meta http-equiv="Content-Type" content="text/html;charset=utf-8" />
  <meta name='ocr-system' content='tesseract 3.04.00' />
  <meta name='ocr-capabilities' content='ocr_page ocr_carea ocr_par ocr_line ocrx_word'/>
</head>
<body>
  <div class='ocr_page' id='page_1' title='image "./operaomniaquaeex11johnuoft/operaomniaquaeex11johnuoft_0193.png"; bbox 0 0 1893 2860; ppageno 0'>
   <div class='ocr_carea' id='block_1_1' title="bbox 424 148 1221 181">
    <p class='ocr_par' dir='ltr' id='par_1_1' title="bbox 424 148 1221 181">
     <span class='ocr_line' id='line_1_1' title="bbox 424 148 1221 181; baseline 0 0"><span class='ocrx_word' id='word_1_1' title='bbox 424 157 456 181; x_wconf 67' lang='lat' dir='ltr'>iu</span> <span class='ocrx_word' id='word_1_2' title='bbox 485 157 592 180; x_wconf 76' lang='lat' dir='ltr'>EPIST.</span> <span class='ocrx_word' id='word_1_3' title='bbox 623 156 667 179; x_wconf 58' lang='lat' dir='ltr'>:m</span> <span class='ocrx_word' id='word_1_4' title='bbox 694 148 813 179; x_wconf 58' lang='lat' dir='ltr'>Brutis.</span> <span class='ocrx_word' id='word_1_5' title='bbox 841 154 918 178; x_wconf 58' lang='lat' dir='ltr'>car.</span> <span class='ocrx_word' id='word_1_6' title='bbox 949 156 984 179; x_wconf 91' lang='lat' dir='ltr'>v.</span> <span class='ocrx_word' id='word_1_7' title='bbox 1014 158 1132 181; x_wconf 61' lang='lat' dir='ltr'>nomn.</span> <span class='ocrx_word' id='word_1_8' title='bbox 1162 158 1221 181; x_wconf 78' lang='lat' dir='ltr'>xx.</span> 
     </span>
    </p>
   </div>
   <div class='ocr_carea' id='block_1_2' title="bbox 43 216 821 808">
    <p class='ocr_par' dir='ltr' id='par_1_2' title="bbox 43 216 821 808">
     <span class='ocr_line' id='line_1_2' title="bbox 44 216 821 259; baseline -0.013 -5"><span class='ocrx_word' id='word_1_9' title='bbox 44 225 106 254; x_wconf 77' lang='grc' dir='ltr'>ὅταν</span> <span class='ocrx_word' id='word_1_10' title='bbox 121 226 230 254; x_wconf 71' lang='grc' dir='ltr'>τοιαῦτα</span> <span class='ocrx_word' id='word_1_11' title='bbox 242 221 359 252; x_wconf 77' lang='grc' dir='ltr'>ἀκούοιεν</span> <span class='ocrx_word' id='word_1_12' title='bbox 372 219 494 259; x_wconf 80' lang='grc' dir='ltr'>ῥήματα·</span> <span class='ocrx_word' id='word_1_13' title='bbox 515 218 641 258; x_wconf 80' lang='grc' dir='ltr'>ἐλευθέρα</span> <span class='ocrx_word' id='word_1_14' title='bbox 657 218 683 248; x_wconf 77' lang='grc' dir='ltr'>δὲ</span> <span class='ocrx_word' id='word_1_15' title='bbox 694 217 759 257; x_wconf 85' lang='grc' dir='ltr'>γυνὴ</span> <span class='ocrx_word' id='word_1_16' title='bbox 774 216 821 246; x_wconf 70' lang='grc' dir='ltr'>καὶ</span> 
     </span>
     <span class='ocr_line' id='line_1_3' title="bbox 44 263 811 311; baseline -0.013 -10"><span class='ocrx_word' id='word_1_17' title='bbox 44 272 110 311; x_wconf 86' lang='grc' dir='ltr'>κόρη</span> <span class='ocrx_word' id='word_1_18' title='bbox 125 270 230 309; x_wconf 84' lang='grc' dir='ltr'>εὐγενὴς</span> <span class='ocrx_word' id='word_1_19' title='bbox 240 270 287 298; x_wconf 76' lang='grc' dir='ltr'>οὐκ</span> <span class='ocrx_word' id='word_1_20' title='bbox 301 267 333 296; x_wconf 90' lang='grc' dir='ltr'>ἄν</span> <span class='ocrx_word' id='word_1_21' title='bbox 347 278 411 296; x_wconf 84' lang='grc' dir='ltr'>ποτε</span> <span class='ocrx_word' id='word_1_22' title='bbox 427 265 527 298; x_wconf 77' lang='grc' dir='ltr'>τούτοις</span> <span class='ocrx_word' id='word_1_23' title='bbox 548 265 673 303; x_wconf 76' lang='grc' dir='ltr'>ἐπαρθείη</span> <span class='ocrx_word' id='word_1_24' title='bbox 693 269 747 296; x_wconf 83' lang='grc' dir='ltr'>τοῖς</span> <span class='ocrx_word' id='word_1_25' title='bbox 759 263 811 303; x_wconf 77' lang='grc' dir='ltr'>ῥή-</span> 
     </span>
     <span class='ocr_line' id='line_1_4' title="bbox 46 309 812 355; baseline -0.012 -9"><span class='ocrx_word' id='word_1_26' title='bbox 46 329 140 355; x_wconf 81' lang='grc' dir='ltr'>μασιν,</span> <span class='ocrx_word' id='word_1_27' title='bbox 152 315 219 345; x_wconf 81' lang='grc' dir='ltr'>ἀλλὰ</span> <span class='ocrx_word' id='word_1_28' title='bbox 230 314 320 352; x_wconf 75' lang='grc' dir='ltr'>πολλῷ</span> <span class='ocrx_word' id='word_1_29' title='bbox 335 313 435 350; x_wconf 83' lang='grc' dir='ltr'>μᾶλλον</span> <span class='ocrx_word' id='word_1_30' title='bbox 450 311 495 340; x_wconf 75' lang='grc' dir='ltr'>καὶ</span> <span class='ocrx_word' id='word_1_31' title='bbox 507 310 737 348; x_wconf 75' lang='grc' dir='ltr'>κατακάμπτεται.</span> <span class='ocrx_word' id='word_1_32' title='bbox 749 309 812 337; x_wconf 80' lang='grc' dir='ltr'>Ἔν-</span> 
     </span>
     <span class='ocr_line' id='line_1_5' title="bbox 45 355 812 399; baseline -0.012 -7"><span class='ocrx_word' id='word_1_33' title='bbox 45 363 162 392; x_wconf 85' lang='grc' dir='ltr'>δείκνυσο</span> <span class='ocrx_word' id='word_1_34' title='bbox 171 361 198 390; x_wconf 80' lang='grc' dir='ltr'>δὲ</span> <span class='ocrx_word' id='word_1_35' title='bbox 210 360 258 395; x_wconf 66' lang='grc' dir='ltr'>τὴν</span> <span class='ocrx_word' id='word_1_36' title='bbox 268 360 332 399; x_wconf 79' lang='grc' dir='ltr'>πρὸς</span> <span class='ocrx_word' id='word_1_37' title='bbox 347 358 426 393; x_wconf 77' lang='grc' dir='ltr'>αὐτὴν</span> <span class='ocrx_word' id='word_1_38' title='bbox 440 357 578 386; x_wconf 72' lang='grc' dir='ltr'>συνουσίαν</span> <span class='ocrx_word' id='word_1_39' title='bbox 591 358 688 385; x_wconf 68' lang='grc' dir='ltr'>πολλοῦ</span> <span class='ocrx_word' id='word_1_40' title='bbox 704 355 812 392; x_wconf 81' lang='grc' dir='ltr'>τιθέμε-</span> 
     </span>
     <span class='ocr_line' id='line_1_6' title="bbox 45 399 810 444; baseline -0.012 -8"><span class='ocrx_word' id='word_1_41' title='bbox 45 420 99 442; x_wconf 85' lang='grc' dir='ltr'>νος,</span> <span class='ocrx_word' id='word_1_42' title='bbox 120 407 165 436; x_wconf 76' lang='grc' dir='ltr'>καὶ</span> <span class='ocrx_word' id='word_1_43' title='bbox 180 407 280 444; x_wconf 83' lang='grc' dir='ltr'>μᾶλλον</span> <span class='ocrx_word' id='word_1_44' title='bbox 296 405 340 433; x_wconf 81' lang='grc' dir='ltr'>ἐπὶ</span> <span class='ocrx_word' id='word_1_45' title='bbox 354 407 401 439; x_wconf 59' lang='grc' dir='ltr'>τῆς</span> <span class='ocrx_word' id='word_1_46' title='bbox 416 404 500 436; x_wconf 83' lang='grc' dir='ltr'>οἰκίας</span> <span class='ocrx_word' id='word_1_47' title='bbox 521 399 586 431; x_wconf 74' lang='grc' dir='ltr'>εἶναι</span> <span class='ocrx_word' id='word_1_48' title='bbox 603 401 758 440; x_wconf 84' lang='grc' dir='ltr'>βουλόμενος</span> <span class='ocrx_word' id='word_1_49' title='bbox 777 400 810 427; x_wconf 85' lang='grc' dir='ltr'>δι’</span> 
     </span>
     <span class='ocr_line' id='line_1_7' title="bbox 45 446 813 489; baseline -0.01 -8"><span class='ocrx_word' id='word_1_50' title='bbox 45 453 141 489; x_wconf 77' lang='grc' dir='ltr'>αὐτὴν,</span> <span class='ocrx_word' id='word_1_51' title='bbox 155 451 172 486; x_wconf 89' lang='grc' dir='ltr'>ἢ</span> <span class='ocrx_word' id='word_1_52' title='bbox 187 451 231 480; x_wconf 80' lang='grc' dir='ltr'>ἐπὶ</span> <span class='ocrx_word' id='word_1_53' title='bbox 240 453 286 485; x_wconf 76' lang='grc' dir='ltr'>τῆς</span> <span class='ocrx_word' id='word_1_54' title='bbox 295 451 393 489; x_wconf 72' lang='grc' dir='ltr'>ἀγορᾶς</span> <span class='ocrx_word' id='word_1_55' title='bbox 401 461 407 467; x_wconf 92' lang='grc'><em>·</em></span> <span class='ocrx_word' id='word_1_56' title='bbox 423 449 468 478; x_wconf 75' lang='grc' dir='ltr'>καὶ</span> <span class='ocrx_word' id='word_1_57' title='bbox 482 448 588 477; x_wconf 75' lang='grc' dir='ltr'>πάντων</span> <span class='ocrx_word' id='word_1_58' title='bbox 600 449 652 475; x_wconf 82' lang='grc' dir='ltr'>τῶν</span> <span class='ocrx_word' id='word_1_59' title='bbox 662 446 743 486; x_wconf 67' lang='grc' dir='ltr'>φίλων</span> <span class='ocrx_word' id='word_1_60' title='bbox 753 456 813 484; x_wconf 79' lang='grc' dir='ltr'>προ·</span> 
     </span>
     <span class='ocr_line' id='line_1_8' title="bbox 43 490 813 536; baseline -0.01 -10"><span class='ocrx_word' id='word_1_61' title='bbox 43 497 124 536; x_wconf 83' lang='grc' dir='ltr'>τίμα,</span> <span class='ocrx_word' id='word_1_62' title='bbox 139 497 184 526; x_wconf 79' lang='grc' dir='ltr'>καὶ</span> <span class='ocrx_word' id='word_1_63' title='bbox 196 496 296 525; x_wconf 72' lang='grc' dir='ltr'>παίδων</span> <span class='ocrx_word' id='word_1_64' title='bbox 307 498 358 524; x_wconf 79' lang='grc' dir='ltr'>τῶν</span> <span class='ocrx_word' id='word_1_65' title='bbox 371 495 397 528; x_wconf 79' lang='grc' dir='ltr'>ἐξ</span> <span class='ocrx_word' id='word_1_66' title='bbox 411 496 490 529; x_wconf 64' lang='grc' dir='ltr'>αὐτῆς</span> <span class='ocrx_word' id='word_1_67' title='bbox 501 516 508 529; x_wconf 84' lang='grc'>,</span> <span class='ocrx_word' id='word_1_68' title='bbox 522 494 570 522; x_wconf 73' lang='grc' dir='ltr'>καὶ</span> <span class='ocrx_word' id='word_1_69' title='bbox 581 492 647 522; x_wconf 74' lang='grc' dir='ltr'>αὐτὰ</span> <span class='ocrx_word' id='word_1_70' title='bbox 658 492 684 521; x_wconf 79' lang='grc' dir='ltr'>δὲ</span> <span class='ocrx_word' id='word_1_71' title='bbox 698 491 740 520; x_wconf 82' lang='grc' dir='ltr'>διὰ</span> <span class='ocrx_word' id='word_1_72' title='bbox 751 490 813 519; x_wconf 79' lang='grc' dir='ltr'>ταύ-</span> 
     </span>
     <span class='ocr_line' id='line_1_9' title="bbox 43 535 813 582; baseline -0.013 -10"><span class='ocrx_word' id='word_1_73' title='bbox 43 555 91 579; x_wconf 72' lang='grc' dir='ltr'>την</span> <span class='ocrx_word' id='word_1_74' title='bbox 106 542 232 582; x_wconf 72' lang='grc' dir='ltr'>φιλείσθω</span> <span class='ocrx_word' id='word_1_75' title='bbox 243 541 316 581; x_wconf 74' lang='grc' dir='ltr'>παρὰ</span> <span class='ocrx_word' id='word_1_76' title='bbox 333 544 387 570; x_wconf 79' lang='grc' dir='ltr'>σοῦ.</span> <span class='ocrx_word' id='word_1_77' title='bbox 409 539 456 569; x_wconf 74' lang='grc' dir='ltr'>’Ἂν</span> <span class='ocrx_word' id='word_1_78' title='bbox 469 539 565 579; x_wconf 81' lang='grc' dir='ltr'>ἀγαθόν</span> <span class='ocrx_word' id='word_1_79' title='bbox 577 551 604 567; x_wconf 88' lang='grc' dir='ltr'>τι</span> <span class='ocrx_word' id='word_1_80' title='bbox 618 537 705 576; x_wconf 79' lang='grc' dir='ltr'>πράξῃ</span> <span class='ocrx_word' id='word_1_81' title='bbox 715 557 722 570; x_wconf 82' lang='grc'>,</span> <span class='ocrx_word' id='word_1_82' title='bbox 737 535 813 564; x_wconf 75' lang='grc' dir='ltr'>ἐπαί-</span> 
     </span>
     <span class='ocr_line' id='line_1_10' title="bbox 43 580 814 625; baseline -0.013 -7"><span class='ocrx_word' id='word_1_83' title='bbox 43 601 82 617; x_wconf 89' lang='grc' dir='ltr'>νει</span> <span class='ocrx_word' id='word_1_84' title='bbox 99 589 144 617; x_wconf 80' lang='grc' dir='ltr'>καὶ</span> <span class='ocrx_word' id='word_1_85' title='bbox 159 588 291 625; x_wconf 83' lang='grc' dir='ltr'>θαύμαζε·</span> <span class='ocrx_word' id='word_1_86' title='bbox 308 587 338 615; x_wconf 82' lang='grc' dir='ltr'>ἂν</span> <span class='ocrx_word' id='word_1_87' title='bbox 351 586 448 615; x_wconf 83' lang='grc' dir='ltr'>ἄτοπόν</span> <span class='ocrx_word' id='word_1_88' title='bbox 460 597 485 614; x_wconf 84' lang='grc' dir='ltr'>τι</span> <span class='ocrx_word' id='word_1_89' title='bbox 500 585 544 613; x_wconf 77' lang='grc' dir='ltr'>καὶ</span> <span class='ocrx_word' id='word_1_90' title='bbox 561 580 614 613; x_wconf 71' lang='grc' dir='ltr'>οἷον</span> <span class='ocrx_word' id='word_1_91' title='bbox 629 583 730 611; x_wconf 90' lang='grc' dir='ltr'>νεανίσι</span> <span class='ocrx_word' id='word_1_92' title='bbox 745 593 814 618; x_wconf 83' lang='grc' dir='ltr'>συμ-</span> 
     </span>
     <span class='ocr_line' id='line_1_11' title="bbox 45 627 813 673; baseline -0.012 -10"><span class='ocrx_word' id='word_1_93' title='bbox 45 635 144 670; x_wconf 58' lang='lat' dir='ltr'>calvet,</span> <span class='ocrx_word' id='word_1_94' title='bbox 164 634 287 673; x_wconf 87' lang='grc' dir='ltr'>παραίνει</span> <span class='ocrx_word' id='word_1_95' title='bbox 306 632 352 661; x_wconf 74' lang='grc' dir='ltr'>καὶ</span> <span class='ocrx_word' id='word_1_96' title='bbox 365 632 559 669; x_wconf 81' lang='grc' dir='ltr'>ὑπομίμνησκε.</span> <span class='ocrx_word' id='word_1_97' title='bbox 584 629 657 657; x_wconf 75' lang='grc' dir='ltr'>Ἀνω</span> <span class='ocrx_word' id='word_1_98' title='bbox 676 628 721 656; x_wconf 78' lang='grc' dir='ltr'>καὶ</span> <span class='ocrx_word' id='word_1_99' title='bbox 740 627 813 655; x_wconf 77' lang='grc' dir='ltr'>κάτω</span> 
     </span>
     <span class='ocr_line' id='line_1_12' title="bbox 44 672 813 719; baseline -0.013 -10"><span class='ocrx_word' id='word_1_100' title='bbox 44 681 189 719; x_wconf 80' lang='grc' dir='ltr'>χρημάτων</span> <span class='ocrx_word' id='word_1_101' title='bbox 202 678 344 717; x_wconf 84' lang='grc' dir='ltr'>κατηγόρει</span> <span class='ocrx_word' id='word_1_102' title='bbox 353 677 398 705; x_wconf 81' lang='grc' dir='ltr'>καὶ</span> <span class='ocrx_word' id='word_1_103' title='bbox 409 674 594 709; x_wconf 74' lang='grc' dir='ltr'>πολυτελείας,</span> <span class='ocrx_word' id='word_1_104' title='bbox 605 674 650 702; x_wconf 76' lang='grc' dir='ltr'>καὶ</span> <span class='ocrx_word' id='word_1_105' title='bbox 658 672 813 701; x_wconf 59' lang='grc' dir='ltr'>ὓποῗείκνυε</span> 
     </span>
     <span class='ocr_line' id='line_1_13' title="bbox 45 718 811 761; baseline -0.01 -8"><span class='ocrx_word' id='word_1_106' title='bbox 45 726 88 754; x_wconf 87' lang='grc' dir='ltr'>τὸν</span> <span class='ocrx_word' id='word_1_107' title='bbox 102 724 200 761; x_wconf 82' lang='grc' dir='ltr'>κόσμον</span> <span class='ocrx_word' id='word_1_108' title='bbox 214 723 257 751; x_wconf 81' lang='grc' dir='ltr'>τὸν</span> <span class='ocrx_word' id='word_1_109' title='bbox 273 723 324 751; x_wconf 82' lang='grc' dir='ltr'>ἀπὸ</span> <span class='ocrx_word' id='word_1_110' title='bbox 337 725 384 756; x_wconf 76' lang='grc' dir='ltr'>τῆς</span> <span class='ocrx_word' id='word_1_111' title='bbox 398 720 571 758; x_wconf 84' lang='grc' dir='ltr'>κοσμιότητος</span> <span class='ocrx_word' id='word_1_112' title='bbox 582 719 626 748; x_wconf 79' lang='grc' dir='ltr'>καὶ</span> <span class='ocrx_word' id='word_1_113' title='bbox 642 718 694 746; x_wconf 84' lang='grc' dir='ltr'>ἀπὸ</span> <span class='ocrx_word' id='word_1_114' title='bbox 708 720 755 752; x_wconf 81' lang='grc' dir='ltr'>τῆς</span> <span class='ocrx_word' id='word_1_115' title='bbox 770 728 811 745; x_wconf 65' lang='grc' dir='ltr'>σε·</span> 
     </span>
     <span class='ocr_line' id='line_1_14' title="bbox 46 764 730 808; baseline -0.009 -10"><span class='ocrx_word' id='word_1_116' title='bbox 46 769 186 808; x_wconf 80' lang='grc' dir='ltr'>μνότητος,</span> <span class='ocrx_word' id='word_1_117' title='bbox 199 768 244 796; x_wconf 83' lang='grc' dir='ltr'>καὶ</span> <span class='ocrx_word' id='word_1_118' title='bbox 256 767 362 796; x_wconf 72' lang='grc' dir='ltr'>δίδασκε</span> <span class='ocrx_word' id='word_1_119' title='bbox 374 767 499 801; x_wconf 77' lang='grc' dir='ltr'>διηνεκῶς</span> <span class='ocrx_word' id='word_1_120' title='bbox 513 765 547 794; x_wconf 83' lang='grc' dir='ltr'>τὰ</span> <span class='ocrx_word' id='word_1_121' title='bbox 557 764 730 803; x_wconf 65' lang='grc' dir='ltr'>συμφέροντα.</span> 
     </span>
    </p>
   </div>
   <div class='ocr_carea' id='block_1_3' title="bbox 45 1039 814 1174">
    <p class='ocr_par' dir='ltr' id='par_1_3' title="bbox 45 1039 814 1174">
     <span class='ocr_line' id='line_1_15' title="bbox 86 1039 813 1084; baseline -0.01 -10"><span class='ocrx_word' id='word_1_122' title='bbox 86 1045 174 1084; x_wconf 74' lang='grc' dir='ltr'>Εὖχαὶ</span> <span class='ocrx_word' id='word_1_123' title='bbox 182 1044 346 1083; x_wconf 76' lang='grc' dir='ltr'>γενέσθωσαν</span> <span class='ocrx_word' id='word_1_124' title='bbox 358 1044 421 1081; x_wconf 75' lang='grc' dir='ltr'>ὓμῖν</span> <span class='ocrx_word' id='word_1_125' title='bbox 432 1041 526 1071; x_wconf 87' lang='grc' dir='ltr'>κοιναί·</span> <span class='ocrx_word' id='word_1_126' title='bbox 538 1041 648 1072; x_wconf 75' lang='grc' dir='ltr'>ἕκαστος</span> <span class='ocrx_word' id='word_1_127' title='bbox 665 1041 700 1072; x_wconf 81' lang='grc' dir='ltr'>εἰς</span> <span class='ocrx_word' id='word_1_128' title='bbox 715 1039 760 1074; x_wconf 76' lang='grc' dir='ltr'>τὴν</span> <span class='ocrx_word' id='word_1_129' title='bbox 773 1040 813 1068; x_wconf 81' lang='grc' dir='ltr'>ἐκ·</span> 
     </span>
     <span class='ocr_line' id='line_1_16' title="bbox 45 1087 813 1129; baseline -0.01 -9"><span class='ocrx_word' id='word_1_130' title='bbox 45 1091 156 1126; x_wconf 82' lang='grc' dir='ltr'>κλησίαν</span> <span class='ocrx_word' id='word_1_131' title='bbox 173 1089 288 1129; x_wconf 77' lang='grc' dir='ltr'>προΐτω,</span> <span class='ocrx_word' id='word_1_132' title='bbox 304 1089 349 1117; x_wconf 78' lang='grc' dir='ltr'>καὶ</span> <span class='ocrx_word' id='word_1_133' title='bbox 362 1090 414 1117; x_wconf 74' lang='grc' dir='ltr'>τῶν</span> <span class='ocrx_word' id='word_1_134' title='bbox 428 1087 576 1126; x_wconf 80' lang='grc' dir='ltr'>λεγομένων</span> <span class='ocrx_word' id='word_1_135' title='bbox 594 1087 639 1114; x_wconf 80' lang='grc' dir='ltr'>καὶ</span> <span class='ocrx_word' id='word_1_136' title='bbox 653 1088 704 1114; x_wconf 79' lang='grc' dir='ltr'>τῶν</span> <span class='ocrx_word' id='word_1_137' title='bbox 720 1087 813 1124; x_wconf 76' lang='grc' dir='ltr'>ἀναγι-</span> 
     </span>
     <span class='ocr_line' id='line_1_17' title="bbox 46 1131 814 1174; baseline -0.008 -9"><span class='ocrx_word' id='word_1_138' title='bbox 46 1135 218 1174; x_wconf 79' lang='grc' dir='ltr'>νωσκομένων</span> <span class='ocrx_word' id='word_1_139' title='bbox 230 1136 298 1170; x_wconf 80' lang='grc' dir='ltr'>ἐκεῖ,</span> <span class='ocrx_word' id='word_1_140' title='bbox 311 1134 356 1162; x_wconf 73' lang='grc' dir='ltr'>καὶ</span> <span class='ocrx_word' id='word_1_141' title='bbox 370 1137 384 1163; x_wconf 78' lang='grc' dir='ltr'>ὁ</span> <span class='ocrx_word' id='word_1_142' title='bbox 399 1134 465 1171; x_wconf 76' lang='grc' dir='ltr'>ἀνὴρ</span> <span class='ocrx_word' id='word_1_143' title='bbox 480 1133 527 1167; x_wconf 82' lang='grc' dir='ltr'>τὴν</span> <span class='ocrx_word' id='word_1_144' title='bbox 543 1136 654 1171; x_wconf 83' lang='grc' dir='ltr'>γυναῖκα</span> <span class='ocrx_word' id='word_1_145' title='bbox 670 1131 814 1160; x_wconf 79' lang='grc' dir='ltr'>ἀπαιτείτω</span> 
     </span>
    </p>
   </div>
   <div class='ocr_carea' id='block_1_4' title="bbox 865 159 1615 1173">
    <p class='ocr_par' dir='ltr' id='par_1_4' title="bbox 865 159 1615 1035">
     <span class='ocr_line' id='line_1_18' title="bbox 1547 159 1614 194; baseline 0.03 -2"><span class='ocrx_word' id='word_1_146' title='bbox 1547 159 1557 179; x_wconf 87' lang='lat'><em>¹</em></span> <span class='ocrx_word' id='word_1_147' title='bbox 1569 159 1614 194; x_wconf 77' lang='lat'>79</span> 
     </span>
     <span class='ocr_line' id='line_1_19' title="bbox 869 216 1611 255; baseline 0 -10"><span class='ocrx_word' id='word_1_148' title='bbox 869 216 1081 248; x_wconf 75' lang='lat' dir='ltr'>desiderabilia?</span> <span class='ocrx_word' id='word_1_149' title='bbox 1098 221 1138 249; x_wconf 68' lang='lat' dir='ltr'>Ne</span> <span class='ocrx_word' id='word_1_150' title='bbox 1157 219 1259 255; x_wconf 77' lang='lat' dir='ltr'>timeas,</span> <span class='ocrx_word' id='word_1_151' title='bbox 1273 227 1306 246; x_wconf 88' lang='lat' dir='ltr'>ne</span> <span class='ocrx_word' id='word_1_152' title='bbox 1327 216 1435 255; x_wconf 87' lang='lat' dir='ltr'>quando</span> <span class='ocrx_word' id='word_1_153' title='bbox 1449 216 1546 246; x_wconf 85' lang='lat' dir='ltr'>dilecta</span> <span class='ocrx_word' id='word_1_154' title='bbox 1561 217 1611 246; x_wconf 81' lang='lat' dir='ltr'>ad-</span> 
     </span>
     <span class='ocr_line' id='line_1_20' title="bbox 865 263 1609 303; baseline 0.003 -12"><span class='ocrx_word' id='word_1_155' title='bbox 865 273 959 293; x_wconf 78' lang='lat' dir='ltr'>versus</span> <span class='ocrx_word' id='word_1_156' title='bbox 972 272 997 294; x_wconf 86' lang='lat' dir='ltr'>te</span> <span class='ocrx_word' id='word_1_157' title='bbox 1012 266 1166 301; x_wconf 80' lang='lat' dir='ltr'>insolescat,</span> <span class='ocrx_word' id='word_1_158' title='bbox 1181 265 1227 294; x_wconf 87' lang='lat' dir='ltr'>sed</span> <span class='ocrx_word' id='word_1_159' title='bbox 1242 264 1367 293; x_wconf 82' lang='lat' dir='ltr'>confitere</span> <span class='ocrx_word' id='word_1_160' title='bbox 1376 271 1403 292; x_wconf 79' lang='lat' dir='ltr'>te</span> <span class='ocrx_word' id='word_1_161' title='bbox 1413 273 1470 292; x_wconf 82' lang='lat' dir='ltr'>eam</span> <span class='ocrx_word' id='word_1_162' title='bbox 1486 263 1609 303; x_wconf 86' lang='lat' dir='ltr'>diligere.</span> 
     </span>
     <span class='ocr_line' id='line_1_21' title="bbox 867 311 1612 352; baseline 0.001 -13"><span class='ocrx_word' id='word_1_163' title='bbox 867 312 934 340; x_wconf 84' lang='lat' dir='ltr'>Nam</span> <span class='ocrx_word' id='word_1_164' title='bbox 944 313 1095 342; x_wconf 76' lang='lat' dir='ltr'>meretrices</span> <span class='ocrx_word' id='word_1_165' title='bbox 1105 312 1213 352; x_wconf 87' lang='lat' dir='ltr'>quidem</span> <span class='ocrx_word' id='word_1_166' title='bbox 1229 323 1287 350; x_wconf 76' lang='lat' dir='ltr'>quae</span> <span class='ocrx_word' id='word_1_167' title='bbox 1303 321 1373 339; x_wconf 91' lang='lat' dir='ltr'>nunc</span> <span class='ocrx_word' id='word_1_168' title='bbox 1383 321 1443 339; x_wconf 90' lang='lat' dir='ltr'>cum</span> <span class='ocrx_word' id='word_1_169' title='bbox 1456 311 1524 347; x_wconf 83' lang='lat' dir='ltr'>hoc,</span> <span class='ocrx_word' id='word_1_170' title='bbox 1540 322 1612 340; x_wconf 88' lang='lat' dir='ltr'>nunc</span> 
     </span>
     <span class='ocr_line' id='line_1_22' title="bbox 866 357 1610 399; baseline 0 -14"><span class='ocrx_word' id='word_1_171' title='bbox 866 368 927 386; x_wconf 90' lang='lat' dir='ltr'>cum</span> <span class='ocrx_word' id='word_1_172' title='bbox 950 359 998 388; x_wconf 88' lang='lat' dir='ltr'>illo</span> <span class='ocrx_word' id='word_1_173' title='bbox 1021 361 1232 399; x_wconf 82' lang='lat' dir='ltr'>conjunguntur,</span> <span class='ocrx_word' id='word_1_174' title='bbox 1257 359 1352 387; x_wconf 87' lang='lat' dir='ltr'>merito</span> <span class='ocrx_word' id='word_1_175' title='bbox 1373 357 1536 386; x_wconf 80' lang='lat' dir='ltr'>extollentur</span> <span class='ocrx_word' id='word_1_176' title='bbox 1557 357 1610 386; x_wconf 90' lang='lat' dir='ltr'>ad-</span> 
     </span>
     <span class='ocr_line' id='line_1_23' title="bbox 867 402 1611 443; baseline 0.001 -13"><span class='ocrx_word' id='word_1_177' title='bbox 867 413 959 432; x_wconf 80' lang='lat' dir='ltr'>versus</span> <span class='ocrx_word' id='word_1_178' title='bbox 983 412 1128 440; x_wconf 83' lang='lat' dir='ltr'>amatores,</span> <span class='ocrx_word' id='word_1_179' title='bbox 1144 404 1250 443; x_wconf 78' lang='lat' dir='ltr'>quando</span> <span class='ocrx_word' id='word_1_180' title='bbox 1271 403 1330 432; x_wconf 57' lang='lat' dir='ltr'>baec</span> <span class='ocrx_word' id='word_1_181' title='bbox 1352 403 1433 431; x_wconf 76' lang='lat' dir='ltr'>verba</span> <span class='ocrx_word' id='word_1_182' title='bbox 1456 402 1611 431; x_wconf 86' lang='lat' dir='ltr'>audierint:</span> 
     </span>
     <span class='ocr_line' id='line_1_24' title="bbox 867 449 1613 489; baseline 0.004 -14"><span class='ocrx_word' id='word_1_183' title='bbox 867 449 964 478; x_wconf 86' lang='lat' dir='ltr'>mulier</span> <span class='ocrx_word' id='word_1_184' title='bbox 977 457 1066 478; x_wconf 79' lang='lat' dir='ltr'>autem</span> <span class='ocrx_word' id='word_1_185' title='bbox 1089 450 1172 478; x_wconf 77' lang='lat' dir='ltr'>libera</span> <span class='ocrx_word' id='word_1_186' title='bbox 1191 457 1215 478; x_wconf 85' lang='lat' dir='ltr'>et</span> <span class='ocrx_word' id='word_1_187' title='bbox 1231 449 1318 489; x_wconf 84' lang='lat' dir='ltr'>puella</span> <span class='ocrx_word' id='word_1_188' title='bbox 1334 449 1448 487; x_wconf 80' lang='lat' dir='ltr'>ingenua</span> <span class='ocrx_word' id='word_1_189' title='bbox 1465 449 1507 477; x_wconf 87' lang='lat' dir='ltr'>his</span> <span class='ocrx_word' id='word_1_190' title='bbox 1523 449 1613 478; x_wconf 76' lang='lat' dir='ltr'>verbis</span> 
     </span>
     <span class='ocr_line' id='line_1_25' title="bbox 867 494 1614 533; baseline 0.001 -10"><span class='ocrx_word' id='word_1_191' title='bbox 867 505 1014 533; x_wconf 79' lang='lat' dir='ltr'><strong>numquam</strong></span> <span class='ocrx_word' id='word_1_192' title='bbox 1029 497 1184 529; x_wconf 75' lang='lat' dir='ltr'>extolletur,</span> <span class='ocrx_word' id='word_1_193' title='bbox 1195 495 1239 524; x_wconf 89' lang='lat' dir='ltr'>sed</span> <span class='ocrx_word' id='word_1_194' title='bbox 1253 494 1338 523; x_wconf 80' lang='lat' dir='ltr'>multo</span> <span class='ocrx_word' id='word_1_195' title='bbox 1349 495 1434 533; x_wconf 78' lang='lat' dir='ltr'>magis</span> <span class='ocrx_word' id='word_1_196' title='bbox 1445 495 1486 523; x_wconf 83' lang='lat' dir='ltr'>his</span> <span class='ocrx_word' id='word_1_197' title='bbox 1500 495 1614 524; x_wconf 80' lang='lat' dir='ltr'>inflecte-</span> 
     </span>
     <span class='ocr_line' id='line_1_26' title="bbox 868 541 1613 580; baseline 0.003 -12"><span class='ocrx_word' id='word_1_198' title='bbox 868 548 921 569; x_wconf 75' lang='lat' dir='ltr'>tur,</span> <span class='ocrx_word' id='word_1_199' title='bbox 941 541 1058 570; x_wconf 78' lang='lat' dir='ltr'>Ostende</span> <span class='ocrx_word' id='word_1_200' title='bbox 1069 549 1094 570; x_wconf 85' lang='lat' dir='ltr'>te</span> <span class='ocrx_word' id='word_1_201' title='bbox 1108 542 1197 579; x_wconf 76' lang='lat' dir='ltr'>magni</span> <span class='ocrx_word' id='word_1_202' title='bbox 1221 542 1306 569; x_wconf 73' lang='lat' dir='ltr'>facere</span> <span class='ocrx_word' id='word_1_203' title='bbox 1325 551 1386 569; x_wconf 90' lang='lat' dir='ltr'>cum</span> <span class='ocrx_word' id='word_1_204' title='bbox 1400 541 1456 580; x_wconf 83' lang='lat' dir='ltr'>ipsa</span> <span class='ocrx_word' id='word_1_205' title='bbox 1474 549 1613 570; x_wconf 83' lang='lat' dir='ltr'>eonsuetu-</span> 
     </span>
     <span class='ocr_line' id='line_1_27' title="bbox 867 586 1612 625; baseline 0.001 -11"><span class='ocrx_word' id='word_1_206' title='bbox 867 586 967 622; x_wconf 80' lang='lat' dir='ltr'>dinem,</span> <span class='ocrx_word' id='word_1_207' title='bbox 982 594 1006 615; x_wconf 85' lang='lat' dir='ltr'>et</span> <span class='ocrx_word' id='word_1_208' title='bbox 1019 587 1099 615; x_wconf 78' lang='lat' dir='ltr'>malle</span> <span class='ocrx_word' id='word_1_209' title='bbox 1114 594 1139 615; x_wconf 77' lang='lat' dir='ltr'>te</span> <span class='ocrx_word' id='word_1_210' title='bbox 1151 586 1223 614; x_wconf 87' lang='lat' dir='ltr'>domi</span> <span class='ocrx_word' id='word_1_211' title='bbox 1237 597 1293 614; x_wconf 82' lang='lat' dir='ltr'>esse</span> <span class='ocrx_word' id='word_1_212' title='bbox 1309 593 1417 624; x_wconf 83' lang='lat' dir='ltr'>propter</span> <span class='ocrx_word' id='word_1_213' title='bbox 1432 587 1516 625; x_wconf 79' lang='lat' dir='ltr'>ipsam</span> <span class='ocrx_word' id='word_1_214' title='bbox 1531 597 1612 624; x_wconf 89' lang='lat' dir='ltr'>quam</span> 
     </span>
     <span class='ocr_line' id='line_1_28' title="bbox 866 631 1613 671; baseline 0.001 -12"><span class='ocrx_word' id='word_1_215' title='bbox 866 632 893 659; x_wconf 85' lang='lat' dir='ltr'>in</span> <span class='ocrx_word' id='word_1_216' title='bbox 907 632 964 661; x_wconf 82' lang='lat' dir='ltr'>soro</span> <span class='ocrx_word' id='word_1_217' title='bbox 975 643 982 668; x_wconf 79' lang='lat'><em>3</em></span> <span class='ocrx_word' id='word_1_218' title='bbox 995 639 1021 660; x_wconf 89' lang='lat' dir='ltr'>et</span> <span class='ocrx_word' id='word_1_219' title='bbox 1035 643 1093 660; x_wconf 87' lang='lat' dir='ltr'>eam</span> <span class='ocrx_word' id='word_1_220' title='bbox 1108 642 1233 671; x_wconf 72' lang='lat' dir='ltr'>praepone</span> <span class='ocrx_word' id='word_1_221' title='bbox 1253 631 1379 659; x_wconf 83' lang='lat' dir='ltr'>omnibus</span> <span class='ocrx_word' id='word_1_222' title='bbox 1400 631 1494 659; x_wconf 79' lang='lat' dir='ltr'>amicis</span> <span class='ocrx_word' id='word_1_223' title='bbox 1508 639 1533 659; x_wconf 90' lang='lat' dir='ltr'>et</span> <span class='ocrx_word' id='word_1_224' title='bbox 1547 632 1613 660; x_wconf 86' lang='lat' dir='ltr'>libe-</span> 
     </span>
     <span class='ocr_line' id='line_1_29' title="bbox 866 676 1614 716; baseline 0.001 -12"><span class='ocrx_word' id='word_1_225' title='bbox 866 677 912 711; x_wconf 85' lang='lat' dir='ltr'>ris,</span> <span class='ocrx_word' id='word_1_226' title='bbox 927 687 994 715; x_wconf 86' lang='lat' dir='ltr'>quos</span> <span class='ocrx_word' id='word_1_227' title='bbox 1008 688 1041 706; x_wconf 80' lang='lat' dir='ltr'>ex</span> <span class='ocrx_word' id='word_1_228' title='bbox 1055 688 1084 706; x_wconf 86' lang='lat' dir='ltr'>ea</span> <span class='ocrx_word' id='word_1_229' title='bbox 1097 677 1253 716; x_wconf 80' lang='lat' dir='ltr'>suscepisti;</span> <span class='ocrx_word' id='word_1_230' title='bbox 1270 684 1295 704; x_wconf 88' lang='lat' dir='ltr'>et</span> <span class='ocrx_word' id='word_1_231' title='bbox 1306 676 1355 716; x_wconf 88' lang='lat' dir='ltr'>ipsi</span> <span class='ocrx_word' id='word_1_232' title='bbox 1370 686 1475 714; x_wconf 86' lang='lat' dir='ltr'>quoque</span> <span class='ocrx_word' id='word_1_233' title='bbox 1485 687 1500 704; x_wconf 85' lang='lat' dir='ltr'>a</span> <span class='ocrx_word' id='word_1_234' title='bbox 1516 683 1539 704; x_wconf 86' lang='lat' dir='ltr'>te</span> <span class='ocrx_word' id='word_1_235' title='bbox 1551 688 1614 716; x_wconf 90' lang='lat' dir='ltr'>pro-</span> 
     </span>
     <span class='ocr_line' id='line_1_30' title="bbox 865 722 1613 762; baseline 0.003 -12"><span class='ocrx_word' id='word_1_236' title='bbox 865 730 925 762; x_wconf 87' lang='lat' dir='ltr'>pter</span> <span class='ocrx_word' id='word_1_237' title='bbox 938 723 1025 762; x_wconf 85' lang='lat' dir='ltr'>ipsam</span> <span class='ocrx_word' id='word_1_238' title='bbox 1038 723 1197 762; x_wconf 82' lang='lat' dir='ltr'>diligamur.</span> <span class='ocrx_word' id='word_1_239' title='bbox 1209 723 1238 752; x_wconf 86' lang='lat' dir='ltr'>Si</span> <span class='ocrx_word' id='word_1_240' title='bbox 1254 723 1317 751; x_wconf 81' lang='lat' dir='ltr'>honi</span> <span class='ocrx_word' id='word_1_241' title='bbox 1334 722 1401 761; x_wconf 84' lang='lat' dir='ltr'>quid</span> <span class='ocrx_word' id='word_1_242' title='bbox 1417 723 1517 758; x_wconf 86' lang='lat' dir='ltr'>fecerit,</span> <span class='ocrx_word' id='word_1_243' title='bbox 1532 723 1613 752; x_wconf 78' lang='lat' dir='ltr'>lauda</span> 
     </span>
     <span class='ocr_line' id='line_1_31' title="bbox 865 767 1612 807; baseline 0.001 -11"><span class='ocrx_word' id='word_1_244' title='bbox 865 775 890 796; x_wconf 89' lang='lat' dir='ltr'>et</span> <span class='ocrx_word' id='word_1_245' title='bbox 904 767 1053 803; x_wconf 82' lang='lat' dir='ltr'>admirare;</span> <span class='ocrx_word' id='word_1_246' title='bbox 1069 769 1091 797; x_wconf 89' lang='lat' dir='ltr'>si</span> <span class='ocrx_word' id='word_1_247' title='bbox 1112 768 1178 807; x_wconf 88' lang='lat' dir='ltr'>quid</span> <span class='ocrx_word' id='word_1_248' title='bbox 1199 767 1335 806; x_wconf 69' lang='lat' dir='ltr'>contingat</span> <span class='ocrx_word' id='word_1_249' title='bbox 1356 767 1466 796; x_wconf 70' lang='lat' dir='ltr'>absuuli</span> <span class='ocrx_word' id='word_1_250' title='bbox 1479 791 1486 802; x_wconf 83' lang='lat'><strong><em>,</em></strong></span> <span class='ocrx_word' id='word_1_251' title='bbox 1501 775 1525 796; x_wconf 86' lang='lat' dir='ltr'>et</span> <span class='ocrx_word' id='word_1_252' title='bbox 1539 769 1612 806; x_wconf 82' lang='lat' dir='ltr'>quod</span> 
     </span>
     <span class='ocr_line' id='line_1_32' title="bbox 865 813 1614 853; baseline 0 -10"><span class='ocrx_word' id='word_1_253' title='bbox 865 814 962 853; x_wconf 87' lang='lat' dir='ltr'>puellis</span> <span class='ocrx_word' id='word_1_254' title='bbox 973 814 1093 843; x_wconf 88' lang='lat' dir='ltr'>accidere</span> <span class='ocrx_word' id='word_1_255' title='bbox 1105 815 1198 848; x_wconf 81' lang='lat' dir='ltr'>soleat,</span> <span class='ocrx_word' id='word_1_256' title='bbox 1215 814 1298 843; x_wconf 86' lang='lat' dir='ltr'>suade</span> <span class='ocrx_word' id='word_1_257' title='bbox 1313 821 1338 842; x_wconf 85' lang='lat' dir='ltr'>et</span> <span class='ocrx_word' id='word_1_258' title='bbox 1352 813 1474 843; x_wconf 78' lang='lat' dir='ltr'>admone.</span> <span class='ocrx_word' id='word_1_259' title='bbox 1484 814 1566 842; x_wconf 90' lang='lat' dir='ltr'>Omni</span> <span class='ocrx_word' id='word_1_260' title='bbox 1579 825 1614 843; x_wconf 85' lang='lat' dir='ltr'>ex</span> 
     </span>
     <span class='ocr_line' id='line_1_33' title="bbox 866 858 1615 898; baseline 0.001 -12"><span class='ocrx_word' id='word_1_261' title='bbox 866 865 940 897; x_wconf 86' lang='lat' dir='ltr'>parte</span> <span class='ocrx_word' id='word_1_262' title='bbox 959 869 1054 887; x_wconf 78' lang='lat' dir='ltr'>accusa</span> <span class='ocrx_word' id='word_1_263' title='bbox 1072 858 1198 898; x_wconf 83' lang='lat' dir='ltr'>pecunias</span> <span class='ocrx_word' id='word_1_264' title='bbox 1225 865 1250 887; x_wconf 84' lang='lat' dir='ltr'>et</span> <span class='ocrx_word' id='word_1_265' title='bbox 1272 865 1378 886; x_wconf 89' lang='lat' dir='ltr'>sumtus</span> <span class='ocrx_word' id='word_1_266' title='bbox 1404 858 1572 896; x_wconf 83' lang='lat' dir='ltr'>magnificos,</span> <span class='ocrx_word' id='word_1_267' title='bbox 1588 865 1615 887; x_wconf 88' lang='lat' dir='ltr'>et</span> 
     </span>
     <span class='ocr_line' id='line_1_34' title="bbox 865 904 1614 943; baseline 0 -10"><span class='ocrx_word' id='word_1_268' title='bbox 865 904 932 933; x_wconf 87' lang='lat' dir='ltr'>doce</span> <span class='ocrx_word' id='word_1_269' title='bbox 945 915 1003 933; x_wconf 82' lang='lat' dir='ltr'>eam</span> <span class='ocrx_word' id='word_1_270' title='bbox 1017 912 1202 934; x_wconf 79' lang='lat' dir='ltr'>ornamentum</span> <span class='ocrx_word' id='word_1_271' title='bbox 1218 904 1289 943; x_wconf 86' lang='lat' dir='ltr'>quod</span> <span class='ocrx_word' id='word_1_272' title='bbox 1307 904 1412 943; x_wconf 83' lang='lat' dir='ltr'>paritur</span> <span class='ocrx_word' id='word_1_273' title='bbox 1431 915 1463 933; x_wconf 83' lang='lat' dir='ltr'>ex</span> <span class='ocrx_word' id='word_1_274' title='bbox 1479 904 1574 933; x_wconf 86' lang='lat' dir='ltr'>decore</span> <span class='ocrx_word' id='word_1_275' title='bbox 1588 912 1614 933; x_wconf 90' lang='lat' dir='ltr'>et</span> 
     </span>
     <span class='ocr_line' id='line_1_35' title="bbox 865 949 1614 989; baseline 0 -10"><span class='ocrx_word' id='word_1_276' title='bbox 865 950 994 979; x_wconf 79' lang='lat' dir='ltr'>modestia</span> <span class='ocrx_word' id='word_1_277' title='bbox 1005 974 1012 987; x_wconf 88' lang='lat'>,</span> <span class='ocrx_word' id='word_1_278' title='bbox 1029 958 1052 980; x_wconf 85' lang='lat' dir='ltr'>et</span> <span class='ocrx_word' id='word_1_279' title='bbox 1071 950 1142 989; x_wconf 90' lang='lat' dir='ltr'>quod</span> <span class='ocrx_word' id='word_1_280' title='bbox 1158 961 1192 979; x_wconf 78' lang='lat' dir='ltr'>ex</span> <span class='ocrx_word' id='word_1_281' title='bbox 1205 950 1344 979; x_wconf 81' lang='lat' dir='ltr'>honestate</span> <span class='ocrx_word' id='word_1_282' title='bbox 1359 962 1364 977; x_wconf 92' lang='lat'>:</span> <span class='ocrx_word' id='word_1_283' title='bbox 1381 957 1405 978; x_wconf 88' lang='lat' dir='ltr'>et</span> <span class='ocrx_word' id='word_1_284' title='bbox 1420 949 1527 979; x_wconf 78' lang='lat' dir='ltr'>assidue</span> <span class='ocrx_word' id='word_1_285' title='bbox 1547 950 1614 979; x_wconf 89' lang='lat' dir='ltr'>doce</span> 
     </span>
     <span class='ocr_line' id='line_1_36' title="bbox 865 997 1131 1035; baseline 0 -10"><span class='ocrx_word' id='word_1_286' title='bbox 865 1007 894 1025; x_wconf 82' lang='lat' dir='ltr'>ea</span> <span class='ocrx_word' id='word_1_287' title='bbox 910 1008 970 1035; x_wconf 80' lang='lat' dir='ltr'>quae</span> <span class='ocrx_word' id='word_1_288' title='bbox 983 997 1131 1028; x_wconf 85' lang='lat' dir='ltr'>conferunt.</span> 
     </span>
    </p>

    <p class='ocr_par' dir='ltr' id='par_1_5' title="bbox 868 1042 1614 1173">
     <span class='ocr_line' id='line_1_37' title="bbox 907 1042 1614 1083; baseline 0 -11"><span class='ocrx_word' id='word_1_289' title='bbox 907 1045 936 1072; x_wconf 78' lang='grc'>9.</span> <span class='ocrx_word' id='word_1_290' title='bbox 953 1043 1012 1072; x_wconf 85' lang='lat' dir='ltr'>Sint</span> <span class='ocrx_word' id='word_1_291' title='bbox 1027 1054 1118 1083; x_wconf 80' lang='lat' dir='ltr'>preces</span> <span class='ocrx_word' id='word_1_292' title='bbox 1138 1042 1217 1071; x_wconf 74' lang='lat' dir='ltr'>vobis</span> <span class='ocrx_word' id='word_1_293' title='bbox 1237 1053 1408 1071; x_wconf 79' lang='lat' dir='ltr'>communes:</span> <span class='ocrx_word' id='word_1_294' title='bbox 1430 1043 1614 1082; x_wconf 84' lang='lat' dir='ltr'>unusquisque</span> 
     </span>
     <span class='ocr_line' id='line_1_38' title="bbox 868 1087 1613 1126; baseline 0 -9"><span class='ocrx_word' id='word_1_295' title='bbox 868 1096 909 1118; x_wconf 85' lang='lat' dir='ltr'>eat</span> <span class='ocrx_word' id='word_1_296' title='bbox 925 1089 957 1117; x_wconf 87' lang='lat' dir='ltr'>ad</span> <span class='ocrx_word' id='word_1_297' title='bbox 973 1089 1109 1118; x_wconf 83' lang='lat' dir='ltr'>ecclesiam</span> <span class='ocrx_word' id='word_1_298' title='bbox 1121 1099 1127 1115; x_wconf 71' lang='grc' dir='ltr'>ι</span> <span class='ocrx_word' id='word_1_299' title='bbox 1141 1095 1166 1117; x_wconf 87' lang='lat' dir='ltr'>et</span> <span class='ocrx_word' id='word_1_300' title='bbox 1181 1099 1271 1116; x_wconf 88' lang='lat' dir='ltr'>eorum</span> <span class='ocrx_word' id='word_1_301' title='bbox 1293 1099 1352 1126; x_wconf 81' lang='lat' dir='ltr'>quae</span> <span class='ocrx_word' id='word_1_302' title='bbox 1373 1088 1430 1116; x_wconf 91' lang='lat' dir='ltr'>illic</span> <span class='ocrx_word' id='word_1_303' title='bbox 1444 1087 1572 1117; x_wconf 86' lang='lat' dir='ltr'>dicuutur</span> <span class='ocrx_word' id='word_1_304' title='bbox 1588 1095 1613 1117; x_wconf 89' lang='lat' dir='ltr'>et</span> 
     </span>
     <span class='ocr_line' id='line_1_39' title="bbox 868 1133 1609 1173; baseline -0.001 -10"><span class='ocrx_word' id='word_1_305' title='bbox 868 1135 1011 1173; x_wconf 86' lang='lat' dir='ltr'>leguntur,</span> <span class='ocrx_word' id='word_1_306' title='bbox 1027 1135 1140 1163; x_wconf 85' lang='lat' dir='ltr'>maritus</span> <span class='ocrx_word' id='word_1_307' title='bbox 1149 1134 1183 1162; x_wconf 90' lang='lat' dir='ltr'>ab</span> <span class='ocrx_word' id='word_1_308' title='bbox 1197 1144 1282 1163; x_wconf 81' lang='lat' dir='ltr'>uxore</span> <span class='ocrx_word' id='word_1_309' title='bbox 1294 1140 1398 1173; x_wconf 83' lang='lat' dir='ltr'>partem</span> <span class='ocrx_word' id='word_1_310' title='bbox 1412 1133 1484 1162; x_wconf 87' lang='lat' dir='ltr'>domi</span> <span class='ocrx_word' id='word_1_311' title='bbox 1499 1135 1589 1173; x_wconf 81' lang='lat' dir='ltr'>exigat</span> <span class='ocrx_word' id='word_1_312' title='bbox 1601 1157 1609 1172; x_wconf 85' lang='lat'><strong><em>,</em></strong></span> 
     </span>
    </p>
   </div>
   <div class='ocr_carea' id='block_1_5' title="bbox 47 1177 815 1266">
    <p class='ocr_par' dir='ltr' id='par_1_6' title="bbox 47 1177 815 1266">
     <span class='ocr_line' id='line_1_40' title="bbox 47 1177 815 1219; baseline -0.008 -8"><span class='ocrx_word' id='word_1_313' title='bbox 47 1183 90 1211; x_wconf 82' lang='grc' dir='ltr'>ἐπὶ</span> <span class='ocrx_word' id='word_1_314' title='bbox 103 1184 150 1216; x_wconf 65' lang='grc' dir='ltr'>τῆς</span> <span class='ocrx_word' id='word_1_315' title='bbox 163 1181 247 1214; x_wconf 87' lang='grc' dir='ltr'>οἰκίας</span> <span class='ocrx_word' id='word_1_316' title='bbox 261 1181 290 1209; x_wconf 83' lang='grc' dir='ltr'>τὸ</span> <span class='ocrx_word' id='word_1_317' title='bbox 303 1180 396 1219; x_wconf 79' lang='grc' dir='ltr'>μέρος,</span> <span class='ocrx_word' id='word_1_318' title='bbox 411 1179 520 1213; x_wconf 76' lang='grc' dir='ltr'>κάκείνη</span> <span class='ocrx_word' id='word_1_319' title='bbox 532 1179 576 1207; x_wconf 82' lang='grc' dir='ltr'>τὸν</span> <span class='ocrx_word' id='word_1_320' title='bbox 590 1178 680 1217; x_wconf 79' lang='grc' dir='ltr'>ἄνδρα.</span> <span class='ocrx_word' id='word_1_321' title='bbox 694 1178 727 1206; x_wconf 82' lang='grc' dir='ltr'>Εἰ</span> <span class='ocrx_word' id='word_1_322' title='bbox 739 1177 815 1205; x_wconf 82' lang='grc' dir='ltr'>πενία</span> 
     </span>
     <span class='ocr_line' id='line_1_41' title="bbox 47 1223 814 1266; baseline -0.008 -10"><span class='ocrx_word' id='word_1_323' title='bbox 47 1240 86 1260; x_wconf 84' lang='grc' dir='ltr'>τις</span> <span class='ocrx_word' id='word_1_324' title='bbox 100 1228 208 1266; x_wconf 73' lang='grc' dir='ltr'>κατέχοι</span> <span class='ocrx_word' id='word_1_325' title='bbox 217 1249 224 1262; x_wconf 82' lang='grc'>,</span> <span class='ocrx_word' id='word_1_326' title='bbox 235 1227 339 1265; x_wconf 79' lang='grc' dir='ltr'>πάραγε</span> <span class='ocrx_word' id='word_1_327' title='bbox 350 1227 385 1257; x_wconf 81' lang='grc' dir='ltr'>εἰς</span> <span class='ocrx_word' id='word_1_328' title='bbox 397 1225 476 1262; x_wconf 76' lang='grc' dir='ltr'>μέσον</span> <span class='ocrx_word' id='word_1_329' title='bbox 492 1223 549 1257; x_wconf 78' lang='grc' dir='ltr'>τοὺς</span> <span class='ocrx_word' id='word_1_330' title='bbox 559 1224 645 1262; x_wconf 80' lang='grc' dir='ltr'>ἁγίους</span> <span class='ocrx_word' id='word_1_331' title='bbox 657 1224 761 1261; x_wconf 76' lang='grc' dir='ltr'>ἄνδρας,</span> <span class='ocrx_word' id='word_1_332' title='bbox 772 1223 814 1251; x_wconf 80' lang='grc' dir='ltr'>τὸν</span> 
     </span>
    </p>
   </div>
   <div class='ocr_carea' id='block_1_6' title="bbox 869 1179 1768 1265">
    <p class='ocr_par' dir='ltr' id='par_1_7' title="bbox 869 1179 1768 1265">
     <span class='ocr_line' id='line_1_42' title="bbox 869 1179 1766 1231; baseline -0.003 -21"><span class='ocrx_word' id='word_1_333' title='bbox 869 1189 893 1210; x_wconf 88' lang='lat' dir='ltr'>ct</span> <span class='ocrx_word' id='word_1_334' title='bbox 905 1182 952 1210; x_wconf 88' lang='lat' dir='ltr'>illa</span> <span class='ocrx_word' id='word_1_335' title='bbox 966 1192 980 1210; x_wconf 80' lang='lat' dir='ltr'>a</span> <span class='ocrx_word' id='word_1_336' title='bbox 995 1182 1103 1210; x_wconf 88' lang='lat' dir='ltr'>marito.</span> <span class='ocrx_word' id='word_1_337' title='bbox 1122 1181 1151 1210; x_wconf 86' lang='lat' dir='ltr'>Si</span> <span class='ocrx_word' id='word_1_338' title='bbox 1167 1180 1263 1220; x_wconf 85' lang='lat' dir='ltr'>premit</span> <span class='ocrx_word' id='word_1_339' title='bbox 1278 1187 1422 1220; x_wconf 78' lang='lat' dir='ltr'>paupertas</span> <span class='ocrx_word' id='word_1_340' title='bbox 1433 1202 1441 1217; x_wconf 91' lang='grc'>,</span> <span class='ocrx_word' id='word_1_341' title='bbox 1460 1180 1564 1220; x_wconf 88' lang='lat' dir='ltr'>produc</span> <span class='ocrx_word' id='word_1_342' title='bbox 1585 1181 1611 1209; x_wconf 93' lang='lat' dir='ltr'>in</span> <span class='ocrx_word' id='word_1_343' title='bbox 1624 1179 1685 1231; x_wconf 51' lang='lat' dir='ltr'>[kgr</span> <span class='ocrx_word' id='word_1_344' title='bbox 1709 1187 1766 1207; x_wconf 74' lang='lat'>⁴³⁰⁰-</span> 
     </span>
     <span class='ocr_line' id='line_1_43' title="bbox 870 1218 1768 1265; baseline -0.001 -8"><span class='ocrx_word' id='word_1_345' title='bbox 870 1228 989 1257; x_wconf 88' lang='lat' dir='ltr'>1nedium</span> <span class='ocrx_word' id='word_1_346' title='bbox 1004 1234 1108 1256; x_wconf 87' lang='lat' dir='ltr'>sanctos</span> <span class='ocrx_word' id='word_1_347' title='bbox 1126 1227 1200 1255; x_wconf 74' lang='lat' dir='ltr'>viros</span> <span class='ocrx_word' id='word_1_348' title='bbox 1218 1227 1334 1255; x_wconf 80' lang='lat' dir='ltr'>Paulum</span> <span class='ocrx_word' id='word_1_349' title='bbox 1349 1233 1373 1254; x_wconf 88' lang='lat' dir='ltr'>et</span> <span class='ocrx_word' id='word_1_350' title='bbox 1389 1227 1514 1263; x_wconf 86' lang='lat' dir='ltr'>Petrum,</span> <span class='ocrx_word' id='word_1_351' title='bbox 1526 1228 1611 1265; x_wconf 88' lang='lat' dir='ltr'>quiin</span> <span class='ocrx_word' id='word_1_352' title='bbox 1623 1218 1768 1263; x_wconf 45' lang='lat' dir='ltr'>gissngafm&#39;</span> 
     </span>
    </p>
   </div>
   <div class='ocr_carea' id='block_1_7' title="bbox 0 2157 26 2860">
    <p class='ocr_par' dir='ltr' id='par_1_8' title="bbox 0 2157 26 2860">
     <span class='ocr_line' id='line_1_44' title="bbox 0 2157 26 2860; baseline 0 0"><span class='ocrx_word' id='word_1_353' title='bbox 0 2157 26 2860; x_wconf 95' lang='lat' dir='ltr'> </span> 
     </span>
    </p>
   </div>
   <div class='ocr_carea' id='block_1_8' title="bbox 48 1269 816 1354">
    <p class='ocr_par' dir='ltr' id='par_1_9' title="bbox 48 1269 816 1354">
     <span class='ocr_line' id='line_1_45' title="bbox 48 1269 816 1312; baseline -0.008 -10"><span class='ocrx_word' id='word_1_354' title='bbox 48 1274 153 1302; x_wconf 77' lang='grc' dir='ltr'>Παῦλον</span> <span class='ocrx_word' id='word_1_355' title='bbox 164 1295 172 1309; x_wconf 83' lang='lat'><em>,</em></span> <span class='ocrx_word' id='word_1_356' title='bbox 186 1273 230 1301; x_wconf 79' lang='grc' dir='ltr'>τὸν</span> <span class='ocrx_word' id='word_1_357' title='bbox 245 1272 346 1312; x_wconf 81' lang='grc' dir='ltr'>Πέτρον</span> <span class='ocrx_word' id='word_1_358' title='bbox 357 1294 364 1307; x_wconf 90' lang='grc'>,</span> <span class='ocrx_word' id='word_1_359' title='bbox 385 1271 409 1299; x_wconf 83' lang='grc' dir='ltr'>οἳ</span> <span class='ocrx_word' id='word_1_360' title='bbox 427 1270 533 1299; x_wconf 71' lang='grc' dir='ltr'>πάντων</span> <span class='ocrx_word' id='word_1_361' title='bbox 555 1271 655 1307; x_wconf 76' lang='grc' dir='ltr'>μᾶλλον</span> <span class='ocrx_word' id='word_1_362' title='bbox 678 1269 723 1297; x_wconf 81' lang='grc' dir='ltr'>καὶ</span> <span class='ocrx_word' id='word_1_363' title='bbox 737 1270 816 1306; x_wconf 83' lang='grc' dir='ltr'>βασι-</span> 
     </span>
     <span class='ocr_line' id='line_1_46' title="bbox 48 1314 816 1354; baseline -0.008 -7"><span class='ocrx_word' id='word_1_364' title='bbox 48 1318 115 1347; x_wconf 75' lang='grc' dir='ltr'>λέων</span> <span class='ocrx_word' id='word_1_365' title='bbox 126 1319 171 1347; x_wconf 83' lang='grc' dir='ltr'>καὶ</span> <span class='ocrx_word' id='word_1_366' title='bbox 182 1318 312 1347; x_wconf 85' lang='grc' dir='ltr'>πλουσίων</span> <span class='ocrx_word' id='word_1_367' title='bbox 325 1316 509 1354; x_wconf 78' lang='grc' dir='ltr'>εὐδοκίμησαν,</span> <span class='ocrx_word' id='word_1_368' title='bbox 519 1315 565 1343; x_wconf 85' lang='grc' dir='ltr'>καί</span> <span class='ocrx_word' id='word_1_369' title='bbox 576 1327 631 1347; x_wconf 83' lang='grc' dir='ltr'>πως</span> <span class='ocrx_word' id='word_1_370' title='bbox 646 1314 673 1343; x_wconf 78' lang='grc' dir='ltr'>δὲ</span> <span class='ocrx_word' id='word_1_371' title='bbox 685 1314 730 1343; x_wconf 76' lang='grc' dir='ltr'>καὶ</span> <span class='ocrx_word' id='word_1_372' title='bbox 742 1315 767 1342; x_wconf 77' lang='grc' dir='ltr'>ἐν</span> <span class='ocrx_word' id='word_1_373' title='bbox 776 1315 816 1342; x_wconf 83' lang='grc' dir='ltr'>λι-</span> 
     </span>
    </p>
   </div>
   <div class='ocr_carea' id='block_1_9' title="bbox 195 1359 817 1402">
    <p class='ocr_par' dir='ltr' id='par_1_10' title="bbox 195 1359 817 1402">
     <span class='ocr_line' id='line_1_47' title="bbox 195 1359 817 1402; baseline -0.008 -10"><span class='ocrx_word' id='word_1_374' title='bbox 195 1363 264 1402; x_wconf 74' lang='grc' dir='ltr'>δίψει</span> <span class='ocrx_word' id='word_1_375' title='bbox 273 1364 316 1391; x_wconf 82' lang='grc' dir='ltr'>τὸν</span> <span class='ocrx_word' id='word_1_376' title='bbox 328 1363 382 1401; x_wconf 83' lang='grc' dir='ltr'>βίον</span> <span class='ocrx_word' id='word_1_377' title='bbox 397 1362 522 1400; x_wconf 74' lang='grc' dir='ltr'>διήγαγον</span> <span class='ocrx_word' id='word_1_378' title='bbox 531 1373 537 1378; x_wconf 94' lang='grc'>·</span> <span class='ocrx_word' id='word_1_379' title='bbox 550 1361 658 1389; x_wconf 76' lang='grc' dir='ltr'>παίδευε</span> <span class='ocrx_word' id='word_1_380' title='bbox 671 1360 766 1395; x_wconf 73' lang='grc' dir='ltr'>αὐτὴν,</span> <span class='ocrx_word' id='word_1_381' title='bbox 777 1359 817 1388; x_wconf 78' lang='grc' dir='ltr'>ὅτι</span> 
     </span>
    </p>
   </div>
   <div class='ocr_carea' id='block_1_10' title="bbox 47 1364 818 1628">
    <p class='ocr_par' dir='ltr' id='par_1_11' title="bbox 47 1364 818 1628">
     <span class='ocr_line' id='line_1_48' title="bbox 50 1364 183 1403; baseline -0.008 -10"><span class='ocrx_word' id='word_1_382' title='bbox 50 1367 92 1403; x_wconf 80' lang='grc' dir='ltr'>μῷ</span> <span class='ocrx_word' id='word_1_383' title='bbox 102 1364 147 1393; x_wconf 84' lang='grc' dir='ltr'>καὶ</span> <span class='ocrx_word' id='word_1_384' title='bbox 157 1366 183 1393; x_wconf 82' lang='grc' dir='ltr'>ἐν</span> 
     </span>
     <span class='ocr_line' id='line_1_49' title="bbox 48 1406 817 1448; baseline -0.007 -10"><span class='ocrx_word' id='word_1_385' title='bbox 48 1409 120 1439; x_wconf 78' lang='grc' dir='ltr'>οὐδὲν</span> <span class='ocrx_word' id='word_1_386' title='bbox 135 1408 244 1448; x_wconf 70' lang='grc' dir='ltr'>φοὲερὸν</span> <span class='ocrx_word' id='word_1_387' title='bbox 259 1410 311 1436; x_wconf 84' lang='grc' dir='ltr'>τῶν</span> <span class='ocrx_word' id='word_1_388' title='bbox 324 1409 351 1436; x_wconf 84' lang='grc' dir='ltr'>ἐν</span> <span class='ocrx_word' id='word_1_389' title='bbox 362 1409 400 1447; x_wconf 81' lang='grc' dir='ltr'>τῷ</span> <span class='ocrx_word' id='word_1_390' title='bbox 416 1407 482 1446; x_wconf 82' lang='grc' dir='ltr'>βίῳ,</span> <span class='ocrx_word' id='word_1_391' title='bbox 504 1406 520 1441; x_wconf 84' lang='grc' dir='ltr'>ἢ</span> <span class='ocrx_word' id='word_1_392' title='bbox 534 1406 611 1444; x_wconf 85' lang='grc' dir='ltr'>μόνον</span> <span class='ocrx_word' id='word_1_393' title='bbox 625 1406 655 1434; x_wconf 83' lang='grc' dir='ltr'>τὸ</span> <span class='ocrx_word' id='word_1_394' title='bbox 669 1407 817 1443; x_wconf 73' lang='grc' dir='ltr'>προσκροῦ-</span> 
     </span>
     <span class='ocr_line' id='line_1_50' title="bbox 49 1451 817 1494; baseline -0.009 -9"><span class='ocrx_word' id='word_1_395' title='bbox 49 1457 139 1494; x_wconf 81' lang='grc' dir='ltr'>σαιτῷ</span> <span class='ocrx_word' id='word_1_396' title='bbox 149 1457 220 1494; x_wconf 79' lang='grc' dir='ltr'>Θεῷ,</span> <span class='ocrx_word' id='word_1_397' title='bbox 239 1454 285 1483; x_wconf 84' lang='grc' dir='ltr'>Ἂν</span> <span class='ocrx_word' id='word_1_398' title='bbox 301 1454 369 1483; x_wconf 76' lang='grc' dir='ltr'>οὕτω</span> <span class='ocrx_word' id='word_1_399' title='bbox 383 1466 422 1486; x_wconf 85' lang='grc' dir='ltr'>τις</span> <span class='ocrx_word' id='word_1_400' title='bbox 436 1454 524 1491; x_wconf 78' lang='grc' dir='ltr'>γήμῃ,</span> <span class='ocrx_word' id='word_1_401' title='bbox 540 1452 570 1480; x_wconf 79' lang='grc' dir='ltr'>ἂν</span> <span class='ocrx_word' id='word_1_402' title='bbox 582 1452 626 1480; x_wconf 76' lang='grc' dir='ltr'>ἐπὶ</span> <span class='ocrx_word' id='word_1_403' title='bbox 640 1451 754 1487; x_wconf 76' lang='grc' dir='ltr'>τούτοις,</span> <span class='ocrx_word' id='word_1_404' title='bbox 765 1452 817 1479; x_wconf 86' lang='grc' dir='ltr'>τῶν</span> 
     </span>
     <span class='ocr_line' id='line_1_51' title="bbox 49 1496 816 1539; baseline -0.007 -9"><span class='ocrx_word' id='word_1_405' title='bbox 49 1501 214 1539; x_wconf 80' lang='grc' dir='ltr'>μοναζόντων</span> <span class='ocrx_word' id='word_1_406' title='bbox 233 1502 280 1530; x_wconf 73' lang='grc' dir='ltr'>οὐκ</span> <span class='ocrx_word' id='word_1_407' title='bbox 293 1500 368 1529; x_wconf 83' lang='grc' dir='ltr'>ἔσται</span> <span class='ocrx_word' id='word_1_408' title='bbox 380 1500 471 1537; x_wconf 81' lang='grc' dir='ltr'>πολλῷ</span> <span class='ocrx_word' id='word_1_409' title='bbox 490 1499 621 1533; x_wconf 75' lang='grc' dir='ltr'>ἐλάττων,</span> <span class='ocrx_word' id='word_1_410' title='bbox 641 1498 698 1527; x_wconf 75' lang='grc' dir='ltr'>οὐδὲ</span> <span class='ocrx_word' id='word_1_411' title='bbox 715 1500 766 1526; x_wconf 80' lang='grc' dir='ltr'>τῶν</span> <span class='ocrx_word' id='word_1_412' title='bbox 780 1496 816 1535; x_wconf 77' lang='grc' dir='ltr'>μὴ</span> 
     </span>
     <span class='ocr_line' id='line_1_52' title="bbox 47 1544 818 1586; baseline -0.006 -10"><span class='ocrx_word' id='word_1_413' title='bbox 47 1546 237 1586; x_wconf 75' lang='grc' dir='ltr'>γεγαμηκότων</span> <span class='ocrx_word' id='word_1_414' title='bbox 248 1549 262 1575; x_wconf 79' lang='grc' dir='ltr'><strong>ὁ</strong></span> <span class='ocrx_word' id='word_1_415' title='bbox 273 1545 442 1585; x_wconf 82' lang='grc' dir='ltr'>γεγαμηκώς.</span> <span class='ocrx_word' id='word_1_416' title='bbox 455 1545 488 1574; x_wconf 80' lang='grc' dir='ltr'>Εἰ</span> <span class='ocrx_word' id='word_1_417' title='bbox 501 1544 588 1583; x_wconf 81' lang='grc' dir='ltr'>βούλει</span> <span class='ocrx_word' id='word_1_418' title='bbox 599 1544 645 1573; x_wconf 84' lang='grc' dir='ltr'>καὶ</span> <span class='ocrx_word' id='word_1_419' title='bbox 656 1544 752 1583; x_wconf 82' lang='grc' dir='ltr'>ἄριστα</span> <span class='ocrx_word' id='word_1_420' title='bbox 762 1555 818 1572; x_wconf 83' lang='grc' dir='ltr'>ποι-</span> 
     </span>
     <span class='ocr_line' id='line_1_53' title="bbox 48 1589 818 1628; baseline -0.004 -7"><span class='ocrx_word' id='word_1_421' title='bbox 48 1597 85 1621; x_wconf 85' lang='grc' dir='ltr'>εῖν</span> <span class='ocrx_word' id='word_1_422' title='bbox 98 1592 142 1621; x_wconf 80' lang='grc' dir='ltr'>καὶ</span> <span class='ocrx_word' id='word_1_423' title='bbox 155 1592 285 1624; x_wconf 70' lang='grc' dir='ltr'>ἑστιάσεις</span> <span class='ocrx_word' id='word_1_424' title='bbox 296 1593 440 1626; x_wconf 78' lang='grc' dir='ltr'>ἐπιτελεῖν,</span> <span class='ocrx_word' id='word_1_425' title='bbox 458 1590 558 1628; x_wconf 80' lang='grc' dir='ltr'>μηδένα</span> <span class='ocrx_word' id='word_1_426' title='bbox 574 1590 687 1627; x_wconf 79' lang='grc' dir='ltr'>ἄσεμνον</span> <span class='ocrx_word' id='word_1_427' title='bbox 696 1611 703 1624; x_wconf 93' lang='grc'>,</span> <span class='ocrx_word' id='word_1_428' title='bbox 718 1589 818 1626; x_wconf 68' lang='grc' dir='ltr'>μηδένα</span> 
     </span>
    </p>
   </div>
   <div class='ocr_carea' id='block_1_11' title="bbox 30 1636 817 1675">
    <p class='ocr_par' dir='ltr' id='par_1_12' title="bbox 30 1636 817 1675">
     <span class='ocr_line' id='line_1_54' title="bbox 30 1636 817 1675; baseline -0.005 -8"><span class='ocrx_word' id='word_1_429' title='bbox 30 1650 32 1652; x_wconf 94' lang='grc'><strong><em>·</em></strong></span> <span class='ocrx_word' id='word_1_430' title='bbox 48 1638 180 1675; x_wconf 81' lang='grc' dir='ltr'>ἄκοσμον,</span> <span class='ocrx_word' id='word_1_431' title='bbox 195 1637 254 1666; x_wconf 80' lang='grc' dir='ltr'>ἀλλ’</span> <span class='ocrx_word' id='word_1_432' title='bbox 265 1637 289 1666; x_wconf 90' lang='grc' dir='ltr'>εἶ</span> <span class='ocrx_word' id='word_1_433' title='bbox 302 1649 362 1665; x_wconf 86' lang='grc' dir='ltr'>τινα</span> <span class='ocrx_word' id='word_1_434' title='bbox 374 1636 447 1675; x_wconf 78' lang='grc' dir='ltr'>ἅγιον</span> <span class='ocrx_word' id='word_1_435' title='bbox 462 1636 562 1671; x_wconf 78' lang='grc' dir='ltr'>πένητα</span> <span class='ocrx_word' id='word_1_436' title='bbox 577 1636 660 1675; x_wconf 79' lang='grc' dir='ltr'>εὕροις</span> <span class='ocrx_word' id='word_1_437' title='bbox 676 1636 817 1673; x_wconf 79' lang='grc' dir='ltr'>δυνάμενον</span> 
     </span>
    </p>
   </div>
   <div class='ocr_carea' id='block_1_12' title="bbox 48 1681 821 2272">
    <p class='ocr_par' dir='ltr' id='par_1_13' title="bbox 48 1681 821 2272">
     <span class='ocr_line' id='line_1_55' title="bbox 48 1681 818 1722; baseline -0.004 -9"><span class='ocrx_word' id='word_1_438' title='bbox 48 1687 108 1722; x_wconf 82' lang='grc' dir='ltr'>ὑμῖν</span> <span class='ocrx_word' id='word_1_439' title='bbox 123 1685 264 1722; x_wconf 69' lang='grc' dir='ltr'>εὐλογῆσαι</span> <span class='ocrx_word' id='word_1_440' title='bbox 278 1683 326 1718; x_wconf 78' lang='grc' dir='ltr'>τὴν</span> <span class='ocrx_word' id='word_1_441' title='bbox 341 1683 441 1717; x_wconf 80' lang='grc' dir='ltr'>οἰκίαν,</span> <span class='ocrx_word' id='word_1_442' title='bbox 461 1682 603 1720; x_wconf 81' lang='grc' dir='ltr'>δυνάμενον</span> <span class='ocrx_word' id='word_1_443' title='bbox 617 1681 685 1720; x_wconf 82' lang='grc' dir='ltr'>μετὰ</span> <span class='ocrx_word' id='word_1_444' title='bbox 700 1683 747 1716; x_wconf 76' lang='grc' dir='ltr'>τῆς</span> <span class='ocrx_word' id='word_1_445' title='bbox 766 1683 818 1710; x_wconf 80' lang='grc' dir='ltr'>τῶν</span> 
     </span>
     <span class='ocr_line' id='line_1_56' title="bbox 49 1727 819 1767; baseline -0.004 -9"><span class='ocrx_word' id='word_1_446' title='bbox 49 1730 137 1758; x_wconf 77' lang='grc' dir='ltr'>ποδῶν</span> <span class='ocrx_word' id='word_1_447' title='bbox 152 1729 299 1761; x_wconf 55' lang='lat' dir='ltr'>&amp;affinia-sm&lt;</span> <span class='ocrx_word' id='word_1_448' title='bbox 315 1733 404 1757; x_wconf 73' lang='grc' dir='ltr'>πᾶσαν</span> <span class='ocrx_word' id='word_1_449' title='bbox 419 1730 574 1767; x_wconf 76' lang='grc' dir='ltr'>εἰσενεγκεῖν</span> <span class='ocrx_word' id='word_1_450' title='bbox 586 1732 631 1757; x_wconf 77' lang='grc' dir='ltr'>τοῦ</span> <span class='ocrx_word' id='word_1_451' title='bbox 641 1729 711 1758; x_wconf 76' lang='grc' dir='ltr'>Θεοῦ</span> <span class='ocrx_word' id='word_1_452' title='bbox 720 1727 768 1763; x_wconf 67' lang='grc' dir='ltr'>τὴν</span> <span class='ocrx_word' id='word_1_453' title='bbox 780 1729 819 1756; x_wconf 83' lang='grc' dir='ltr'>εὐ-</span> 
     </span>
     <span class='ocr_line' id='line_1_57' title="bbox 49 1773 820 1813; baseline 0 -11"><span class='ocrx_word' id='word_1_454' title='bbox 49 1775 156 1812; x_wconf 81' lang='grc' dir='ltr'>λογίαν,</span> <span class='ocrx_word' id='word_1_455' title='bbox 176 1779 265 1804; x_wconf 77' lang='grc' dir='ltr'>τοῦτον</span> <span class='ocrx_word' id='word_1_456' title='bbox 278 1775 363 1804; x_wconf 77' lang='grc' dir='ltr'>κάλει.</span> <span class='ocrx_word' id='word_1_457' title='bbox 384 1775 462 1804; x_wconf 81' lang='grc' dir='ltr'>Εἴπω</span> <span class='ocrx_word' id='word_1_458' title='bbox 485 1773 568 1803; x_wconf 78' lang='grc' dir='ltr'>δὲκαὶ</span> <span class='ocrx_word' id='word_1_459' title='bbox 587 1773 692 1813; x_wconf 74' lang='grc' dir='ltr'>ἕτερον,</span> <span class='ocrx_word' id='word_1_460' title='bbox 718 1774 820 1809; x_wconf 65' lang='grc' dir='ltr'>Μηδεὶς</span> 
     </span>
     <span class='ocr_line' id='line_1_58' title="bbox 49 1819 819 1860; baseline -0.003 -11"><span class='ocrx_word' id='word_1_461' title='bbox 49 1822 123 1858; x_wconf 78' lang='grc' dir='ltr'>ὑμῶν</span> <span class='ocrx_word' id='word_1_462' title='bbox 133 1820 301 1854; x_wconf 73' lang='grc' dir='ltr'>σπουδαζέτω</span> <span class='ocrx_word' id='word_1_463' title='bbox 316 1820 499 1860; x_wconf 78' lang='grc' dir='ltr'>εὐπορωτέραν</span> <span class='ocrx_word' id='word_1_464' title='bbox 511 1824 604 1858; x_wconf 84' lang='grc' dir='ltr'>γαμεῖν</span> <span class='ocrx_word' id='word_1_465' title='bbox 614 1841 622 1854; x_wconf 87' lang='grc'><strong><em>,</em></strong></span> <span class='ocrx_word' id='word_1_466' title='bbox 646 1819 714 1848; x_wconf 78' lang='grc' dir='ltr'>ἀλλὰ</span> <span class='ocrx_word' id='word_1_467' title='bbox 728 1820 819 1858; x_wconf 82' lang='grc' dir='ltr'>πολλῷ</span> 
     </span>
     <span class='ocr_line' id='line_1_59' title="bbox 51 1865 819 1906; baseline -0.004 -10"><span class='ocrx_word' id='word_1_468' title='bbox 51 1868 150 1904; x_wconf 72' lang='grc' dir='ltr'>μᾶλλον</span> <span class='ocrx_word' id='word_1_469' title='bbox 163 1866 332 1906; x_wconf 85' lang='grc' dir='ltr'>πενεστέραν.</span> <span class='ocrx_word' id='word_1_470' title='bbox 358 1867 398 1894; x_wconf 82' lang='grc' dir='ltr'>Οὐ</span> <span class='ocrx_word' id='word_1_471' title='bbox 412 1866 462 1905; x_wconf 83' lang='grc' dir='ltr'>γὰρ</span> <span class='ocrx_word' id='word_1_472' title='bbox 474 1865 602 1900; x_wconf 75' lang='grc' dir='ltr'>τοσαύτην</span> <span class='ocrx_word' id='word_1_473' title='bbox 617 1865 669 1894; x_wconf 81' lang='grc' dir='ltr'>ἀπὸ</span> <span class='ocrx_word' id='word_1_474' title='bbox 684 1867 736 1894; x_wconf 68' lang='grc' dir='ltr'>τῶν</span> <span class='ocrx_word' id='word_1_475' title='bbox 749 1876 819 1904; x_wconf 73' lang='grc' dir='ltr'>χρη·</span> 
     </span>
     <span class='ocr_line' id='line_1_60' title="bbox 50 1911 817 1952; baseline -0.003 -11"><span class='ocrx_word' id='word_1_476' title='bbox 50 1913 140 1949; x_wconf 82' lang='grc' dir='ltr'>μάτων</span> <span class='ocrx_word' id='word_1_477' title='bbox 153 1912 329 1942; x_wconf 75' lang='grc' dir='ltr'>εἰσελεύσεται</span> <span class='ocrx_word' id='word_1_478' title='bbox 341 1912 499 1952; x_wconf 71' lang='grc' dir='ltr'>εἰσφέρουσα</span> <span class='ocrx_word' id='word_1_479' title='bbox 508 1911 628 1951; x_wconf 66' lang='grc' dir='ltr'>ἀφορμὴν</span> <span class='ocrx_word' id='word_1_480' title='bbox 640 1913 744 1947; x_wconf 66' lang='grc' dir='ltr'>ἡδονῆς,</span> <span class='ocrx_word' id='word_1_481' title='bbox 753 1911 817 1946; x_wconf 77' lang='grc' dir='ltr'>ὅσην</span> 
     </span>
     <span class='ocr_line' id='line_1_61' title="bbox 51 1957 817 1993; baseline 0 -7"><span class='ocrx_word' id='word_1_482' title='bbox 51 1958 145 1992; x_wconf 79' lang='grc' dir='ltr'>ἀηδίαν</span> <span class='ocrx_word' id='word_1_483' title='bbox 160 1958 212 1987; x_wconf 77' lang='grc' dir='ltr'>ἀπὸ</span> <span class='ocrx_word' id='word_1_484' title='bbox 225 1961 278 1987; x_wconf 81' lang='grc' dir='ltr'>τῶν</span> <span class='ocrx_word' id='word_1_485' title='bbox 293 1958 399 1986; x_wconf 78' lang='grc' dir='ltr'>ὀνειδῶν</span> <span class='ocrx_word' id='word_1_486' title='bbox 410 1979 417 1993; x_wconf 90' lang='grc'>,</span> <span class='ocrx_word' id='word_1_487' title='bbox 442 1958 494 1986; x_wconf 81' lang='grc' dir='ltr'>ἀπὸ</span> <span class='ocrx_word' id='word_1_488' title='bbox 511 1960 556 1986; x_wconf 68' lang='grc' dir='ltr'>τοῦ</span> <span class='ocrx_word' id='word_1_489' title='bbox 572 1957 679 1986; x_wconf 84' lang='grc' dir='ltr'>πλείονα</span> <span class='ocrx_word' id='word_1_490' title='bbox 697 1959 817 1986; x_wconf 81' lang='grc' dir='ltr'>ἀπαιτεῖν</span> 
     </span>
     <span class='ocr_line' id='line_1_62' title="bbox 51 1999 816 2042; baseline -0.001 -10"><span class='ocrx_word' id='word_1_491' title='bbox 51 1999 87 2031; x_wconf 66' lang='grc' dir='ltr'>ὧν</span> <span class='ocrx_word' id='word_1_492' title='bbox 102 2003 251 2042; x_wconf 73' lang='grc' dir='ltr'>εἰσήγαγεν,</span> <span class='ocrx_word' id='word_1_493' title='bbox 266 2003 319 2031; x_wconf 81' lang='grc' dir='ltr'>ἀπὸ</span> <span class='ocrx_word' id='word_1_494' title='bbox 331 2004 383 2030; x_wconf 80' lang='grc' dir='ltr'>τῶν</span> <span class='ocrx_word' id='word_1_495' title='bbox 395 2002 504 2042; x_wconf 67' lang='grc' dir='ltr'>ὖὸρεων,</span> <span class='ocrx_word' id='word_1_496' title='bbox 514 2003 566 2032; x_wconf 80' lang='grc' dir='ltr'>ἀπὸ</span> <span class='ocrx_word' id='word_1_497' title='bbox 580 2005 626 2038; x_wconf 66' lang='grc' dir='ltr'>τῆς</span> <span class='ocrx_word' id='word_1_498' title='bbox 638 2003 816 2038; x_wconf 83' lang='grc' dir='ltr'>πολυτελείας,</span> 
     </span>
     <span class='ocr_line' id='line_1_63' title="bbox 52 2049 821 2088; baseline -0.001 -10"><span class='ocrx_word' id='word_1_499' title='bbox 52 2049 104 2078; x_wconf 78' lang='grc' dir='ltr'>ἀπὸ</span> <span class='ocrx_word' id='word_1_500' title='bbox 123 2051 174 2078; x_wconf 80' lang='grc' dir='ltr'>τῶν</span> <span class='ocrx_word' id='word_1_501' title='bbox 197 2050 327 2088; x_wconf 67' lang='grc' dir='ltr'>φορτικῶν</span> <span class='ocrx_word' id='word_1_502' title='bbox 351 2049 486 2088; x_wconf 77' lang='grc' dir='ltr'>ῥημάτων.</span> <span class='ocrx_word' id='word_1_503' title='bbox 505 2049 579 2088; x_wconf 80' lang='grc' dir='ltr'>Ἐρεῖ</span> <span class='ocrx_word' id='word_1_504' title='bbox 601 2049 652 2088; x_wconf 83' lang='grc' dir='ltr'>γὰρ</span> <span class='ocrx_word' id='word_1_505' title='bbox 674 2050 736 2082; x_wconf 85' lang='grc' dir='ltr'>ἴσως</span> <span class='ocrx_word' id='word_1_506' title='bbox 749 2061 755 2067; x_wconf 83' lang='lat'><strong>·</strong></span> <span class='ocrx_word' id='word_1_507' title='bbox 779 2050 821 2077; x_wconf 77' lang='grc' dir='ltr'>οῦ-</span> 
     </span>
     <span class='ocr_line' id='line_1_64' title="bbox 52 2094 819 2134; baseline 0 -11"><span class='ocrx_word' id='word_1_508' title='bbox 52 2094 123 2124; x_wconf 76' lang='grc' dir='ltr'>δὲπω</span> <span class='ocrx_word' id='word_1_509' title='bbox 135 2096 187 2123; x_wconf 77' lang='grc' dir='ltr'>τῶν</span> <span class='ocrx_word' id='word_1_510' title='bbox 199 2097 251 2124; x_wconf 80' lang='grc' dir='ltr'>σῶν</span> <span class='ocrx_word' id='word_1_511' title='bbox 264 2094 387 2123; x_wconf 65' lang='grc' dir='ltr'>ἀνάλωτα</span> <span class='ocrx_word' id='word_1_512' title='bbox 399 2094 472 2123; x_wconf 73' lang='grc' dir='ltr'>οὐδὲν</span> <span class='ocrx_word' id='word_1_513' title='bbox 481 2117 488 2130; x_wconf 85' lang='lat'>,</span> <span class='ocrx_word' id='word_1_514' title='bbox 500 2094 538 2123; x_wconf 80' lang='grc' dir='ltr'>ἔτι</span> <span class='ocrx_word' id='word_1_515' title='bbox 550 2095 583 2123; x_wconf 82' lang='grc' dir='ltr'>τὰ</span> <span class='ocrx_word' id='word_1_516' title='bbox 593 2095 645 2131; x_wconf 71' lang='grc' dir='ltr'>ε’μὰ</span> <span class='ocrx_word' id='word_1_517' title='bbox 655 2095 819 2134; x_wconf 81' lang='grc' dir='ltr'>περίκειμαι,</span> 
     </span>
     <span class='ocr_line' id='line_1_65' title="bbox 51 2135 818 2179; baseline -0.001 -10"><span class='ocrx_word' id='word_1_518' title='bbox 51 2140 77 2173; x_wconf 80' lang='grc' dir='ltr'>ἐξ</span> <span class='ocrx_word' id='word_1_519' title='bbox 91 2136 126 2169; x_wconf 66' lang='grc' dir='ltr'>ὧν</span> <span class='ocrx_word' id='word_1_520' title='bbox 145 2143 168 2169; x_wconf 85' lang='grc' dir='ltr'>οἷ</span> <span class='ocrx_word' id='word_1_521' title='bbox 183 2145 266 2179; x_wconf 84' lang='grc' dir='ltr'>γονεῖς</span> <span class='ocrx_word' id='word_1_522' title='bbox 283 2152 327 2178; x_wconf 84' lang='grc' dir='ltr'>μοι</span> <span class='ocrx_word' id='word_1_523' title='bbox 342 2140 511 2179; x_wconf 78' lang='grc' dir='ltr'>δεδώρηνται.</span> <span class='ocrx_word' id='word_1_524' title='bbox 531 2140 567 2169; x_wconf 89' lang='grc' dir='ltr'>Τί</span> <span class='ocrx_word' id='word_1_525' title='bbox 580 2140 681 2179; x_wconf 80' lang='grc' dir='ltr'>λέγεις,</span> <span class='ocrx_word' id='word_1_526' title='bbox 697 2135 718 2168; x_wconf 66' lang='grc' dir='ltr'>ὦ</span> <span class='ocrx_word' id='word_1_527' title='bbox 729 2141 818 2178; x_wconf 84' lang='grc' dir='ltr'>γύναι;</span> 
     </span>
     <span class='ocr_line' id='line_1_66' title="bbox 50 2186 818 2225; baseline 0 -11"><span class='ocrx_word' id='word_1_528' title='bbox 50 2186 88 2214; x_wconf 84' lang='grc' dir='ltr'>ἔτι</span> <span class='ocrx_word' id='word_1_529' title='bbox 102 2186 135 2215; x_wconf 71' lang='grc' dir='ltr'>τὰ</span> <span class='ocrx_word' id='word_1_530' title='bbox 148 2186 182 2215; x_wconf 82' lang='grc' dir='ltr'>σὰ</span> <span class='ocrx_word' id='word_1_531' title='bbox 197 2186 360 2225; x_wconf 69' lang='grc' dir='ltr'>περίκεισαι,</span> <span class='ocrx_word' id='word_1_532' title='bbox 378 2186 423 2214; x_wconf 80' lang='grc' dir='ltr'>καὶ</span> <span class='ocrx_word' id='word_1_533' title='bbox 437 2186 462 2214; x_wconf 89' lang='grc' dir='ltr'>τί</span> <span class='ocrx_word' id='word_1_534' title='bbox 476 2186 568 2215; x_wconf 64' lang='grc' dir='ltr'>τούτου</span> <span class='ocrx_word' id='word_1_535' title='bbox 582 2189 627 2215; x_wconf 72' lang='grc' dir='ltr'>τοῦ</span> <span class='ocrx_word' id='word_1_536' title='bbox 643 2186 759 2225; x_wconf 73' lang='grc' dir='ltr'>ῥήματος</span> <span class='ocrx_word' id='word_1_537' title='bbox 773 2186 818 2224; x_wconf 82' lang='grc' dir='ltr'>γε’-</span> 
     </span>
     <span class='ocr_line' id='line_1_67' title="bbox 50 2231 817 2272; baseline 0 -12"><span class='ocrx_word' id='word_1_538' title='bbox 50 2234 112 2260; x_wconf 71' lang='grc' dir='ltr'>νσιτ“</span> <span class='ocrx_word' id='word_1_539' title='bbox 129 2231 160 2260; x_wconf 80' lang='grc' dir='ltr'>ἂν</span> <span class='ocrx_word' id='word_1_540' title='bbox 179 2232 350 2272; x_wconf 84' lang='grc' dir='ltr'>ἀθλιώτερον;</span> <span class='ocrx_word' id='word_1_541' title='bbox 376 2234 455 2270; x_wconf 80' lang='grc' dir='ltr'>σῶμα</span> <span class='ocrx_word' id='word_1_542' title='bbox 478 2232 564 2261; x_wconf 71' lang='grc' dir='ltr'>οὐκέτι</span> <span class='ocrx_word' id='word_1_543' title='bbox 585 2232 653 2271; x_wconf 75' lang='grc' dir='ltr'>ἔχεις</span> <span class='ocrx_word' id='word_1_544' title='bbox 667 2233 745 2266; x_wconf 72' lang='grc' dir='ltr'>ἴδιον,</span> <span class='ocrx_word' id='word_1_545' title='bbox 773 2232 817 2261; x_wconf 84' lang='grc' dir='ltr'>καὶ</span> 
     </span>
    </p>
   </div>
   <div class='ocr_carea' id='block_1_13' title="bbox 9 2277 818 2317">
    <p class='ocr_par' dir='ltr' id='par_1_14' title="bbox 9 2277 818 2317">
     <span class='ocr_line' id='line_1_68' title="bbox 9 2277 818 2317; baseline -0.006 -6"><span class='ocrx_word' id='word_1_546' title='bbox 9 2306 11 2311; x_wconf 70' lang='grc'>,</span> <span class='ocrx_word' id='word_1_547' title='bbox 49 2277 176 2316; x_wconf 58' lang='grc' dir='ltr'>χρήματα</span> <span class='ocrx_word' id='word_1_548' title='bbox 186 2277 254 2317; x_wconf 77' lang='grc' dir='ltr'>ἔχεις</span> <span class='ocrx_word' id='word_1_549' title='bbox 266 2278 333 2313; x_wconf 57' lang='grc' dir='ltr'>ἴδιος</span> <span class='ocrx_word' id='word_1_550' title='bbox 346 2278 446 2307; x_wconf 79' lang='grc' dir='ltr'>Οὐκέτι</span> <span class='ocrx_word' id='word_1_551' title='bbox 457 2277 502 2306; x_wconf 75' lang='grc' dir='ltr'>δύο</span> <span class='ocrx_word' id='word_1_552' title='bbox 517 2277 574 2307; x_wconf 76' lang='grc' dir='ltr'>ἐστὲ</span> <span class='ocrx_word' id='word_1_553' title='bbox 590 2278 685 2317; x_wconf 77' lang='grc' dir='ltr'>σάρκες</span> <span class='ocrx_word' id='word_1_554' title='bbox 697 2279 763 2315; x_wconf 83' lang='grc' dir='ltr'>μετὰ</span> <span class='ocrx_word' id='word_1_555' title='bbox 774 2278 818 2307; x_wconf 79' lang='grc' dir='ltr'>τὸν</span> 
     </span>
    </p>
   </div>
   <div class='ocr_carea' id='block_1_14' title="bbox 48 2323 818 2362">
    <p class='ocr_par' dir='ltr' id='par_1_15' title="bbox 48 2323 818 2362">
     <span class='ocr_line' id='line_1_69' title="bbox 76 2323 814 2335; baseline 0 -2"><span class='ocrx_word' id='word_1_556' title='bbox 76 2323 83 2333; x_wconf 92' lang='grc' dir='ltr'><em>Ι</em></span> <span class='ocrx_word' id='word_1_557' title='bbox 168 2325 175 2330; x_wconf 73' lang='grc'><strong>“</strong></span> <span class='ocrx_word' id='word_1_558' title='bbox 213 2325 219 2334; x_wconf 75' lang='grc'>’1</span> <span class='ocrx_word' id='word_1_559' title='bbox 240 2325 246 2333; x_wconf 68' lang='lat'>³</span> <span class='ocrx_word' id='word_1_560' title='bbox 271 2323 279 2333; x_wconf 97' lang='grc' dir='ltr'><em>Ι</em></span> <span class='ocrx_word' id='word_1_561' title='bbox 381 2326 388 2335; x_wconf 69' lang='lat'>2</span> <span class='ocrx_word' id='word_1_562' title='bbox 438 2323 444 2333; x_wconf 97' lang='grc' dir='ltr'><em>Ι</em></span> <span class='ocrx_word' id='word_1_563' title='bbox 543 2324 547 2333; x_wconf 64' lang='lat' dir='ltr'>l</span> <span class='ocrx_word' id='word_1_564' title='bbox 582 2326 589 2335; x_wconf 67' lang='grc' dir='ltr'><em>ρ</em></span> <span class='ocrx_word' id='word_1_565' title='bbox 619 2326 626 2335; x_wconf 68' lang='lat'>3</span> <span class='ocrx_word' id='word_1_566' title='bbox 652 2325 657 2333; x_wconf 92' lang='grc' dir='ltr'><strong><em>Ι</em></strong></span> <span class='ocrx_word' id='word_1_567' title='bbox 704 2324 729 2334; x_wconf 66' lang='lat' dir='ltr'>tx!</span> <span class='ocrx_word' id='word_1_568' title='bbox 809 2324 814 2333; x_wconf 70' lang='grc' dir='ltr'>ἱ</span> 
     </span>
     <span class='ocr_line' id='line_1_70' title="bbox 48 2324 818 2362; baseline 0 -10"><span class='ocrx_word' id='word_1_569' title='bbox 48 2335 148 2362; x_wconf 79' lang='grc' dir='ltr'>γαμον,</span> <span class='ocrx_word' id='word_1_570' title='bbox 161 2324 212 2352; x_wconf 85' lang='grc' dir='ltr'>αλλ</span> <span class='ocrx_word' id='word_1_571' title='bbox 236 2326 352 2362; x_wconf 80' lang='grc' dir='ltr'>εγενεσθε</span> <span class='ocrx_word' id='word_1_572' title='bbox 367 2336 402 2357; x_wconf 86' lang='grc' dir='ltr'>εις</span> <span class='ocrx_word' id='word_1_573' title='bbox 413 2336 476 2361; x_wconf 86' lang='grc' dir='ltr'>μιαν</span> <span class='ocrx_word' id='word_1_574' title='bbox 486 2345 493 2359; x_wconf 93' lang='grc'>,</span> <span class='ocrx_word' id='word_1_575' title='bbox 507 2335 552 2352; x_wconf 79' lang='grc' dir='ltr'>και</span> <span class='ocrx_word' id='word_1_576' title='bbox 564 2337 590 2352; x_wconf 85' lang='grc' dir='ltr'>αι</span> <span class='ocrx_word' id='word_1_577' title='bbox 601 2336 685 2354; x_wconf 84' lang='grc' dir='ltr'>ουσιαι</span> <span class='ocrx_word' id='word_1_578' title='bbox 701 2335 760 2360; x_wconf 84' lang='grc' dir='ltr'>ουο,</span> <span class='ocrx_word' id='word_1_579' title='bbox 773 2336 818 2353; x_wconf 82' lang='grc' dir='ltr'>και</span> 
     </span>
    </p>
   </div>
   <div class='ocr_carea' id='block_1_15' title="bbox 838 2139 855 2162">
    <p class='ocr_par' dir='ltr' id='par_1_16' title="bbox 838 2139 855 2162">
     <span class='ocr_line' id='line_1_71' title="bbox 838 2139 855 2162; baseline 0 0"><span class='ocrx_word' id='word_1_580' title='bbox 838 2139 855 2162; x_wconf 84' lang='lat' dir='ltr'>F</span> 
     </span>
    </p>
   </div>
   <div class='ocr_carea' id='block_1_16' title="bbox 870 1272 1619 2371">
    <p class='ocr_par' dir='ltr' id='par_1_17' title="bbox 870 1272 1619 2371">
     <span class='ocr_line' id='line_1_72' title="bbox 870 1272 1615 1313; baseline 0 -11"><span class='ocrx_word' id='word_1_581' title='bbox 870 1274 965 1313; x_wconf 86' lang='lat' dir='ltr'>majori</span> <span class='ocrx_word' id='word_1_582' title='bbox 986 1275 1094 1302; x_wconf 76' lang='lat' dir='ltr'>fuerunt</span> <span class='ocrx_word' id='word_1_583' title='bbox 1118 1272 1315 1301; x_wconf 78' lang='lat' dir='ltr'>existimatione</span> <span class='ocrx_word' id='word_1_584' title='bbox 1328 1283 1409 1310; x_wconf 84' lang='lat' dir='ltr'>quam</span> <span class='ocrx_word' id='word_1_585' title='bbox 1432 1282 1522 1301; x_wconf 86' lang='lat' dir='ltr'>omnes</span> <span class='ocrx_word' id='word_1_586' title='bbox 1540 1284 1615 1312; x_wconf 79' lang='lat' dir='ltr'>reges</span> 
     </span>
     <span class='ocr_line' id='line_1_73' title="bbox 871 1317 1615 1356; baseline 0 -8"><span class='ocrx_word' id='word_1_587' title='bbox 871 1327 895 1348; x_wconf 91' lang='lat' dir='ltr'>et</span> <span class='ocrx_word' id='word_1_588' title='bbox 909 1319 1023 1356; x_wconf 80' lang='lat' dir='ltr'>divites,</span> <span class='ocrx_word' id='word_1_589' title='bbox 1042 1326 1067 1347; x_wconf 88' lang='lat' dir='ltr'>et</span> <span class='ocrx_word' id='word_1_590' title='bbox 1083 1317 1218 1356; x_wconf 88' lang='lat' dir='ltr'>quomodo</span> <span class='ocrx_word' id='word_1_591' title='bbox 1232 1318 1318 1347; x_wconf 74' lang='lat' dir='ltr'>vitam</span> <span class='ocrx_word' id='word_1_592' title='bbox 1332 1325 1444 1356; x_wconf 81' lang='lat' dir='ltr'>egerunt</span> <span class='ocrx_word' id='word_1_593' title='bbox 1466 1319 1491 1346; x_wconf 90' lang='lat' dir='ltr'>in</span> <span class='ocrx_word' id='word_1_594' title='bbox 1506 1319 1576 1347; x_wconf 73' lang='lat' dir='ltr'>same</span> <span class='ocrx_word' id='word_1_595' title='bbox 1590 1327 1615 1348; x_wconf 88' lang='lat' dir='ltr'>et</span> 
     </span>
     <span class='ocr_line' id='line_1_74' title="bbox 871 1364 1614 1403; baseline 0 -9"><span class='ocrx_word' id='word_1_596' title='bbox 871 1366 933 1395; x_wconf 90' lang='lat' dir='ltr'>siti:</span> <span class='ocrx_word' id='word_1_597' title='bbox 948 1366 1025 1394; x_wconf 85' lang='lat' dir='ltr'>erudi</span> <span class='ocrx_word' id='word_1_598' title='bbox 1041 1376 1099 1394; x_wconf 87' lang='lat' dir='ltr'>eam</span> <span class='ocrx_word' id='word_1_599' title='bbox 1114 1364 1183 1393; x_wconf 86' lang='lat' dir='ltr'>nihil</span> <span class='ocrx_word' id='word_1_600' title='bbox 1193 1364 1220 1392; x_wconf 90' lang='lat' dir='ltr'>in</span> <span class='ocrx_word' id='word_1_601' title='bbox 1234 1364 1290 1393; x_wconf 77' lang='lat' dir='ltr'>vita</span> <span class='ocrx_word' id='word_1_602' title='bbox 1299 1374 1354 1392; x_wconf 81' lang='lat' dir='ltr'>esse</span> <span class='ocrx_word' id='word_1_603' title='bbox 1370 1364 1491 1392; x_wconf 86' lang='lat' dir='ltr'>terribile</span> <span class='ocrx_word' id='word_1_604' title='bbox 1502 1372 1614 1403; x_wconf 63' lang='lat' dir='ltr'>praeter-</span> 
     </span>
     <span class='ocr_line' id='line_1_75' title="bbox 871 1409 1615 1451; baseline -0.001 -10"><span class='ocrx_word' id='word_1_605' title='bbox 871 1423 952 1451; x_wconf 86' lang='lat' dir='ltr'>quam</span> <span class='ocrx_word' id='word_1_606' title='bbox 963 1413 1052 1441; x_wconf 84' lang='lat' dir='ltr'>Deum</span> <span class='ocrx_word' id='word_1_607' title='bbox 1064 1411 1208 1439; x_wconf 79' lang='lat' dir='ltr'>offendere.</span> <span class='ocrx_word' id='word_1_608' title='bbox 1223 1410 1253 1439; x_wconf 90' lang='lat' dir='ltr'>Si</span> <span class='ocrx_word' id='word_1_609' title='bbox 1266 1410 1326 1449; x_wconf 86' lang='lat' dir='ltr'>quis</span> <span class='ocrx_word' id='word_1_610' title='bbox 1338 1409 1376 1438; x_wconf 88' lang='lat' dir='ltr'>sic</span> <span class='ocrx_word' id='word_1_611' title='bbox 1391 1417 1416 1438; x_wconf 90' lang='lat' dir='ltr'>et</span> <span class='ocrx_word' id='word_1_612' title='bbox 1435 1417 1546 1449; x_wconf 83' lang='lat' dir='ltr'>propter</span> <span class='ocrx_word' id='word_1_613' title='bbox 1558 1411 1615 1440; x_wconf 85' lang='lat' dir='ltr'>haec</span> 
     </span>
     <span class='ocr_line' id='line_1_76' title="bbox 871 1456 1613 1495; baseline -0.003 -8"><span class='ocrx_word' id='word_1_614' title='bbox 871 1469 984 1487; x_wconf 81' lang='lat' dir='ltr'>uxorem</span> <span class='ocrx_word' id='word_1_615' title='bbox 997 1458 1106 1486; x_wconf 83' lang='lat' dir='ltr'>duxerit</span> <span class='ocrx_word' id='word_1_616' title='bbox 1117 1480 1126 1492; x_wconf 93' lang='lat'><em>‚</em></span> <span class='ocrx_word' id='word_1_617' title='bbox 1142 1456 1280 1485; x_wconf 86' lang='lat' dir='ltr'>monachis</span> <span class='ocrx_word' id='word_1_618' title='bbox 1296 1466 1347 1485; x_wconf 92' lang='lat' dir='ltr'>non</span> <span class='ocrx_word' id='word_1_619' title='bbox 1360 1456 1410 1484; x_wconf 82' lang='lat' dir='ltr'>erit</span> <span class='ocrx_word' id='word_1_620' title='bbox 1420 1456 1500 1485; x_wconf 79' lang='lat' dir='ltr'>valde</span> <span class='ocrx_word' id='word_1_621' title='bbox 1513 1457 1613 1495; x_wconf 88' lang='lat' dir='ltr'>minor,</span> 
     </span>
     <span class='ocr_line' id='line_1_77' title="bbox 871 1502 1615 1543; baseline -0.003 -9"><span class='ocrx_word' id='word_1_622' title='bbox 871 1515 918 1534; x_wconf 85' lang='lat' dir='ltr'>nec</span> <span class='ocrx_word' id='word_1_623' title='bbox 930 1505 952 1534; x_wconf 87' lang='lat' dir='ltr'>is</span> <span class='ocrx_word' id='word_1_624' title='bbox 967 1504 1014 1543; x_wconf 91' lang='lat' dir='ltr'>qui</span> <span class='ocrx_word' id='word_1_625' title='bbox 1030 1514 1143 1532; x_wconf 76' lang='lat' dir='ltr'>uxorem</span> <span class='ocrx_word' id='word_1_626' title='bbox 1163 1503 1260 1538; x_wconf 72' lang='lat' dir='ltr'>duxit,</span> <span class='ocrx_word' id='word_1_627' title='bbox 1275 1502 1308 1530; x_wconf 88' lang='lat' dir='ltr'>iis</span> <span class='ocrx_word' id='word_1_628' title='bbox 1328 1502 1374 1540; x_wconf 88' lang='lat' dir='ltr'>qui</span> <span class='ocrx_word' id='word_1_629' title='bbox 1394 1512 1447 1530; x_wconf 90' lang='lat' dir='ltr'>non</span> <span class='ocrx_word' id='word_1_630' title='bbox 1469 1504 1615 1532; x_wconf 79' lang='lat' dir='ltr'>duxerunt.</span> 
     </span>
     <span class='ocr_line' id='line_1_78' title="bbox 871 1547 1616 1587; baseline -0.004 -7"><span class='ocrx_word' id='word_1_631' title='bbox 871 1551 900 1580; x_wconf 77' lang='lat' dir='ltr'>Si</span> <span class='ocrx_word' id='word_1_632' title='bbox 923 1550 1003 1579; x_wconf 87' lang='lat' dir='ltr'>etiam</span> <span class='ocrx_word' id='word_1_633' title='bbox 1027 1550 1114 1579; x_wconf 80' lang='lat' dir='ltr'>facere</span> <span class='ocrx_word' id='word_1_634' title='bbox 1134 1548 1249 1587; x_wconf 85' lang='lat' dir='ltr'>prandia</span> <span class='ocrx_word' id='word_1_635' title='bbox 1260 1570 1267 1583; x_wconf 91' lang='lat'>‚</span> <span class='ocrx_word' id='word_1_636' title='bbox 1284 1554 1309 1576; x_wconf 90' lang='lat' dir='ltr'>et</span> <span class='ocrx_word' id='word_1_637' title='bbox 1332 1547 1457 1576; x_wconf 74' lang='lat' dir='ltr'>convivia</span> <span class='ocrx_word' id='word_1_638' title='bbox 1481 1548 1616 1577; x_wconf 87' lang='lat' dir='ltr'>celebrare</span> 
     </span>
     <span class='ocr_line' id='line_1_79' title="bbox 874 1593 1614 1632; baseline -0.005 -6"><span class='ocrx_word' id='word_1_639' title='bbox 874 1597 938 1626; x_wconf 74' lang='lat' dir='ltr'>velis</span> <span class='ocrx_word' id='word_1_640' title='bbox 948 1619 958 1632; x_wconf 83' lang='lat'><em>‚</em></span> <span class='ocrx_word' id='word_1_641' title='bbox 971 1596 1076 1625; x_wconf 87' lang='lat' dir='ltr'>nullum</span> <span class='ocrx_word' id='word_1_642' title='bbox 1090 1595 1261 1624; x_wconf 85' lang='lat' dir='ltr'>inhonestum</span> <span class='ocrx_word' id='word_1_643' title='bbox 1273 1616 1280 1630; x_wconf 89' lang='lat'>,</span> <span class='ocrx_word' id='word_1_644' title='bbox 1293 1593 1426 1622; x_wconf 91' lang='lat' dir='ltr'>neminem</span> <span class='ocrx_word' id='word_1_645' title='bbox 1439 1594 1596 1623; x_wconf 84' lang='lat' dir='ltr'>indecorum</span> <span class='ocrx_word' id='word_1_646' title='bbox 1605 1617 1614 1630; x_wconf 87' lang='lat'>‚</span> 
     </span>
     <span class='ocr_line' id='line_1_80' title="bbox 872 1638 1616 1679; baseline -0.005 -7"><span class='ocrx_word' id='word_1_647' title='bbox 872 1642 919 1672; x_wconf 86' lang='lat' dir='ltr'>sed</span> <span class='ocrx_word' id='word_1_648' title='bbox 933 1643 955 1671; x_wconf 87' lang='lat' dir='ltr'>si</span> <span class='ocrx_word' id='word_1_649' title='bbox 970 1648 1093 1671; x_wconf 83' lang='lat' dir='ltr'>sanctum</span> <span class='ocrx_word' id='word_1_650' title='bbox 1113 1639 1268 1679; x_wconf 85' lang='lat' dir='ltr'>quempiam</span> <span class='ocrx_word' id='word_1_651' title='bbox 1291 1638 1425 1667; x_wconf 78' lang='lat' dir='ltr'>inveneris</span> <span class='ocrx_word' id='word_1_652' title='bbox 1438 1661 1445 1675; x_wconf 93' lang='lat'><strong><em>,</em></strong></span> <span class='ocrx_word' id='word_1_653' title='bbox 1464 1639 1511 1677; x_wconf 88' lang='lat' dir='ltr'>qui</span> <span class='ocrx_word' id='word_1_654' title='bbox 1532 1641 1616 1679; x_wconf 86' lang='lat' dir='ltr'>possit</span> 
     </span>
     <span class='ocr_line' id='line_1_81' title="bbox 873 1685 1617 1724; baseline -0.004 -7"><span class='ocrx_word' id='word_1_655' title='bbox 873 1688 966 1717; x_wconf 88' lang='lat' dir='ltr'>domui</span> <span class='ocrx_word' id='word_1_656' title='bbox 983 1695 1078 1717; x_wconf 72' lang='lat' dir='ltr'>vestrae</span> <span class='ocrx_word' id='word_1_657' title='bbox 1088 1686 1244 1715; x_wconf 88' lang='lat' dir='ltr'>benedicere</span> <span class='ocrx_word' id='word_1_658' title='bbox 1253 1708 1260 1722; x_wconf 87' lang='lat'><em>,</em></span> <span class='ocrx_word' id='word_1_659' title='bbox 1274 1692 1299 1714; x_wconf 85' lang='lat' dir='ltr'>et</span> <span class='ocrx_word' id='word_1_660' title='bbox 1313 1685 1413 1724; x_wconf 88' lang='lat' dir='ltr'>pedum</span> <span class='ocrx_word' id='word_1_661' title='bbox 1434 1685 1555 1724; x_wconf 81' lang='lat' dir='ltr'>ingressu</span> <span class='ocrx_word' id='word_1_662' title='bbox 1568 1697 1617 1715; x_wconf 72' lang='lat' dir='ltr'>va-</span> 
     </span>
     <span class='ocr_line' id='line_1_82' title="bbox 872 1731 1616 1769; baseline -0.004 -5"><span class='ocrx_word' id='word_1_663' title='bbox 872 1736 925 1764; x_wconf 84' lang='lat' dir='ltr'>lcat</span> <span class='ocrx_word' id='word_1_664' title='bbox 943 1734 1098 1763; x_wconf 78' lang='lat' dir='ltr'>universam</span> <span class='ocrx_word' id='word_1_665' title='bbox 1115 1733 1212 1761; x_wconf 85' lang='lat' dir='ltr'>inferre</span> <span class='ocrx_word' id='word_1_666' title='bbox 1234 1731 1285 1760; x_wconf 86' lang='lat' dir='ltr'>Dei</span> <span class='ocrx_word' id='word_1_667' title='bbox 1308 1731 1540 1769; x_wconf 83' lang='lat' dir='ltr'>benedictionem,</span> <span class='ocrx_word' id='word_1_668' title='bbox 1555 1743 1616 1761; x_wconf 89' lang='lat' dir='ltr'>eum</span> 
     </span>
     <span class='ocr_line' id='line_1_83' title="bbox 874 1778 1618 1810; baseline -0.004 0"><span class='ocrx_word' id='word_1_669' title='bbox 874 1792 950 1810; x_wconf 72' lang='lat' dir='ltr'>roca.</span> <span class='ocrx_word' id='word_1_670' title='bbox 965 1781 1062 1809; x_wconf 88' lang='lat' dir='ltr'>Dicam</span> <span class='ocrx_word' id='word_1_671' title='bbox 1077 1779 1157 1808; x_wconf 84' lang='lat' dir='ltr'>etiam</span> <span class='ocrx_word' id='word_1_672' title='bbox 1172 1778 1248 1806; x_wconf 79' lang='lat' dir='ltr'>aliud</span> <span class='ocrx_word' id='word_1_673' title='bbox 1261 1791 1266 1806; x_wconf 93' lang='lat'><strong>:</strong></span> <span class='ocrx_word' id='word_1_674' title='bbox 1285 1788 1362 1806; x_wconf 91' lang='lat' dir='ltr'>nemo</span> <span class='ocrx_word' id='word_1_675' title='bbox 1376 1785 1496 1807; x_wconf 68' lang='lat' dir='ltr'>vestrum</span> <span class='ocrx_word' id='word_1_676' title='bbox 1511 1778 1618 1807; x_wconf 85' lang='lat' dir='ltr'>studeat</span> 
     </span>
     <span class='ocr_line' id='line_1_84' title="bbox 874 1823 1616 1863; baseline -0.007 -7"><span class='ocrx_word' id='word_1_677' title='bbox 874 1837 985 1856; x_wconf 76' lang='lat' dir='ltr'>uxorem</span> <span class='ocrx_word' id='word_1_678' title='bbox 998 1825 1095 1854; x_wconf 84' lang='lat' dir='ltr'>ducere</span> <span class='ocrx_word' id='word_1_679' title='bbox 1106 1824 1242 1859; x_wconf 89' lang='lat' dir='ltr'>ditiorem,</span> <span class='ocrx_word' id='word_1_680' title='bbox 1258 1823 1305 1852; x_wconf 82' lang='lat' dir='ltr'>sed</span> <span class='ocrx_word' id='word_1_681' title='bbox 1320 1823 1410 1863; x_wconf 89' lang='lat' dir='ltr'>potius</span> <span class='ocrx_word' id='word_1_682' title='bbox 1420 1824 1616 1863; x_wconf 83' lang='lat' dir='ltr'>pauperiorem.</span> 
     </span>
     <span class='ocr_line' id='line_1_85' title="bbox 873 1869 1616 1910; baseline -0.007 -8"><span class='ocrx_word' id='word_1_683' title='bbox 873 1874 933 1902; x_wconf 85' lang='lat' dir='ltr'>Non</span> <span class='ocrx_word' id='word_1_684' title='bbox 947 1873 1018 1901; x_wconf 90' lang='lat' dir='ltr'>enim</span> <span class='ocrx_word' id='word_1_685' title='bbox 1033 1871 1200 1910; x_wconf 84' lang='lat' dir='ltr'>ingredietur</span> <span class='ocrx_word' id='word_1_686' title='bbox 1221 1870 1334 1898; x_wconf 81' lang='lat' dir='ltr'>afferens</span> <span class='ocrx_word' id='word_1_687' title='bbox 1348 1880 1382 1898; x_wconf 77' lang='lat' dir='ltr'>ex</span> <span class='ocrx_word' id='word_1_688' title='bbox 1395 1869 1500 1898; x_wconf 79' lang='lat' dir='ltr'>divitiis</span> <span class='ocrx_word' id='word_1_689' title='bbox 1515 1876 1616 1898; x_wconf 82' lang='lat' dir='ltr'>tantam</span> 
     </span>
     <span class='ocr_line' id='line_1_86' title="bbox 873 1914 1617 1955; baseline -0.007 -7"><span class='ocrx_word' id='word_1_690' title='bbox 873 1918 1039 1947; x_wconf 80' lang='lat' dir='ltr'>occasionem</span> <span class='ocrx_word' id='word_1_691' title='bbox 1051 1916 1216 1955; x_wconf 77' lang='lat' dir='ltr'>voluptatis,</span> <span class='ocrx_word' id='word_1_692' title='bbox 1239 1922 1366 1953; x_wconf 85' lang='lat' dir='ltr'>quantam</span> <span class='ocrx_word' id='word_1_693' title='bbox 1389 1914 1540 1943; x_wconf 82' lang='lat' dir='ltr'>introducet</span> <span class='ocrx_word' id='word_1_694' title='bbox 1555 1925 1617 1943; x_wconf 92' lang='lat' dir='ltr'>mo-</span> 
     </span>
     <span class='ocr_line' id='line_1_87' title="bbox 874 1959 1617 2002; baseline -0.008 -9"><span class='ocrx_word' id='word_1_695' title='bbox 874 1965 981 1993; x_wconf 86' lang='lat' dir='ltr'>lestiam</span> <span class='ocrx_word' id='word_1_696' title='bbox 995 1974 1029 1992; x_wconf 75' lang='lat' dir='ltr'>ex</span> <span class='ocrx_word' id='word_1_697' title='bbox 1041 1962 1157 2002; x_wconf 85' lang='lat' dir='ltr'>probris,</span> <span class='ocrx_word' id='word_1_698' title='bbox 1168 1972 1202 1989; x_wconf 78' lang='lat' dir='ltr'>ex</span> <span class='ocrx_word' id='word_1_699' title='bbox 1213 1971 1242 1989; x_wconf 87' lang='lat' dir='ltr'>eo</span> <span class='ocrx_word' id='word_1_700' title='bbox 1255 1959 1327 1998; x_wconf 85' lang='lat' dir='ltr'>quod</span> <span class='ocrx_word' id='word_1_701' title='bbox 1341 1959 1418 1998; x_wconf 86' lang='lat' dir='ltr'>plura</span> <span class='ocrx_word' id='word_1_702' title='bbox 1432 1959 1522 1998; x_wconf 73' lang='lat' dir='ltr'>exigat</span> <span class='ocrx_word' id='word_1_703' title='bbox 1535 1971 1617 1998; x_wconf 80' lang='lat' dir='ltr'>quam</span> 
     </span>
     <span class='ocr_line' id='line_1_88' title="bbox 875 2005 1618 2045; baseline -0.005 -6"><span class='ocrx_word' id='word_1_704' title='bbox 875 2010 997 2039; x_wconf 89' lang='lat' dir='ltr'>intulerit</span> <span class='ocrx_word' id='word_1_705' title='bbox 1010 2032 1017 2045; x_wconf 84' lang='lat'><strong><em>‚</em></strong></span> <span class='ocrx_word' id='word_1_706' title='bbox 1029 2019 1063 2037; x_wconf 77' lang='lat' dir='ltr'>ex</span> <span class='ocrx_word' id='word_1_707' title='bbox 1077 2006 1261 2042; x_wconf 84' lang='lat' dir='ltr'>contumeliis,</span> <span class='ocrx_word' id='word_1_708' title='bbox 1276 2016 1309 2033; x_wconf 75' lang='lat' dir='ltr'>ex</span> <span class='ocrx_word' id='word_1_709' title='bbox 1321 2005 1425 2043; x_wconf 77' lang='lat' dir='ltr'>magnis</span> <span class='ocrx_word' id='word_1_710' title='bbox 1438 2005 1572 2034; x_wconf 84' lang='lat' dir='ltr'>sumtibus</span> <span class='ocrx_word' id='word_1_711' title='bbox 1592 2013 1618 2035; x_wconf 91' lang='lat' dir='ltr'>et</span> 
     </span>
     <span class='ocr_line' id='line_1_89' title="bbox 875 2051 1617 2096; baseline -0.008 -10"><span class='ocrx_word' id='word_1_712' title='bbox 875 2056 1014 2096; x_wconf 88' lang='lat' dir='ltr'>impensis,</span> <span class='ocrx_word' id='word_1_713' title='bbox 1031 2065 1064 2083; x_wconf 77' lang='lat' dir='ltr'>ex</span> <span class='ocrx_word' id='word_1_714' title='bbox 1083 2053 1173 2082; x_wconf 65' lang='lat' dir='ltr'>verbis</span> <span class='ocrx_word' id='word_1_715' title='bbox 1186 2052 1304 2081; x_wconf 86' lang='lat' dir='ltr'>molestis</span> <span class='ocrx_word' id='word_1_716' title='bbox 1315 2058 1342 2080; x_wconf 86' lang='lat' dir='ltr'>et</span> <span class='ocrx_word' id='word_1_717' title='bbox 1362 2051 1532 2090; x_wconf 83' lang='lat' dir='ltr'>importunis.</span> <span class='ocrx_word' id='word_1_718' title='bbox 1547 2052 1617 2080; x_wconf 86' lang='lat' dir='ltr'>For-</span> 
     </span>
     <span class='ocr_line' id='line_1_90' title="bbox 876 2097 1617 2135; baseline -0.007 -4"><span class='ocrx_word' id='word_1_719' title='bbox 876 2110 944 2131; x_wconf 80' lang='lat' dir='ltr'>tasse</span> <span class='ocrx_word' id='word_1_720' title='bbox 958 2102 1030 2131; x_wconf 88' lang='lat' dir='ltr'>enim</span> <span class='ocrx_word' id='word_1_721' title='bbox 1044 2100 1131 2130; x_wconf 87' lang='lat' dir='ltr'>dicet:</span> <span class='ocrx_word' id='word_1_722' title='bbox 1147 2098 1224 2128; x_wconf 75' lang='lat' dir='ltr'>Nihil</span> <span class='ocrx_word' id='word_1_723' title='bbox 1239 2097 1327 2127; x_wconf 86' lang='lat' dir='ltr'>adhuc</span> <span class='ocrx_word' id='word_1_724' title='bbox 1351 2098 1483 2126; x_wconf 81' lang='lat' dir='ltr'>consumsi</span> <span class='ocrx_word' id='word_1_725' title='bbox 1497 2108 1530 2126; x_wconf 79' lang='lat' dir='ltr'>ex</span> <span class='ocrx_word' id='word_1_726' title='bbox 1544 2098 1596 2127; x_wconf 90' lang='lat' dir='ltr'>tuis</span> <span class='ocrx_word' id='word_1_727' title='bbox 1607 2121 1617 2135; x_wconf 80' lang='lat'><em>,</em></span> 
     </span>
     <span class='ocr_line' id='line_1_91' title="bbox 875 2142 1619 2181; baseline -0.007 -4"><span class='ocrx_word' id='word_1_728' title='bbox 875 2148 940 2177; x_wconf 89' lang='lat' dir='ltr'>meis</span> <span class='ocrx_word' id='word_1_729' title='bbox 958 2147 1047 2175; x_wconf 86' lang='lat' dir='ltr'>adbuc</span> <span class='ocrx_word' id='word_1_730' title='bbox 1070 2145 1184 2180; x_wconf 89' lang='lat' dir='ltr'>induor,</span> <span class='ocrx_word' id='word_1_731' title='bbox 1202 2154 1235 2172; x_wconf 77' lang='lat' dir='ltr'>ex</span> <span class='ocrx_word' id='word_1_732' title='bbox 1255 2143 1288 2171; x_wconf 87' lang='lat' dir='ltr'>iis</span> <span class='ocrx_word' id='word_1_733' title='bbox 1310 2153 1369 2181; x_wconf 70' lang='lat' dir='ltr'>qua:</span> <span class='ocrx_word' id='word_1_734' title='bbox 1392 2142 1460 2170; x_wconf 84' lang='lat' dir='ltr'>mihi</span> <span class='ocrx_word' id='word_1_735' title='bbox 1483 2142 1619 2172; x_wconf 88' lang='lat' dir='ltr'>donarunt</span> 
     </span>
     <span class='ocr_line' id='line_1_92' title="bbox 874 2188 1618 2234; baseline -0.004 -13"><span class='ocrx_word' id='word_1_736' title='bbox 874 2200 1004 2234; x_wconf 84' lang='lat' dir='ltr'>parentes.</span> <span class='ocrx_word' id='word_1_737' title='bbox 1026 2191 1102 2227; x_wconf 88' lang='lat' dir='ltr'>Quid</span> <span class='ocrx_word' id='word_1_738' title='bbox 1123 2190 1208 2225; x_wconf 86' lang='lat' dir='ltr'>dicis,</span> <span class='ocrx_word' id='word_1_739' title='bbox 1229 2200 1245 2218; x_wconf 91' lang='grc' dir='ltr'>ο</span> <span class='ocrx_word' id='word_1_740' title='bbox 1267 2189 1384 2218; x_wconf 77' lang='lat' dir='ltr'>mulier?</span> <span class='ocrx_word' id='word_1_741' title='bbox 1402 2188 1455 2217; x_wconf 86' lang='lat' dir='ltr'>tuis</span> <span class='ocrx_word' id='word_1_742' title='bbox 1479 2199 1506 2217; x_wconf 86' lang='lat' dir='ltr'>es</span> <span class='ocrx_word' id='word_1_743' title='bbox 1527 2188 1618 2218; x_wconf 83' lang='lat' dir='ltr'>adhuc</span> 
     </span>
     <span class='ocr_line' id='line_1_93' title="bbox 875 2236 1617 2278; baseline -0.009 -7"><span class='ocrx_word' id='word_1_744' title='bbox 875 2241 990 2271; x_wconf 74' lang='lat' dir='ltr'>induta?</span> <span class='ocrx_word' id='word_1_745' title='bbox 1002 2247 1027 2269; x_wconf 87' lang='lat' dir='ltr'>et</span> <span class='ocrx_word' id='word_1_746' title='bbox 1041 2239 1168 2278; x_wconf 81' lang='lat' dir='ltr'>quidhoc</span> <span class='ocrx_word' id='word_1_747' title='bbox 1179 2238 1261 2267; x_wconf 71' lang='lat' dir='ltr'>verbo</span> <span class='ocrx_word' id='word_1_748' title='bbox 1271 2237 1351 2265; x_wconf 86' lang='lat' dir='ltr'>suerit</span> <span class='ocrx_word' id='word_1_749' title='bbox 1365 2236 1507 2265; x_wconf 74' lang='lat' dir='ltr'>miserius?</span> <span class='ocrx_word' id='word_1_750' title='bbox 1520 2247 1617 2276; x_wconf 89' lang='lat' dir='ltr'>corpus</span> 
     </span>
     <span class='ocr_line' id='line_1_94' title="bbox 875 2283 1616 2326; baseline -0.008 -9"><span class='ocrx_word' id='word_1_751' title='bbox 875 2299 927 2317; x_wconf 91' lang='lat' dir='ltr'>non</span> <span class='ocrx_word' id='word_1_752' title='bbox 943 2287 1026 2316; x_wconf 79' lang='lat' dir='ltr'>habes</span> <span class='ocrx_word' id='word_1_753' title='bbox 1039 2286 1190 2326; x_wconf 80' lang='lat' dir='ltr'>proprium,</span> <span class='ocrx_word' id='word_1_754' title='bbox 1205 2291 1230 2313; x_wconf 86' lang='lat' dir='ltr'>et</span> <span class='ocrx_word' id='word_1_755' title='bbox 1241 2284 1368 2324; x_wconf 84' lang='lat' dir='ltr'>pecunias</span> <span class='ocrx_word' id='word_1_756' title='bbox 1379 2283 1460 2312; x_wconf 84' lang='lat' dir='ltr'>babes</span> <span class='ocrx_word' id='word_1_757' title='bbox 1475 2284 1616 2323; x_wconf 77' lang='lat' dir='ltr'>proprias?</span> 
     </span>
     <span class='ocr_line' id='line_1_95' title="bbox 874 2328 1615 2371; baseline -0.008 -8"><span class='ocrx_word' id='word_1_758' title='bbox 874 2336 933 2364; x_wconf 76' lang='lat' dir='ltr'>Non</span> <span class='ocrx_word' id='word_1_759' title='bbox 945 2334 1008 2362; x_wconf 85' lang='lat' dir='ltr'>estis</span> <span class='ocrx_word' id='word_1_760' title='bbox 1021 2331 1138 2371; x_wconf 80' lang='lat' dir='ltr'>amplius</span> <span class='ocrx_word' id='word_1_761' title='bbox 1151 2330 1212 2359; x_wconf 76' lang='lat' dir='ltr'>duae</span> <span class='ocrx_word' id='word_1_762' title='bbox 1223 2340 1315 2359; x_wconf 86' lang='lat' dir='ltr'>carnes</span> <span class='ocrx_word' id='word_1_763' title='bbox 1326 2336 1385 2369; x_wconf 89' lang='lat' dir='ltr'>post</span> <span class='ocrx_word' id='word_1_764' title='bbox 1401 2328 1615 2367; x_wconf 79' lang='lat' dir='ltr'>matrimonium,</span> 
     </span>
    </p>
   </div>
   <div class='ocr_carea' id='block_1_17' title="bbox 49 2367 1616 2464">
    <p class='ocr_par' dir='ltr' id='par_1_18' title="bbox 49 2367 1616 2464">
     <span class='ocr_line' id='line_1_96' title="bbox 49 2367 1615 2418; baseline 0.004 -21"><span class='ocrx_word' id='word_1_765' title='bbox 49 2370 78 2397; x_wconf 81' lang='grc' dir='ltr'>οὗ</span> <span class='ocrx_word' id='word_1_766' title='bbox 93 2369 152 2407; x_wconf 88' lang='grc' dir='ltr'>μία.</span> <span class='ocrx_word' id='word_1_767' title='bbox 169 2367 205 2397; x_wconf 86' lang='grc' dir='ltr'>Ὠ</span> <span class='ocrx_word' id='word_1_768' title='bbox 220 2372 266 2398; x_wconf 67' lang='grc' dir='ltr'>τοῦ</span> <span class='ocrx_word' id='word_1_769' title='bbox 280 2371 332 2398; x_wconf 83' lang='grc' dir='ltr'>τῶν</span> <span class='ocrx_word' id='word_1_770' title='bbox 345 2370 493 2409; x_wconf 70' lang='grc' dir='ltr'>χρημάτων</span> <span class='ocrx_word' id='word_1_771' title='bbox 505 2370 613 2409; x_wconf 79' lang='grc' dir='ltr'>ἔρωτος·</span> <span class='ocrx_word' id='word_1_772' title='bbox 625 2373 659 2403; x_wconf 68' lang='grc' dir='ltr'>εἷς</span> <span class='ocrx_word' id='word_1_773' title='bbox 669 2371 816 2410; x_wconf 74' lang='grc' dir='ltr'>ἅνθρωπος,</span> <span class='ocrx_word' id='word_1_774' title='bbox 827 2399 866 2418; x_wconf 79' lang='lat'>¹57</span> <span class='ocrx_word' id='word_1_775' title='bbox 875 2380 921 2410; x_wconf 71' lang='lat' dir='ltr'>sed</span> <span class='ocrx_word' id='word_1_776' title='bbox 939 2380 1001 2409; x_wconf 60' lang='lat' dir='ltr'>sacti</span> <span class='ocrx_word' id='word_1_777' title='bbox 1023 2378 1086 2408; x_wconf 67' lang='lat'>05215</span> <span class='ocrx_word' id='word_1_778' title='bbox 1111 2378 1137 2406; x_wconf 79' lang='lat' dir='ltr'>in</span> <span class='ocrx_word' id='word_1_779' title='bbox 1156 2388 1252 2411; x_wconf 76' lang='lat' dir='ltr'>11nam;</span> <span class='ocrx_word' id='word_1_780' title='bbox 1269 2383 1294 2405; x_wconf 81' lang='lat' dir='ltr'>et</span> <span class='ocrx_word' id='word_1_781' title='bbox 1310 2376 1371 2405; x_wconf 78' lang='lat' dir='ltr'>duae</span> <span class='ocrx_word' id='word_1_782' title='bbox 1385 2382 1446 2404; x_wconf 87' lang='lat' dir='ltr'>sunt</span> <span class='ocrx_word' id='word_1_783' title='bbox 1460 2375 1615 2413; x_wconf 80' lang='lat' dir='ltr'>facultates,</span> 
     </span>
     <span class='ocr_line' id='line_1_97' title="bbox 49 2412 1616 2464; baseline 0.003 -17"><span class='ocrx_word' id='word_1_784' title='bbox 49 2412 76 2441; x_wconf 69' lang='grc' dir='ltr'>ἓν</span> <span class='ocrx_word' id='word_1_785' title='bbox 89 2415 152 2447; x_wconf 69' lang='grc' dir='ltr'>ζῶον</span> <span class='ocrx_word' id='word_1_786' title='bbox 166 2414 307 2454; x_wconf 61' lang='grc' dir='ltr'>ἅμ’ᾇότῑρθῑ</span> <span class='ocrx_word' id='word_1_787' title='bbox 317 2415 470 2453; x_wconf 68' lang='grc' dir='ltr'>γεγένησθε,</span> <span class='ocrx_word' id='word_1_788' title='bbox 485 2415 530 2443; x_wconf 60' lang='grc' dir='ltr'>καὶ</span> <span class='ocrx_word' id='word_1_789' title='bbox 542 2415 581 2444; x_wconf 60' lang='grc' dir='ltr'>ἔτι</span> <span class='ocrx_word' id='word_1_790' title='bbox 592 2415 694 2455; x_wconf 55' lang='grc' dir='ltr'>λέγῃς,</span> <span class='ocrx_word' id='word_1_791' title='bbox 708 2416 741 2444; x_wconf 57' lang='grc' dir='ltr'>τὰ</span> <span class='ocrx_word' id='word_1_792' title='bbox 752 2416 817 2454; x_wconf 61' lang='grc' dir='ltr'>ε’μάὲ</span> <span class='ocrx_word' id='word_1_793' title='bbox 835 2428 854 2450; x_wconf 79' lang='grc' dir='ltr'>Α</span> <span class='ocrx_word' id='word_1_794' title='bbox 875 2438 926 2457; x_wconf 91' lang='lat' dir='ltr'>non</span> <span class='ocrx_word' id='word_1_795' title='bbox 942 2437 1004 2455; x_wconf 86' lang='lat' dir='ltr'>una.</span> <span class='ocrx_word' id='word_1_796' title='bbox 1028 2427 1052 2455; x_wconf 92' lang='lat' dir='ltr'>O</span> <span class='ocrx_word' id='word_1_797' title='bbox 1069 2435 1144 2453; x_wconf 87' lang='lat' dir='ltr'>amor</span> <span class='ocrx_word' id='word_1_798' title='bbox 1169 2422 1302 2464; x_wconf 83' lang='lat' dir='ltr'>pecuniae!</span> <span class='ocrx_word' id='word_1_799' title='bbox 1325 2433 1395 2451; x_wconf 91' lang='lat' dir='ltr'>unus</span> <span class='ocrx_word' id='word_1_800' title='bbox 1415 2422 1496 2452; x_wconf 86' lang='lat' dir='ltr'>homo</span> <span class='ocrx_word' id='word_1_801' title='bbox 1508 2445 1516 2459; x_wconf 85' lang='lat'><strong><em>,</em></strong></span> <span class='ocrx_word' id='word_1_802' title='bbox 1532 2434 1616 2452; x_wconf 89' lang='lat' dir='ltr'>unum</span> 
     </span>
    </p>
   </div>
   <div class='ocr_carea' id='block_1_18' title="bbox 51 2459 819 2550">
    <p class='ocr_par' dir='ltr' id='par_1_19' title="bbox 51 2459 819 2550">
     <span class='ocr_line' id='line_1_98' title="bbox 51 2459 819 2502; baseline 0.003 -14"><span class='ocrx_word' id='word_1_803' title='bbox 51 2459 202 2498; x_wconf 82' lang='grc' dir='ltr'>Ἐποίρατον</span> <span class='ocrx_word' id='word_1_804' title='bbox 216 2463 293 2489; x_wconf 53' lang='lat' dir='ltr'>roffio</span> <span class='ocrx_word' id='word_1_805' title='bbox 307 2460 336 2489; x_wconf 75' lang='grc' dir='ltr'>τὸ</span> <span class='ocrx_word' id='word_1_806' title='bbox 351 2462 424 2499; x_wconf 73' lang='grc' dir='ltr'>ῥῆμα</span> <span class='ocrx_word' id='word_1_807' title='bbox 434 2461 478 2489; x_wconf 79' lang='grc' dir='ltr'>καὶ</span> <span class='ocrx_word' id='word_1_808' title='bbox 493 2462 586 2502; x_wconf 74' lang='grc' dir='ltr'>μιαρὸν</span> <span class='ocrx_word' id='word_1_809' title='bbox 604 2462 657 2491; x_wconf 78' lang='grc' dir='ltr'>ἀπὸ</span> <span class='ocrx_word' id='word_1_810' title='bbox 672 2465 717 2491; x_wconf 78' lang='grc' dir='ltr'>τοῦ</span> <span class='ocrx_word' id='word_1_811' title='bbox 732 2462 819 2491; x_wconf 62' lang='lat'>&amp;26²6-</span> 
     </span>
     <span class='ocr_line' id='line_1_99' title="bbox 53 2510 819 2550; baseline 0.007 -12"><span class='ocrx_word' id='word_1_812' title='bbox 53 2511 98 2539; x_wconf 86' lang='grc' dir='ltr'>λου</span> <span class='ocrx_word' id='word_1_813' title='bbox 116 2510 267 2550; x_wconf 70' lang='grc' dir='ltr'>εἰσηνέχθη.</span> <span class='ocrx_word' id='word_1_814' title='bbox 293 2511 387 2540; x_wconf 72' lang='grc' dir='ltr'>Πάντα</span> <span class='ocrx_word' id='word_1_815' title='bbox 404 2513 481 2549; x_wconf 77' lang='grc' dir='ltr'>ἡμῶν</span> <span class='ocrx_word' id='word_1_816' title='bbox 499 2513 571 2541; x_wconf 79' lang='grc' dir='ltr'>κοινὰ</span> <span class='ocrx_word' id='word_1_817' title='bbox 588 2512 709 2547; x_wconf 81' lang='grc' dir='ltr'>ἐποίησεν</span> <span class='ocrx_word' id='word_1_818' title='bbox 723 2516 736 2542; x_wconf 76' lang='grc' dir='ltr'>ὁ</span> <span class='ocrx_word' id='word_1_819' title='bbox 751 2514 819 2547; x_wconf 80' lang='grc' dir='ltr'>Θεὸς</span> 
     </span>
    </p>
   </div>
   <div class='ocr_carea' id='block_1_19' title="bbox 53 2559 818 2601">
    <p class='ocr_par' dir='ltr' id='par_1_20' title="bbox 53 2559 818 2601">
     <span class='ocr_line' id='line_1_100' title="bbox 53 2559 818 2601; baseline 0.008 -13"><span class='ocrx_word' id='word_1_820' title='bbox 53 2560 86 2588; x_wconf 74' lang='grc' dir='ltr'>τὰ</span> <span class='ocrx_word' id='word_1_821' title='bbox 98 2559 194 2589; x_wconf 68' lang='grc' dir='ltr'>τούτων</span> <span class='ocrx_word' id='word_1_822' title='bbox 210 2561 414 2601; x_wconf 67' lang='grc' dir='ltr'>ἀναγκαιότερα,</span> <span class='ocrx_word' id='word_1_823' title='bbox 437 2562 481 2591; x_wconf 73' lang='grc' dir='ltr'>καὶ</span> <span class='ocrx_word' id='word_1_824' title='bbox 501 2566 581 2593; x_wconf 68' lang='grc' dir='ltr'>ταῦτα</span> <span class='ocrx_word' id='word_1_825' title='bbox 599 2565 626 2592; x_wconf 69' lang='grc' dir='ltr'>οὗ</span> <span class='ocrx_word' id='word_1_826' title='bbox 647 2564 736 2601; x_wconf 67' lang='grc' dir='ltr'>κοινοί,</span> <span class='ocrx_word' id='word_1_827' title='bbox 761 2565 818 2594; x_wconf 66' lang='grc' dir='ltr'>Οὐκ</span> 
     </span>
    </p>
   </div>
   <div class='ocr_carea' id='block_1_20' title="bbox 874 2468 1615 2599">
    <p class='ocr_par' dir='ltr' id='par_1_21' title="bbox 874 2468 1615 2599">
     <span class='ocr_line' id='line_1_101' title="bbox 874 2468 1615 2506; baseline -0.007 -3"><span class='ocrx_word' id='word_1_828' title='bbox 874 2474 953 2503; x_wconf 83' lang='lat' dir='ltr'>ambo</span> <span class='ocrx_word' id='word_1_829' title='bbox 968 2472 1029 2501; x_wconf 88' lang='lat' dir='ltr'>sacti</span> <span class='ocrx_word' id='word_1_830' title='bbox 1043 2471 1105 2500; x_wconf 83' lang='lat' dir='ltr'>estis</span> <span class='ocrx_word' id='word_1_831' title='bbox 1119 2470 1236 2506; x_wconf 80' lang='lat' dir='ltr'>animal,</span> <span class='ocrx_word' id='word_1_832' title='bbox 1248 2476 1272 2498; x_wconf 87' lang='lat' dir='ltr'>et</span> <span class='ocrx_word' id='word_1_833' title='bbox 1284 2469 1373 2497; x_wconf 85' lang='lat' dir='ltr'>adhuc</span> <span class='ocrx_word' id='word_1_834' title='bbox 1387 2468 1454 2497; x_wconf 87' lang='lat' dir='ltr'>dicis</span> <span class='ocrx_word' id='word_1_835' title='bbox 1467 2469 1546 2497; x_wconf 76' lang='lat' dir='ltr'>mea?</span> <span class='ocrx_word' id='word_1_836' title='bbox 1563 2469 1615 2498; x_wconf 79' lang='lat' dir='ltr'>Ex·</span> 
     </span>
     <span class='ocr_line' id='line_1_102' title="bbox 875 2514 1615 2550; baseline -0.009 0"><span class='ocrx_word' id='word_1_837' title='bbox 875 2519 1033 2550; x_wconf 77' lang='lat' dir='ltr'>secranduin</span> <span class='ocrx_word' id='word_1_838' title='bbox 1053 2518 1103 2546; x_wconf 83' lang='lat' dir='ltr'>hoc</span> <span class='ocrx_word' id='word_1_839' title='bbox 1119 2517 1231 2546; x_wconf 79' lang='lat' dir='ltr'>verbum</span> <span class='ocrx_word' id='word_1_840' title='bbox 1244 2523 1269 2545; x_wconf 86' lang='lat' dir='ltr'>et</span> <span class='ocrx_word' id='word_1_841' title='bbox 1290 2515 1447 2544; x_wconf 85' lang='lat' dir='ltr'>sceleratum</span> <span class='ocrx_word' id='word_1_842' title='bbox 1469 2526 1484 2543; x_wconf 83' lang='lat' dir='ltr'>a</span> <span class='ocrx_word' id='word_1_843' title='bbox 1505 2514 1615 2544; x_wconf 83' lang='lat' dir='ltr'>diabolo</span> 
     </span>
     <span class='ocr_line' id='line_1_103' title="bbox 877 2559 1612 2599; baseline -0.01 -4"><span class='ocrx_word' id='word_1_844' title='bbox 877 2572 913 2595; x_wconf 79' lang='lat' dir='ltr'>est</span> <span class='ocrx_word' id='word_1_845' title='bbox 926 2565 1071 2595; x_wconf 64' lang='lat' dir='ltr'>iux-ectum.</span> <span class='ocrx_word' id='word_1_846' title='bbox 1083 2563 1155 2592; x_wconf 86' lang='lat' dir='ltr'>Deus</span> <span class='ocrx_word' id='word_1_847' title='bbox 1173 2560 1262 2591; x_wconf 80' lang='lat' dir='ltr'>omnia</span> <span class='ocrx_word' id='word_1_848' title='bbox 1278 2560 1354 2590; x_wconf 85' lang='lat' dir='ltr'>nobis</span> <span class='ocrx_word' id='word_1_849' title='bbox 1369 2559 1429 2589; x_wconf 79' lang='lat' dir='ltr'>fecit</span> <span class='ocrx_word' id='word_1_850' title='bbox 1444 2560 1594 2589; x_wconf 72' lang='lat' dir='ltr'>communia</span> <span class='ocrx_word' id='word_1_851' title='bbox 1604 2583 1612 2599; x_wconf 77' lang='grc'>,</span> 
     </span>
    </p>
   </div>
  </div>
 </body>
</html>
