1887 2855
598 148 639 169 DE
666 147 813 177 stimulo,
844 147 886 168 DE
914 147 1058 178 Damni-1,
1089 146 1163 168 E't'C.

94 208 119 237 τί
134 208 281 245 ἐτόλμησας
296 208 498 247 ἁποφήνασθαις
518 207 621 246 μέλλεις
638 207 688 247 γὰρ
704 208 754 236 ὑπὸ
769 208 862 237 Ναυά-

94 259 139 276 του
156 249 323 286 ἐγκαλεῖσθαι
339 251 383 276 τοῦ
404 247 590 286 ὓψηλόφρονος.
606 249 654 286 Τῷ
668 250 730 286 Θεῷ
745 248 863 296 ἥμαρτεν

95 289 108 315 6
123 287 219 321 Δαυὶδ,
235 288 305 325 αὐτῷ
320 288 364 315 καὶ
380 287 609 324 ἐξωμολογήσατο·
621 287 665 315 καὶ
685 287 763 316 πόθεν
780 284 863 321 οἷοας,

96 327 117 354 εἷ
133 325 302 365 συγχώρησιν
317 327 419 361 ἔλαὸεν,
432 327 472 355 ὅτι
492 326 522 355 σὺ
538 328 640 365 ἀφεῖλες
654 327 684 355 τὸ
699 327 861 375 ἁμάρτημας

95 366 198 402 πρῶτον
220 367 302 403 μάθε,
319 366 363 394 καὶ
386 366 444 394 τότε
467 366 577 403 μετάδος
596 367 642 400 τ’ἧς
664 367 794 405 ἁμαρτιας
816 366 864 400 τὴν

94 404 178 433 λύσιν.
200 404 233 433 Ὁ
250 405 276 434 δὲ
295 406 385 434 Νάθαν
401 405 494 444 φησίν·
511 405 569 442 ἐμοὶ
584 405 740 443 ἐνεχείρισεν
762 408 774 434 ὁ
798 406 865 438 Θεὸς

94 444 196 472 τελείαν
212 445 258 480 τὴν
271 448 315 474 τοῦ
331 445 413 473 Aemi&
425 445 572 482 περιοδείαν
587 444 755 479 ποιήσασθαι.
768 446 800 473 Εἰ
815 445 865 482 γὰρ

95 484 143 511 οὐκ
170 483 291 513 §Commo
315 485 348 513 δι’
371 486 433 522 ἐμοῦ
457 485 527 521 αὐτῷ
552 485 738 521 συγχωρῆσαι,
762 486 809 512 οὐκ
835 484 864 512 ἂν

96 522 246 552 ἀπέσταλκε
262 536 295 562 με
314 524 378 564 πρὸς
393 522 479 552 αὐτόν.
496 523 545 555 Τίς
561 524 667 561 ἐγκαλεῖ
681 524 762 561 ἰατρῷ
777 535 865 562 περιο-

97 561 196 591 δεύοντι
216 563 346 603 ἀνθρῶπῳ
368 567 499 597 νοσοῦντι,
516 562 560 590 καὶ
579 565 626 590 οὐκ
650 563 801 601 εὐχαριστεῖ
822 563 866 591 καὶ

96 602 208 639 ἇμοιῧὰς
222 603 382 638 ἀποδίδωσι;
396 603 492 641 Σαφῶς
504 602 588 630 τοίνυν
601 602 799 637 ἀποδέδεικται,
814 602 867 630 ὃτι-

96 652 146 680 περ
160 644 189 670 οὐ
204 643 281 680 μόνον
303 645 329 672 ἐν
343 644 376 680 τῇ
391 642 498 680 χάριτι,
511 642 579 670 ἀλλὰ
594 642 639 670 καὶ
653 640 703 681 πρὸ
724 643 770 675 τῆς
789 642 867 680 χάρι-

96 691 139 712 τος
155 681 188 709 δι’
205 682 349 721 ἀνθρώπιον
364 685 377 710 6
395 682 463 714 Θεὸς
482 686 535 713 τοῖς
559 681 705 720 ἀνθρώποις
724 681 867 720 συνεχώρει

97 719 130 748 τὰ
145 721 336 761 ἁμαρτήματα.
361 720 530 759 Χρησώμεθα
545 720 572 749 δὲ
590 722 634 749 καὶ
651 721 749 760 μετρίῳ
761 715 866 750 ὓποδεί-

96 770 180 803 γ’ματι
199 761 262 799 πρὸς
278 760 420 799 σαφήνειαν
442 762 492 788 τῶν
511 760 668 798 λεγομένων.
681 760 795 790 (Υπόθου
809 773 867 799 μοι,

97 805 118 831 ὠ
136 799 256 840 ἄνθρωπε
272 802 285 828 6
299 802 345 834 τῆς
368 799 507 838 μετανοίας
522 800 679 835 ἀντίπαλος,
694 799 752 828 τινὰ
772 800 867 839 ἄνθρω-

97 851 145 870 πον
167 839 299 878 σφαλέντα
313 839 356 868 ἐπί
370 851 421 867 τινι
437 840 598 878 ἐγκλήματι,
614 840 659 867 καὶ
674 840 802 876 καταδίκη
819 840 869 869 ὑπὸ

97 880 224 920 ἄρχοντος
246 879 375 917 βληθέντα
396 878 440 907 καὶ
456 879 584 916 μέλλοντα
600 879 676 908 αὐτὸν
692 879 708 914 ἢ
725 882 751 908 ἐν
767 873 868 919 ἐξορίᾳ,

98 919 114 954 ἢ
130 921 155 948 ἐν
169 919 235 956 ἄλλῃ
249 918 299 947 τινὶ
314 918 430 958 τιμωρίᾳ
440 941 446 953 ‚
460 919 700 958 παραπέμπεσθαι·
715 919 752 957 μὴ
768 915 841 952 οὗτος
856 922 869 949 ὁ

98 962 130 998 τῇ
153 958 282 997 καταδίκῃ
300 958 502 998 φρουρούμενος,
522 959 554 986 δι’
578 960 671 987 ἑαυτοῦ
692 958 811 1008 πρόεισι,
824 959 868 988 καὶ

100 998 142 1027 τὸν
160 998 275 1036 ἄρχοντα
290 998 440 1036 παρακαλεῖ
455 999 501 1032 τῆς
516 1002 651 1037 συμφορᾶς
666 999 766 1034 ἐκεινης
782 1000 869 1028 ἀπαλ-

98 1039 224 1076 λαγῆναι;
241 1037 300 1076 οὐχὶ
324 1037 367 1065 τὸν
389 1036 501 1075 μεσίτην
525 1038 644 1076 ἷχνεύσας
666 1038 710 1066 καὶ
738 1038 867 1073 ζητήσας,

98 1077 141 1105 τὸν
156 1077 306 1115 λεγόμενον,
318 1076 360 1104 ἰ’να
376 1077 535 1116 σαφέστερον
551 1078 633 1112 εἴπω,
651 1077 816 1114 δομεστικὸν,
836 1079 868 1107 δι’

99 1117 178 1145 αὐτοῦ
198 1116 246 1151 τὴν
264 1116 396 1156 σωτηρίαν
411 1116 618 1156 πρυτανεύεται,
633 1117 678 1145 καὶ
693 1119 739 1152 τῆς
761 1118 870 1156 κρίσεως

98 1156 146 1191 τὴν
168 1157 253 1205 ψῆιρον
277 1156 417 1189 σπουδάζει
440 1158 590 1195 ἀκυρῶσαι,
610 1157 655 1185 καὶ
676 1159 721 1185 τοῦ
745 1158 872 1196 ἄρχοντος

98 1196 141 1225 τὸν
162 1198 242 1232 θυμον
265 1196 301 1227 εἷς
324 1196 465 1224 ἐπιείκειαν
488 1197 679 1232 μεταποιῆσαι,
697 1198 730 1225 Εἰ
750 1192 798 1225 itti:
819 1199 870 1226 τῶν

99 1237 258 1272 σωματικῶν
273 1238 407 1274 τιμιι)ριῶν
423 1235 527 1268 εὐταξία
539 1236 654 1271 τοσαύτη
669 1236 713 1264 καὶ
727 1236 869 1275 παράκλη-

100 1287 155 1309 σις,
177 1274 220 1303 ἐπὶ
244 1276 295 1303 τῶν
320 1277 505 1313 πνευματικῶν
526 1276 584 1314 οὐχὶ
601 1277 700 1313 μᾶλλον
722 1277 870 1316 ὑψηλοτέρα

98 1314 237 1351 γενήσεται
258 1315 377 1351 μεσιτεία
401 1315 445 1343 καὶ
466 1314 586 1351 βοηθείας
604 1315 695 1355 χρείας
707 1315 807 1351 ‘'sto-te,
822 1317 871 1345 ἄν-

99 1356 201 1392 θρωπε,
215 1355 237 1381 εἷ
252 1354 294 1382 διὰ
316 1356 392 1382 τοῦτο
414 1355 442 1382 οὐ
467 1354 553 1392 βούλει
573 1350 725 1394 προσελθεῖν
742 1358 774 1390 τῆ
793 1368 872 1394 μετα-

98 1393 171 1431 νοίᾳ,
188 1394 227 1420 ὅτι
243 1393 378 1431 ἄνθρωπός
393 1394 464 1422 ἐστιν
480 1396 493 1422 ὁ
516 1393 598 1433 ἱερεὺς
618 1388 787 1433 ἁμαρτωλὸς,
804 1395 871 1433 μηδὲ

101 1434 261 1471 βαπτισθῇς·
277 1433 412 1472 ἅνθρωπος
433 1432 483 1472 γάρ
508 1435 578 1461 ἐστιν
601 1436 614 1462 6
636 1434 782 1472 βαπτίζων·
805 1435 871 1472 μηδὲ

99 1471 277 1511 κοινωνήσῃς·
299 1472 434 1508 ἅνθρωπος
455 1472 505 1511 γάρ
528 1473 600 1500 ἐστιν
623 1475 636 1501 ὃ
659 1473 703 1501 τὸν
725 1474 806 1510 ἀμνὸν
827 1479 872 1504 τοῦ

99 1514 168 1541 Θεοῦ
187 1513 307 1549 μελίζων.
326 1512 358 1540 Εἰ
374 1512 400 1540 δὲ
416 1516 498 1540 ταῦτα
514 1512 602 1540 πίστιν
617 1512 689 1551 ἔχει,
708 1515 813 1542 κάκεῖνο
826 1514 871 1542 πί-

100 1563 156 1579 στει
176 1551 329 1584 κατάδεξαι.
350 1551 423 1590 υΟρα
439 1551 475 1590 μὴ
494 1552 562 1580 ἄλλα
585 1553 732 1591 φυλάττων,
744 1554 789 1581 καὶ
804 1553 871 1582 ἄλλα

100 1590 329 1629 ἀποὸαλλόμενος,
343 1593 378 1624 εἷς
392 1591 475 1630 κρίμα
491 1591 617 1630 ε’μπέσῃς.
628 1592 706 1621 Οὕτω
719 1592 771 1632 γὰρ
783 1593 872 1622 σκελί-

100 1632 137 1664 ζει
159 1633 229 1668 ἡμᾶς
253 1631 283 1659 τὸ
303 1631 417 1670 πονηρὸν
442 1631 530 1670 θηρίον
553 1633 566 1659 6
589 1632 722 1667 διαίέολος,
739 1632 783 1661 καὶ
804 1633 872 1661 θέλει

100 1672 170 1708 ἡμᾶς
184 1670 307 1708 ἐμὸαλεῖν
321 1672 356 1702 εἷς
368 1670 415 1706 τὴν
434 1671 537 1709 γέενναν
551 1671 593 1700 διὰ
606 1672 779 1710 πολυτρόπων
793 1673 871 1701 αὐτοῦ

101 1710 311 1749 μηχανημάτιι)ν.
325 1710 478 1749 Γέγραπται
495 1712 520 1739 ἐν
534 1712 571 1749 τῷ
584 1711 669 1750 νόμῳ,
682 1711 812 1752 Ἄργοντα
827 1716 871 1742 τοῦ

99 1750 163 1778 λαοῦ
175 1761 220 1778 σου
236 1750 282 1778 οὐκ
294 1751 360 1788 ἐρεῖς
373 1751 470 1782 κακῶς.
484 1751 517 1779 Εἰ
530 1747 573 1779 οἶν
589 1751 705 1790 ἄρχοντά
718 1745 758 1779 σοι
773 1752 870 1781 δέδωκε

99 1788 143 1817 τὸν
162 1789 232 1828 ἱερέα
248 1792 261 1818 6
281 1788 403 1828 βασιλεὺς
417 1791 468 1818 τῶν
485 1791 691 1828 βασιλευόντων,
706 1791 732 1819 τί
747 1791 870 1820 &mcdx—

99 1829 152 1860 λεις
170 1829 246 1857 αὐτὸν
268 1829 312 1857 καὶ
334 1829 493 1865 ταλανίζεις;
515 1830 551 1868 μὴ
573 1830 680 1859 δύνασαι
699 1832 736 1869 τῷ
760 1831 869 1869 ἐπιγείω

100 1869 203 1906 βασιλεῖ
219 1868 414 1907 παριστάμενος
431 1869 527 1898 διδόντι
550 1869 623 1902 ἀξίαν
645 1871 767 1909 ἅργοντι,
783 1861 870 1899 κωλῦι-

100 1918 146 1935 σαι
168 1908 212 1936 καὶ
235 1910 316 1936 εἰπεῖν
342 1909 431 1948 αὐτῷῥ
451 1909 498 1936 οὐκ
521 1909 590 1937 ἔστιν
615 1905 756 1945 ἅξιοζτῆς
785 1912 870 1949 ἀρχῆς

99 1946 197 1981 ταύτης
211 1947 344 1984 γενέσθαι;
356 1948 389 1975 Ei
402 1949 445 1975 οὖν
460 1949 556 1976 ἐκεῖνον
572 1949 599 1976 οὐ
621 1948 729 1977 δύνασαι
742 1944 870 1985 κωλῦσαι,

99 1985 128 2014 ὂν
153 1985 221 2014 θέλει
245 1986 290 2014 καὶ
311 1986 338 2014 ὃν
359 1986 479 2024 βούλεται
504 1987 694 2022 δοξάσαι,πῶς
718 1990 818 2026 τολμᾶς
841 1990 870 2018 τὸ

101 2025 254 2054 δεσποτικὸν
270 2025 403 2063 κε’λευσμα
419 2027 569 2061 κωλυθῆναι
583 2027 625 2055 ἐπὶ
647 2031 692 2056 τοῦ
713 2019 816 2067 ἱερέως,
830 2028 870 2057 ὅτι

101 2065 257 2104 ἁμαρτωλός
281 2066 364 2100 ἐστιν;
383 2066 442 2104 οὐχὶ
465 2066 547 2094 aaut&
569 2068 582 2094 6
605 2067 740 2106 προφήτης
763 2069 869 2107 μοιχεία

101 2104 145 2132 καὶ
160 2105 229 2153 φόνῳ
244 2104 412 2143 περιέπεσεν,
426 2107 460 2137 ὡς
475 2110 614 2144 προεῖπον;
628 2106 688 2144 eia-si
708 2107 808 2145 Πέτρος
822 2099 868 2147 ξπίρἑ

101 2156 247 2181 νησαμενος
260 2145 303 2172 τὸν
318 2143 474 2173 διδάσκαλον
488 2145 557 2184 τρὶς,
571 2140 688 2185 ἁμαρτία
702 2146 747 2175 καὶ
762 2147 869 2186 ἀρνήσει

101 2183 244 2219 ὑπέπεσεν,
261 2184 319 2222 οὐχὶ
340 2185 445 2216 Παῦλος
465 2184 554 2217 ἐδίωξε
574 2184 621 2220 τὴν
637 2185 801 2221 Ἐκκλησίαν
825 2190 869 2216 τοῦ

102 2224 185 2259 Θεοῦ,
197 2225 232 2256 ὡς
246 2224 327 2256 οὐδεὶς
343 2223 431 2259 ἄλλος,
443 2224 511 2252 Ἀλλ’
531 2226 544 2252 ὅ
563 2224 745 2263 φιλάνθρωπος
767 2226 869 2254 Δεσπό-

101 2274 148 2297 της
164 2263 268 2295 τούτους
283 2262 416 2296 ἐξελέξατο
434 2264 479 2292 καὶ
495 2263 628 2299 ἐδόξασεν,
640 2264 682 2292 ἵνα
701 2265 739 2294 σύ·
747 2277 804 2294 τινα
818 2268 870 2294 τῶν

102 2304 148 2337 τῆς
165 2302 326 2338 Ἐκκλησίας
341 2302 474 2341 ἀρχόντων
491 2302 527 2340 μὴ
543 2303 714 2339 ἐξουδενώσης
729 2305 795 2342 μηδὲ
810 2305 870 2343 χρί-

103 2354 158 2380 νῃς.
183 2342 216 2371 ‘0
238 2342 289 2381 γὰρ
313 2342 395 2390 ἱερεὺς
420 2343 551 2380 βαπτίζων
576 2343 620 2371 καὶ
644 2337 799 2384 προσφέρων
823 2345 871 2380 τὴν

104 2381 266 2420 ἀναίμακτον
284 2384 384 2417 θυσιαν,
395 2382 441 2414 τὰς
459 2387 550 2422 χεῖρας
568 2387 649 2421 κιχρᾷ
672 2384 735 2422 πρὸς
758 2384 787 2413 τὸ
808 2395 871 2423 προ-

104 2420 235 2458 κείμενον·
256 2422 286 2450 τὸ
311 2421 337 2450 δὲ
364 2421 436 2459 ἅγιον
460 2423 571 2460 Πνεῦμα
595 2425 679 2451 ταῦτα
704 2423 804 2462 ἁγιάζει
828 2424 871 2452 καὶ

106 2461 254 2497 μεγαλύνει.
266 2461 313 2489 ’Διὸ
326 2460 369 2489 καὶ
384 2463 492 2490 ἐνταῦθα
509 2462 693 2499 μετανοοῦντός
705 2475 750 2491 σου
764 2462 806 2491 καὶ
819 2463 872 2496 ἐξο-

107 2500 314 2539 μολογουμένου,
329 2500 401 2529 οὐδὲν
423 2501 519 2539 ἕτερον,
537 2501 553 2535 ἢ
572 2501 619 2536 τὴν
637 2503 755 2540 γλῶτταν
777 2507 872 2541 κιγρδὶ,

107 2539 150 2567 καὶ
165 2542 178 2569 ὁ
189 2540 255 2573 Θεὸς
267 2540 314 2575 τὴν
326 2540 458 2579 σωτηρίαν
474 2553 513 2569 σοι
529 2541 572 2570 καὶ
587 2541 634 2576 τὴν
648 2542 739 2580 ἄφεσιν
754 2533 874 2580 παρέχει.

1590 130 1660 176 923

918 207 1033 236 Davidis
1046 217 1138 235 euram
1150 205 1256 234 hahere.
1266 203 1325 232 Nisi
1338 203 1409 232 enim
1423 202 1548 232 voluisset
1561 211 1607 240 per
1620 212 1662 230 me

917 246 957 274 illi
973 247 1077 275 veniam
1089 245 1164 282 dare,
1182 255 1233 273 non
1250 255 1292 272 me
1313 243 1429 272 misisset
1444 242 1477 271 ad
1493 242 1579 270 illum.
1593 241 1662 276 Quis

918 286 1022 314 incusat
1038 285 1182 320 medicum,
1193 284 1238 322 qui
1252 290 1382 321 :egrotum
1398 289 1483 316 curat,
1504 289 1529 310 et
1543 292 1595 309 non
1612 291 1662 319 po—

918 325 971 353 tius
984 325 1083 363 gratias
1096 325 1159 363 agit,
1170 323 1372 360 mercedemque
1382 322 1476 350 tribuit
1487 321 1587 349 i‘Clare
1599 330 1662 358 ergo

918 364 1130 393 demonstratum
1145 370 1255 399 est,non
1267 362 1355 391 solum
1368 361 1460 400 gratise
1476 368 1605 399 tempore,
1614 358 1661 388 sed

918 404 998 432 etiam
1011 411 1071 432 ante
1085 403 1198 442 gratiam
1212 413 1257 441 per
1271 401 1392 429 homines
1404 402 1491 429 Deum
1507 399 1662 428 hominibus

919 450 1025 482 peccata
1043 443 1184 472 remisisse.
1194 441 1305 470 Modico
1319 447 1407 469 autem
1420 447 1528 468 utamur
1538 438 1662 478 exemplo

919 482 953 510 ad
968 493 1024 511 rem
1039 482 1236 511 declarandam.
1252 482 1390 520 Suppone,
1403 490 1418 507 ο
1430 480 1520 516 homo,
1535 479 1663 517 poeniteu-

919 522 962 549 tim
977 522 1138 556 adversarie,
1156 521 1298 559 quemdam
1313 520 1448 548 hominem
1462 519 1488 547 iu
1502 519 1601 546 crimen
1617 517 1662 546 de·

919 561 1035 599 lapsum,
1053 568 1077 589 ct
1089 572 1104 589 a
1121 561 1242 599 principe
1262 560 1435 595 damnatum,
1451 565 1528 596 atque
1550 558 1576 586 in
1590 557 1663 585 exsi-

919 600 987 628 lium
1011 600 1182 634 mittendum,
1195 600 1239 628 vel
1263 599 1316 627 alio
1342 599 1476 637 supplicio
1494 597 1663 636 plectendum

919 649 974 667 esse
989 651 994 666 ε
1007 650 1071 668 num
1085 639 1129 667 hic
1143 639 1189 677 qui
1204 645 1232 666 ut
1247 638 1390 666 damnatus
1405 637 1565 670 custoditur,
1576 637 1664 675 ipsum

919 678 1068 718 principem
1083 678 1141 707 adit
1162 684 1286 716 rogatum
1303 676 1337 705 ab
1352 677 1401 704 hae
1427 676 1578 704 calamitate
1594 676 1662 704 lihe-

920 718 974 746 rari
987 718 1096 746 i‘aunon
1114 717 1203 757 potius
1217 716 1404 745 intermedium
1416 715 1559 754 quemdam
1568 715 1665 752 quaerit

921 757 1054 797 supplex,
1073 758 1118 796 qui
1144 767 1193 796 pro
1215 767 1243 785 se
1264 756 1402 794 loquatur,
1416 765 1495 794 quem
1510 761 1624 791 vocant,
1636 762 1666 782 ut

920 797 1039 836 apertius
1051 808 1106 826 rem
1121 797 1264 834 declarem,
1280 795 1474 830 Domesticum‚
1493 802 1523 823 ut
1543 805 1591 833 per
1604 804 1665 822 eum

921 837 1034 865 salutem
1056 837 1107 865 sibi
1128 843 1216 881 paret,
1232 843 1258 864 et
1272 835 1370 874 judieii
1398 834 1531 863 calculum
1558 833 1665 862 irritum

921 876 1027 911 reddat,
1046 876 1230 916 principisque
1247 875 1314 903 iram
1331 875 1357 903 in
1373 873 1540 903 clementiam
1558 880 1641 902 mutet
1652 873 1666 901 ἱ)

921 916 949 945 Si
966 917 992 945 iu
1008 916 1143 955 corporeis
1159 915 1300 955 suppliciis
1313 915 1374 943 talis
1399 913 1465 942 ordo
1479 920 1505 942 et
1519 913 1666 942 consolatio

921 955 1046 991 habetur,
1060 966 1148 984 annon
1164 955 1190 983 in
1207 954 1395 994 spiritualibus
1419 953 1498 982 altior
1514 953 1666 981 intercessio

921 1003 947 1024 et
961 997 1047 1035 majus
1058 995 1193 1023 auxilium
1209 994 1383 1023 adhibebitur
1394 994 1407 1021 ἒ)
1423 994 1527 1030 Itaque,
1544 1004 1559 1021 o
1572 993 1664 1025 homo,

922 1035 944 1064 si
959 1036 1018 1064 ideo
1034 1046 1086 1063 non
1100 1036 1142 1063 vis
1156 1034 1189 1063 ad
1201 1034 1385 1074 poenitentiam
1400 1032 1534 1067 accedere,
1549 1033 1611 1070 quia
1625 1043 1665 1060 sa-

923 1075 1014 1104 cerdos
1027 1081 1065 1103 est
1086 1075 1166 1103 homo
1186 1080 1319 1113 peccator,
1333 1084 1366 1102 ne
1381 1071 1489 1110 quidem
1504 1071 1645 1111 baptizeris
1658 1083 1666 1107 3

922 1115 1002 1143 homo
1026 1114 1096 1143 enim
1115 1121 1153 1143 est
1165 1114 1212 1152 qui
1225 1113 1358 1152 baptizat:
1368 1122 1454 1150 neque
1467 1111 1666 1147 communices;

922 1154 1002 1184 homo
1016 1155 1117 1193 quippe
1143 1161 1182 1182 est
1206 1153 1252 1192 qui
1273 1163 1373 1191 agnum
1398 1151 1447 1180 Dei
1469 1151 1619 1180 distribuit.
1637 1151 1665 1179 Si

923 1194 980 1223 lime
998 1194 1079 1223 fidem
1094 1193 1218 1226 habeant,
1235 1192 1304 1221 illud
1317 1193 1397 1221 etiam
1411 1202 1473 1219 cum
1488 1190 1540 1219 fide
1550 1190 1665 1229 suscipe.

923 1235 995 1263 Cave
1012 1245 1044 1262 ne
1059 1233 1110 1262 alia
1123 1243 1240 1269 servans,
1248 1239 1273 1261 et
1287 1232 1338 1260 alia
1353 1231 1485 1270 rejiciens,
1498 1230 1666 1269 injudieium

923 1273 1035 1303 incidas.
1049 1274 1094 1303 Sic
1106 1273 1176 1301 enim
1189 1273 1343 1311 supplantat
1360 1282 1407 1300 nos
1421 1271 1491 1299 mala
1508 1270 1592 1298 hestia
1605 1269 1667 1298 ‹lia-

922 1313 1009 1349 holus,
1027 1323 1126 1351 nosque
1140 1312 1245 1341 callidis
1260 1311 1315 1340 suis
1327 1310 1547 1339 machinamentis
1568 1310 1627 1339 vult
1639 1310 1665 1338 in

923 1353 1071 1391 gehennam
1087 1353 1204 1391 injicere.
1219 1352 1358 1391 Scriptum
1371 1358 1409 1379 est
1426 1351 1453 1378 in
1469 1350 1538 1388 lege:
1549 1351 1665 1378 Princi-
1678 1358 1755 1380 lirml.
1769 1365 1807 1380 22.

920 1404 985 1431 pem
1005 1393 1107 1431 populi
1118 1394 1160 1421 tui
1171 1403 1229 1420 non
1244 1392 1409 1420 maledices.
1422 1390 1452 1419 Si
1470 1400 1533 1428 ergo
1548 1391 1607 1418 Rex
1622 1400 1665 1418 rc«
1678 1390 1717 1411 ²8-

923 1443 985 1471 gum
1001 1433 1027 1460 iu
1043 1432 1191 1471 principem
1212 1431 1261 1459 tibi
1277 1430 1414 1459 constituit
1429 1429 1602 1463 sacerdotem,
1618 1440 1666 1457 cur

923 1472 1017 1511 abjicis
1034 1472 1110 1500 illum
1125 1479 1150 1500 et
1164 1471 1291 1499 miserum
1306 1470 1374 1499 dicis
1385 1470 1398 1498 Ξ)
1410 1480 1475 1497 num
1490 1476 1564 1508 potes
1579 1475 1665 1496 terre—

922 1522 987 1539 num
998 1511 1150 1550 regem‚qui
1162 1511 1237 1539 dedit
1252 1510 1358 1539 cuidam
1368 1508 1482 1549 principi
1495 1514 1663 1547 potestatem,

922 1551 1053 1590 impedire
1065 1551 1206 1589 dicereque
1220 1550 1258 1578 illi
1270 1550 1342 1578 :Non
1356 1556 1394 1577 est
1408 1549 1459 1577 hoc
1474 1548 1572 1586 dignus
1587 1547 1666 1586 prin-

922 1591 1009 1630 patu?
1025 1591 1053 1619 Si
1079 1601 1141 1629 ergo
1166 1590 1245 1618 illum
1270 1589 1401 1628 impedire
1424 1587 1527 1626 nequis,
1548 1598 1580 1615 ne
1605 1598 1666 1616 eum

888 1638 906 1660 D
921 1641 1001 1668 quem
1021 1630 1081 1659 vult
1106 1630 1224 1669 deligat,
1236 1628 1369 1667 quomodo
1387 1627 1472 1656 audes
1486 1627 1593 1655 Domini
1604 1627 1667 1666 jus-

921 1681 980 1699 sum
994 1670 1019 1698 in
1035 1670 1171 1698 sacerdote
1183 1668 1322 1707 impedire,
1332 1668 1394 1706 quia
1407 1667 1452 1695 ille
1465 1674 1588 1706 peccator
1602 1667 1665 1695 est?

922 1720 1008 1738 nonne
1023 1709 1113 1738 David
1152 1709 1272 1747 ›rophcta
1289 1708 1314 1735 in
1332 1707 1495 1736 adulterium
1518 1713 1542 1734 et
1566 1705 1664 1734 candem

921 1749 1014 1788 lapsus
1032 1756 1081 1785 est,
1097 1756 1125 1777 ut
1158 1749 1196 1776 ixi
1209 1748 1222 1776 't’
1236 1758 1323 1776 nonne
1337 1749 1431 1775 Petrus
1447 1746 1493 1784 qui
1508 1752 1547 1774 ter
1559 1746 1666 1784 negavit

920 1789 1056 1817 doctorem
1071 1799 1160 1823 suum,
1176 1788 1202 1816 in
1218 1794 1354 1826 peccatum
1372 1793 1397 1815 et
1418 1785 1585 1824 negationem
1600 1785 1664 1813 inci-

920 1828 979 1857 dit?
992 1839 1078 1857 nonne
1093 1828 1193 1856 Paulus
1216 1833 1392 1866 persequutus
1404 1832 1441 1854 est
1455 1824 1602 1854 Ecclesiam
1615 1825 1664 1853 Dei

921 1868 982 1907 plus
996 1879 1077 1906 quam
1092 1867 1182 1905 quivis
1196 1867 1266 1895 alius
1278 1867 1290 1895 Ξ)
1306 1866 1359 1895 Sed
1373 1865 1506 1903 benignus
1529 1864 1664 1892 Dominus

921 1909 969 1936 hos
983 1908 1062 1946 elegit
1078 1914 1102 1935 et
1118 1907 1202 1945 gloria
1216 1906 1313 1941 affecit,
1326 1916 1358 1934 ne
1369 1916 1449 1943 quem
1463 1911 1493 1932 tu
1510 1904 1664 1943 principum

922 1948 1048 1976 Ecclesiae
1059 1947 1219 1986 despiceres,
1232 1946 1273 1974 vel
1287 1945 1431 1984 judicares.
1447 1943 1577 1973 Sacerdos
1592 1944 1662 1971 enim

920 1987 966 2026 qui
990 1987 1109 2026 baptizat
1135 1993 1158 2015 et
1184 1986 1262 2014 offert
1287 1986 1456 2013 incruentum
1481 1983 1644 2012 sacrificium
1655 2006 1663 2018 ‚

921 2038 1015 2055 manus
1043 2026 1194 2055 commodat
1219 2025 1253 2053 ad
1278 2035 1334 2053 rem
1354 2023 1517 2063 propositam
1529 2022 1663 2062 :Spiritus

921 2077 983 2095 vero
1009 2073 1116 2095 sanctus
1138 2066 1196 2094 haee
1219 2064 1368 2093 sanctificat
1389 2070 1413 2091 et
1438 2072 1534 2101 magna
1560 2062 1659 2090 reddit.

920 2107 1010 2141 Quare
1023 2105 1067 2134 hic
1081 2106 1171 2138 etiam,
1185 2115 1246 2133 cum
1259 2112 1287 2132 tu
1303 2102 1483 2142 poenitentiam
1497 2111 1578 2140 agens
1594 2112 1661 2130 con—

920 2146 1015 2181 fiteris,
1026 2145 1095 2173 nihil
1105 2144 1179 2173 aliud
1190 2144 1262 2178 facit,
1277 2153 1359 2181 quam
1371 2141 1443 2180 quod
1452 2142 1572 2179 linguam
1587 2152 1662 2169 etun-

922 2186 1021 2220 modet,
1045 2192 1070 2213 et
1086 2186 1158 2213 Deus
1179 2183 1229 2211 tihi
1244 2183 1356 2211 salutem
1370 2189 1395 2210 et
1408 2181 1513 2210 veniam
1529 2180 1658 2209 concedit.

921 2225 949 2254 Si
962 2225 1018 2253 hoec
1028 2224 1062 2253 ita
1075 2235 1102 2252 se
1116 2223 1273 2258 habeant,c1
1288 2222 1308 2250 si
1324 2228 1410 2260 potest
1425 2228 1483 2260 post
1496 2220 1661 2259 baptismum

922 2265 994 2293 salus
1019 2263 1145 2298 obtineri,
1165 2273 1215 2291 cur
1228 2262 1364 2301 apostolus
1380 2262 1476 2289 Petrus
1490 2260 1622 2288 Ananiam
1637 2266 1661 2288 et

923 2303 1083 2343 Sapphiram
1098 2302 1187 2331 statim
1211 2301 1319 2335 oceidit,
1337 2311 1422 2338 neque
1435 2300 1495 2329 illos
1510 2310 1556 2338 per
1573 2300 1660 2338 poeni-

924 2344 1032 2372 tentiam
1044 2341 1199 2371 revocavit?
1209 2340 1320 2370 Auende
1329 2340 1481 2378 diligenter.
1495 2340 1554 2367 Non
1569 2338 1662 2366 beatus

925 2384 1018 2411 Petrus
1029 2382 1167 2411 abscondit
1182 2381 1355 2420 emplastrum
1370 2378 1547 2418 poenitentiae;
1560 2378 1607 2407 sed
1622 2378 1661 2407 illi

925 2422 989 2461 ipsi,
1005 2422 1050 2459 qui
1066 2422 1091 2450 in
1105 2421 1185 2450 talem
1199 2421 1306 2459 culpam
1322 2419 1388 2457 lapsi
1401 2426 1474 2453 sunt,
1487 2428 1539 2446 non
1551 2418 1662 2455 quaesie-

927 2469 987 2490 runt
1003 2461 1066 2489 utile
1079 2460 1262 2499 emplastrum,
1273 2458 1320 2487 sed
1332 2459 1455 2487 hortante
1468 2457 1586 2493 diaholo,
1601 2468 1662 2485 eum

927 2501 1046 2541 pecuniis
1072 2500 1126 2528 suis
1146 2499 1288 2538 perierunt.
1310 2499 1388 2527 Tunc
1409 2498 1483 2526 enim
1509 2497 1662 2536 poenitentia

927 2548 980 2576 est,
998 2550 1048 2569 non
1065 2539 1171 2578 quando
1184 2539 1229 2567 illa
1244 2548 1308 2568 voce
1330 2538 1486 2574 honoratur,
1498 2536 1541 2565 sed
1557 2535 1663 2574 quando
