1893 2860
102 1827 156 1847 Luc.
175 1824 209 1847 [6.

253 170 321 204 092
590 167 619 189 S.
649 166 787 189 JOANNIS
813 167 992 189 CHRYSOST.

251 229 396 257 consolatio
409 251 415 260 ,
429 228 476 255 erit
489 227 538 255 tibi
549 233 735 264 argumentum
748 226 868 265 perpetui
882 226 987 265 suppli-

250 276 294 303 cii.
308 275 385 305 Esto,
401 273 513 312 peccasti
527 284 532 299 ε
545 271 613 309 quid
625 272 692 300 alios
708 282 814 309 (pioque
826 272 942 300 hortaris
952 271 987 300 ad

251 319 432 358 peccandum,
446 317 537 345 dicens
548 327 598 345 non
609 327 664 345 csse
674 317 822 354 geliennam
834 317 847 344 ?
862 317 929 355 quid
940 317 988 345 de·-

251 364 318 402 cipis
328 363 524 401 simpliciores?
537 373 585 391 cur
598 362 691 401 populi
713 372 807 390 manus
819 361 945 390 dissolvis
963 368 989 390 et

249 419 360 437 enervas
371 409 384 436 ἶ)
396 409 533 443 Quantum
549 408 658 446 quidem
673 408 699 436 in
716 414 740 436 tc
752 414 790 436 est
801 429 809 444 ,
826 407 914 436 omnia
927 414 989 435 sunt

252 464 341 482 eversa
355 466 361 480 :
376 465 461 492 neque
475 454 528 482 viri
541 453 617 493 probi
630 460 707 481 erunt
716 453 848 490 melioms,
859 452 903 481 sed
916 453 986 491 igna-

251 500 278 528 vi
293 511 324 528 ac
336 500 453 537 dosides;
471 510 556 538 neque
566 499 629 528 mali
642 499 770 528 desistent
789 510 803 527 a
826 499 904 528 vitio.
916 500 987 528 Num

251 546 272 574 si
288 546 353 573 aiios
364 556 567 585 corrumpamus
580 568 587 581 ,
598 545 728 573 habemus
743 545 850 574 veniam
865 552 987 583 peccato-

253 593 336 620 ruin'?
350 594 409 621 Non
431 592 523 621 vidisti
540 591 677 630 quomodo
701 591 826 620 diabolus
847 602 988 630 aggressus

252 637 285 665 sit
301 645 466 676 prosternere
477 645 502 666 et
521 637 635 677 dejicere
659 637 814 666 Adamum?
831 648 865 666 an
881 638 904 665 ei
924 637 987 666 data

251 690 289 711 est
303 684 404 712 venia?
419 684 506 723 Major
527 684 635 722 quidem
651 691 720 712 certe
734 684 796 712 hinc
819 684 869 712 fuit
884 684 987 712 occasio

251 729 389 768 supplicii.
403 730 439 757 [Ἰ
453 729 523 757 enim
545 740 597 757 non
616 740 665 768 pro
687 729 784 757 nostris
804 735 907 757 tantum
920 752 927 765 ,
941 729 987 757 sed

251 774 331 803 etiam
350 786 398 813 pro
413 775 505 803 alicnis
520 775 635 814 peccatis
647 775 806 813 puniamur,
822 775 910 803 omnia
931 786 986 803 lua-

251 820 385 851 chinatur.
404 822 444 849 Nc
465 831 526 859 ergo
539 821 739 857 existimemus,
755 821 827 859 quod
842 821 907 849 alios
922 831 987 849 eon-

251 874 386 895 vertamus
401 868 436 896 ad
459 867 583 896 eumdem
599 868 675 896 nobis
692 875 814 906 paratum
830 868 985 903 interitum,

251 923 299 940 nos
312 912 388 940 nobis
401 913 491 941 mitius
504 913 588 941 faeere
601 913 750 951 judicium:
764 913 814 941 hoc
825 913 913 951 ipsum
926 913 987 950 qui-

250 958 313 986 dem
338 965 408 986 certe
425 958 502 986 saciet
527 958 635 996 gravius
656 966 681 986 et
695 958 825 997 asperius.
843 958 916 993 Quid
940 969 988 986 nos

251 1003 322 1041 ipsos
337 1003 523 1042 protrudimus
544 1010 569 1031 et
583 1003 743 1042 perdimus?
765 1005 821 1032 Hoc
848 1011 932 1032 totum
947 1010 987 1032 est

251 1049 408 1077 satanicum.
420 1049 520 1085 Homo,
530 1049 665 1088 peccasti?
676 1049 826 1088 Benignum
839 1056 863 1077 et
877 1049 989 1078 clemen-

251 1101 303 1122 tem
328 1094 409 1123 babes
424 1095 571 1123 Dominum
581 1117 590 1132 ,
606 1105 669 1133 roga
680 1116 687 1129 ‚
702 1094 825 1134 supplica
837 1117 844 1131 ,
856 1095 990 1134 laclyma-

251 1150 288 1173 re,
305 1139 448 1177 ingemisce
457 1163 465 1178 ‚
475 1147 501 1169 et
515 1140 582 1169 alios
596 1148 675 1175 terre,
691 1147 715 1169 et
733 1147 791 1180 pete
806 1151 838 1169 ne
855 1141 882 1169 in
898 1141 991 1169 eadem

253 1186 384 1214 incidant.
402 1187 430 1215 Si
444 1187 504 1225 quis
524 1197 618 1216 servus
631 1198 721 1216 corum
738 1187 783 1225 qui
797 1187 937 1215 dominum
951 1188 991 1216 of-

250 1232 392 1261 fenderunt
405 1256 411 1269 ,
427 1233 499 1262 dicat
513 1234 570 1263 filio
591 1244 638 1263 suo
649 1256 657 1271 ,
672 1234 725 1262 Fili
737 1256 745 1270 ,
761 1244 810 1273 ego
825 1233 924 1262 offendi
940 1234 991 1262 do-

250 1278 373 1306 minum:
394 1285 423 1307 tu
444 1278 478 1307 da
493 1290 600 1318 operam
615 1286 645 1308 ut
662 1279 686 1308 ei
710 1279 833 1318 placeas,
853 1289 886 1307 ne
897 1278 989 1308 eadem

250 1325 301 1353 tibi
319 1325 458 1354 accidant:
472 1336 524 1354 non
542 1326 659 1364 aliquam
673 1348 681 1363 ,
697 1336 785 1364 quaeso
805 1332 847 1361 te,
862 1335 988 1363 asseque-

251 1377 297 1398 tur
310 1370 416 1399 veniam
426 1371 439 1398 ?
452 1381 504 1399 non
517 1372 621 1410 franget
636 1379 661 1400 et
671 1372 758 1400 flectet
766 1370 905 1399 dominum
916 1371 928 1398 ἶ)
941 1371 989 1400 Sin

252 1422 341 1444 autem
354 1415 397 1444 his
411 1416 499 1445 missis
508 1416 598 1445 verbis
609 1416 680 1444 dicat
690 1417 744 1444 sere
757 1416 820 1444 talia
829 1439 836 1452 ,
849 1416 990 1444 dominum

253 1470 304 1488 non
319 1471 367 1499 pro
387 1461 482 1489 merito
502 1461 615 1499 siugulis
633 1461 802 1489 redditurum
815 1471 884 1497 esse,
900 1460 989 1489 omnia

253 1513 311 1534 tum
326 1507 394 1535 bona
406 1514 465 1535 tum
481 1507 549 1535 mala
564 1507 670 1535 misceri
685 1514 710 1536 et
720 1507 827 1536 confusa
837 1517 911 1544 esse,
929 1507 989 1535 nul-

253 1552 361 1590 lamque
373 1552 400 1580 in
412 1552 462 1581 bac
474 1552 554 1580 domo
569 1552 662 1580 haberi
678 1552 805 1591 gratiam:
818 1552 884 1590 quid
897 1552 988 1581 existi-

256 1608 312 1626 mas
327 1597 468 1626 dominum
482 1598 516 1627 de
535 1598 581 1627 illo
593 1598 691 1627 sentire
703 1599 716 1626 9
732 1608 820 1626 annon
836 1598 881 1626 ille
895 1608 990 1637 pecea-

253 1650 342 1672 torum
354 1655 464 1673 suorum
475 1645 588 1683 majores
606 1643 681 1672 dabit
693 1644 805 1683 peenas?
818 1644 917 1672 Merito
934 1655 989 1672 cer-

253 1696 278 1718 te
290 1702 298 1718 :
315 1701 375 1718 nam
400 1690 456 1718 illic
470 1689 577 1728 quidem
598 1690 737 1718 excusabit
751 1689 834 1718 animi
856 1697 944 1718 motus
966 1697 991 1718 et

253 1735 437 1774 perturbatio,
453 1736 501 1764 etsi
522 1735 661 1771 debiliter3
683 1735 727 1763 hic
749 1743 838 1764 autem
858 1735 937 1763 nihil.
961 1735 990 1764 Si

252 1792 315 1820 ergo
335 1782 440 1810 nullum
462 1782 564 1818 alium,
581 1792 641 1810 eum
663 1781 773 1819 quidem
795 1788 865 1809 certe
887 1781 991 1809 imitare

252 1827 366 1856 divitem
388 1827 475 1865 quiin
491 1827 609 1865 gebenna
632 1827 756 1864 dicebat,
775 1828 868 1855 Pater
887 1827 989 1855 Abra-

253 1872 322 1899 ham
333 1893 342 1908 ,
368 1873 450 1899 mitte
480 1872 627 1899 Lazarum
656 1871 696 1898 ad
724 1877 863 1910 cognatos
888 1881 965 1900 meos
979 1894 987 1906 ,

253 1927 289 1945 ne
298 1919 421 1945 veniant
433 1918 465 1944 in
483 1917 560 1945 hunc
576 1917 669 1945 locum
680 1928 690 1950 ;
704 1916 831 1954 quoniam
849 1916 906 1955 ipse
916 1916 990 1945 abire

252 1973 305 1991 non
319 1969 421 2001 poterat
433 1974 441 1999 ;
456 1972 488 1990 ne
503 1962 529 1990 in
546 1962 592 1990 illa
607 1962 665 2001 ipsa
691 1961 818 1991 incidant.
844 1962 990 1990 Abstinea-

253 2018 312 2036 mus
326 2008 359 2036 ab
370 2008 412 2036 his
427 2007 516 2037 verbis
530 2007 663 2036 satanicis.

291 2055 320 2083 6.
339 2053 413 2089 Quid
437 2063 517 2092 ergo,
548 2053 666 2092 inquies,
688 2053 794 2091 quando
814 2063 862 2082 nos
880 2053 991 2082 interro-

251 2106 314 2138 gant
331 2099 419 2128 Graeci
445 2110 490 2128 seu
507 2099 624 2136 ethnici,
642 2100 703 2127 Non
720 2099 762 2127 vis
790 2099 851 2127 illos
873 2099 989 2127 curare?

251 2145 304 2174 Sed
319 2157 379 2174 cum
395 2146 577 2175 Christianum
599 2146 720 2185 injeceris
736 2145 763 2174 in
779 2145 990 2183 dubitationem,

251 2192 359 2221 obtentu
379 2192 490 2221 curandi
512 2193 619 2227 Graeci,
645 2192 685 2220 vis
707 2191 804 2230 dogma
832 2192 990 2221 confirmare

251 2239 406 2267 satanicum.
430 2239 499 2268 Nam
521 2239 646 2277 quoniam
671 2239 726 2278 ipse
748 2249 782 2267 ex
807 2239 863 2267 solo
879 2239 990 2277 loquens

251 2284 340 2313 animo
366 2285 424 2313 haec
438 2295 489 2314 non
505 2285 648 2324 persuades
661 2308 669 2320 ‚
687 2284 752 2313 alios
776 2292 853 2313 testes
875 2286 916 2314 vis
940 2285 990 2314 ad-

252 2328 356 2359 ducere.
376 2330 406 2359 Si
426 2337 513 2359 autem
531 2341 592 2359 cum
607 2332 703 2360 Graeco
724 2337 828 2369 oportet
852 2330 989 2368 disserere,

253 2384 304 2402 non
316 2374 378 2403 hinc
388 2376 546 2405 sumendum
559 2376 667 2405 initium
679 2375 883 2415 disputationis,
899 2376 946 2405 sed
955 2387 988 2405 an

283 2470 292 2480 Β
311 2462 482 2498 [καταττρ-ζρειυ
494 2466 522 2490 Β.
535 2472 559 2489 et
573 2474 650 2496 marg.
664 2465 756 2498 savir]

286 2508 296 2518 ³
314 2501 356 2532 [Β.
377 2508 401 2525 et
414 2511 483 2534 marg
516 2504 591 2529 savii.
613 2507 689 2532 οὶιῖείς.

374 2542 440 2571 μοι]

255 2544 363 2571 affl-,sn

1023 168 1178 192 Ancum-tv.

998 704 1031 723 341

713 2505 770 2529 Mox
785 2506 812 2529 Α.
835 2509 938 2537 Λάζαρον
961 2510 1006 2533 τοῖς

1206 171 1267 193 CON
1273 172 1330 194 s'rA
1338 173 1458 195 N'rin'ov
1465 187 1472 194 .

1045 239 1084 265 ροι
1097 228 1214 266 ἔσονται,
1229 231 1296 259 ἀλλὰ
1311 232 1436 271 ῥᾴθυμον
1450 232 1507 261 οὔτε
1520 235 1543 261 οἱ
1558 234 1634 262 κακοὶ
1649 235 1808 270 ἀποστήσον-

1040 285 1085 301 ται
1097 276 1144 308 τῆς
1165 276 1269 308 κακίας.
1283 276 1329 311 Μὴ
1345 277 1412 315 γὰρ,
1427 277 1456 305 ἂν
1480 277 1550 316 ἑτέρ
1543 290 1582 310 υς
1608 279 1807 318 διαφθείρωμεν,

1041 318 1198 356 συγγνώμην
1197 320 1333 375 Νέγομεν.
1321 323 1372 349 τῶν
1384 322 1600 360 ἁμαρτημάτιι)ν;
1615 324 1699 362 0137‘
1689 328 1751 363 ορδὶς
1764 325 1806 353 τὸν

1042 362 1162 391 διάῧολον
1174 376 1229 396 πως
1244 366 1399 405 ἐπεχείρησε
1411 373 1574 406 κατενεγκεῖν
1587 369 1644 414 τὸν*
1642 369 1744 407 Αόὰιις
1756 373 1807 409 ἀρα

1042 408 1124 437 τούτω
1140 409 1282 448 συγγνώμη
1293 423 1322 448 γε
1316 410 1397 449 ’γονες
1415 412 1538 446 Μείζονος
1554 413 1600 451 μὲν
1614 416 1658 442 οὖν
1675 398 1740 443 10⁸)st
1725 427 1807 447 ασευς

1043 455 1158 493 ἀφορμή.
1166 454 1225 483 Ινα
1237 456 1288 496 γὰρ
1302 456 1358 494 μὴ(
1349 469 1415 495 υπερ
1425 459 1477 485 τῶν
1487 459 1598 494 οἰκείων,
1607 460 1675 488 om&
1684 461 1728 488 καὶ
1738 460 1805 500 ὑπὲρ

1042 501 1093 527 τῶν
1104 501 1247 538 ἀλλοτρίων
1256 502 1456 540 ἁμαρτημάτων
1465 503 1645 541 κολαζώμεθα,
1654 505 1741 534 πάντα
1758 518 1806 543 μη-

1044 551 1168 584 χανᾶται.
1179 547 1224 582 Μὴ
1233 547 1381 585 νομίζωμεν
1392 548 1475 576 τοίνυν
1485 549 1515 577 τὸ
1523 550 1642 589 ἑτέρους
1652 551 1806 591 καταφέρειν

1043 593 1079 623 εἰς
1093 591 1142 626 τὴν
1156 592 1236 627 αὐτὴν
1253 596 1316 631 ἡμῖν
1338 593 1483 628 ἀπώλειαν,
1497 594 1664 634 ἡμερώτερον
1690 598 1754 633 ἡμῖν
1779 597 1808 625 τὸ

1044 637 1211 675 δικαστήριον
1230 639 1399 677 ἐργάζεσθαι·
1411 642 1486 667 τοῦτο
1502 639 1548 677 μὲν
1568 644 1611 668 οὖν
1623 640 1808 681 χαλεπώτερον

1044 682 1106 711 αὐτὸ
1117 683 1231 717 ποιήσει.
1247 684 1282 712 'li
1298 685 1415 721 ὠθοῧιιεν
1437 685 1560 721 ἑαυτους,
1577 697 1621 714 και
1643 686 1806 725 ἀπόλλυμεν;

1043 729 1190 758 Σατανικὸν
1201 733 1276 758 τοῦτο
1287 729 1346 759 ὅλον
1363 730 1441 759 ἐστίν.
1453 730 1600 770 Ἄνθρωπε,
1615 731 1745 771 ἥμαρτες;
1755 733 1810 762 Φι-

1042 774 1194 813 λάνθρωπον
1213 776 1282 814 ἔχεις
1298 776 1340 804 τὸν
1356 776 1492 810 Δεσπότην
1505 789 1511 794 ·
1522 777 1680 814 παρακάλει,
1693 777 1805 812 ἱκέτευε,

1043 819 1137 858 δάκρυε
1145 842 1151 854 ,
1165 820 1270 854 στέναζε
1278 843 1284 855 ,
1296 822 1341 849 καὶ
1352 821 1410 854 τοὺς
1421 822 1514 854 ἄλλους
1527 821 1615 860 ordea,
1626 822 1670 851 καὶ
1687 822 1758 855 ἀξίου
1771 823 1807 861 μὴ

1042 870 1096 898 τοῖς
1110 867 1196 899 αὐτοῖς
1210 871 1370 905 περιπεσεῖν.
1382 868 1416 896 Εἴ
1428 879 1467 899 τις
1478 869 1504 895 ἕν
1521 867 1591 906 οἰκίᾳ
1607 869 1694 901 δοῦλος
1706 868 1742 896 ὢν
1756 871 1807 898 τῶν

1042 912 1289 949 προσκεκρουκότων
1304 912 1375 950 λέγει
1388 913 1453 950 πρὸς
1467 913 1511 941 τὸν
1528 914 1622 941 ἑαυτοῦ
1646 914 1728 942 παῖδα
1738 926 1744 931 ·
1763 914 1809 943 τέ-

1043 967 1113 989 κνον,
1129 955 1180 994 ἐγὼ
1200 957 1382 995 προσέκρουσοι
1401 959 1439 996 τῷ
1458 956 1595 995 Δεσπότῃ,
1614 957 1645 986 σὺ
1664 958 1809 988 σπούδασον

1044 1001 1152 1039 ἀρέσαι,
1166 1001 1208 1029 ἵνα
1226 1002 1262 1039 μὴ
1280 1002 1313 1031 τὰ
1329 1002 1397 1031 αὗτὰ
1417 1003 1518 1041 πάθῃς·
1532 1003 1582 1042 οὐχ
1595 1002 1646 1036 ἕξει
1665 1003 1724 1032 τινὰ
1743 1016 1809 1042 συγ-

1044 1046 1163 1084 γνώμην,
1176 1046 1233 1075 εἰπέ
1246 1059 1304 1084 μοι;
1318 1049 1364 1076 οὐκ
1377 1048 1514 1076 ἐπικλάσει
1526 1048 1572 1076 καὶ
1583 1049 1754 1088 κατακάμψει
1765 1050 1809 1079 τὸν

1046 1091 1192 1127 δεσπότην;
1218 1091 1264 1120 Ἂν
1290 1092 1317 1121 δὲ
1341 1096 1425 1121 ταῦτα
1450 1093 1523 1132 ἀφεὶς
1548 1094 1581 1122 τὰ
1605 1094 1727 1133 ῥήματα,
1745 1095 1808 1133 λε’γῃ

1045 1138 1146 1173 ἐκεῖνα,
1161 1133 1223 1174 οἷον,
1238 1138 1278 1167 ὅτι
1290 1138 1320 1167 τὸ
1330 1140 1387 1167 κατ’
1403 1139 1476 1172 ἀξίαν
1489 1139 1592 1178 ἑκάστῳ
1607 1141 1653 1168 οὔκ
1665 1139 1809 1176 ἀποδώσει,

1045 1182 1084 1211 ὅτι
1099 1184 1188 1216 ἁπλῶς
1203 1184 1289 1212 πάντα
1305 1184 1504 1223 ἀναμέμικται,
1520 1186 1565 1214 καὶ
1582 1185 1615 1214 τὰ
1629 1185 1698 1214 καλὰ
1718 1185 1763 1214 καὶ
1776 1185 1810 1214 τὰ

1044 1227 1127 1264 κακὰ,
1143 1227 1182 1256 ὅτι
1197 1228 1243 1256 οὐκ
1263 1229 1334 1257 ἔστιν
1355 1228 1509 1268 εὐχαριστία
1529 1230 1556 1257 ἐν
1575 1230 1613 1267 τῷ
1630 1228 1694 1267 οἴκῳ
1708 1228 1809 1267 τούτῳ,

1044 1272 1102 1301 τίνα
1114 1273 1227 1310 νομίζεις
1239 1274 1282 1302 τὸν
1296 1273 1425 1308 δεσπότην
1437 1277 1495 1303 νοῧν
1504 1273 1574 1312 ἔχειν
1583 1273 1644 1312 περὶ
1653 1274 1747 1310 αὐτοῦ,
1760 1269 1812 1313 ἔρα

1044 1319 1104 1357 οὐχὶ
1116 1321 1167 1347 τῶν
1182 1319 1282 1348 οἰκείων
1298 1319 1497 1358 ἁμαρτημάτων
1510 1319 1616 1357 μείζονα
1628 1318 1706 1348 δώσει
1718 1319 1809 1355 δίκην;

1045 1364 1176 1397 Εἰκότως·
1190 1366 1244 1393 ἐκεῖ
1259 1365 1305 1402 μὲν
1317 1365 1367 1404 γὰρ
1378 1365 1408 1393 τὸ
1421 1365 1503 1397 πάθος
1515 1364 1722 1402 ἀπολογήσεται,
1733 1366 1755 1393 εἷ
1766 1365 1810 1393 καὶ

1045 1412 1159 1443 ἀσθενῶς
1169 1432 1176 1445 ,
1191 1412 1302 1438 ἐνταῦθα
1316 1410 1343 1438 δὲ
1364 1411 1465 1439 Βοῦδέν.
1482 1411 1515 1439 Εἰ
1533 1410 1634 1448 μηδένα
1655 1411 1740 1439 τοίνυν
1754 1410 1810 1439 ἕτε-

1046 1467 1099 1494 ρον,
1117 1455 1160 1484 τὸν
1175 1459 1236 1494 γοῦν
1255 1456 1377 1485 πλούσιον
1393 1456 1509 1493 μίμησαι
1528 1456 1572 1484 τὸν
1598 1456 1624 1484 ἐν
1645 1458 1677 1494 ²7]
1698 1456 1807 1494 γεέννῃ,

1044 1501 1088 1529 τὸν
1103 1501 1225 1539 λέγοντα,
1240 1500 1331 1539 Πάτερ
1348 1500 1480 1539 Ἀδραὰμ,
1501 1501 1604 1540 πέμψον
1623 1501 1744 1541 Λάζαρον
1766 1501 1810 1529 ἐπὶ

1045 1546 1104 1578 τοὺς
1121 1551 1251 1585 συγγενεῖς
1278 1558 1343 1583 μου,
1357 1546 1399 1574 ἵνα
1417 1544 1453 1584 μὴ
1476 1546 1586 1574 ἔλθωσιν
1611 1548 1647 1578 εἷς
1666 1547 1710 1574 τὸν
1730 1546 1810 1575 τόπον

1044 1595 1143 1626 τοῧτνν,
1155 1591 1245 1625 ἐπειδὴ
1261 1591 1335 1623 αὐτὸς
1347 1592 1466 1619 ἀπελθεῖν
1483 1593 1529 1620 οὐκ
1549 1590 1677 1627 ἠδύνατο,
1690 1591 1758 1620 ὥστε
1771 1591 1809 1629 μὴ

1045 1641 1098 1669 τοῖς
1113 1639 1196 1668 αὐτοῖς
1208 1636 1319 1668 ἐκείνους
1335 1640 1496 1674 περιπεσεῖν.
1511 1636 1680 1674 Ἀποστῶμεν
1693 1639 1745 1666 τῶν
1761 1639 1808 1676 ῥη-

1047 1683 1136 1721 μάτων
1151 1682 1247 1712 τούτων
1264 1683 1315 1711 τῶν
1331 1684 1488 1712 σοιτανικῶν.

1085 2056 1120 2084 Τί
1135 2051 1195 2091 οἶν,
1209 2055 1270 2085 ὅταν
1285 2055 1440 2091 Ἕλληνες“
1429 2068 1497 2093 ημας
1512 2057 1643 2094 ἐρωτωσι,
1656 2056 1749 2095 φησιν,
1763 2057 1810 2086 οὒκ

1046 2113 1088 2130 εκε
1092 2103 1178 2139 ίνους
1174 2101 1260 2129 Γᾒουλει
1276 2104 1450 2139 θεραπεῦσαι;
1465 2101 1533 2130 Ἀλλ’
1550 2102 1586 2134 εἷς
1601 2101 1712 2140 ἀπορίαν
1727 2102 1810 2140 ε’μὸα-

1046 2147 1098 2176 λὼν
1122 2148 1164 2176 τὸν
1187 2147 1344 2186 Χριστιανὸν
1365 2147 1536 2186 προσχήματι
1556 2150 1601 2175 τοῦ
1622 2147 1666 2176 τὸν
1690 2147 1811 2183 ’Ἐλληνα

1047 2193 1207 2231 θεραπεύειν,
1222 2195 1339 2247 κυρῶσαι
1355 2192 1442 2230 βούλει
1461 2193 1491 2221 τὸ
1512 2192 1598 2230 δόγμα
1611 2193 1641 2221 τὸ
1661 2193 1810 2222 σατανικόν.

1046 2238 1156 2272 Επειδὴ
1171 2238 1222 2277 (αρ
1241 2238 1316 2270 αὐτὸς
1331 2237 1397 2275 μόνῃ
1416 2249 1449 2276 τῃ
1463 2239 1535 2276 ψυχῇ
1551 2237 1732 2276 διαλεγόμενος
1746 2238 1812 2278 ὑπὲρ

1045 2283 1141 2313 τούτων
1153 2285 1182 2312 οὗ
1196 2283 1301 2318 πείθεις,
1317 2282 1418 2321 ἑτέρους
1430 2283 1510 2315 θέλεις
1523 2283 1652 2322 παράγειν
1665 2283 1811 2324 μάρτυρας.

1045 2330 1106 2359 Εἰ
1093 2329 1120 2358 οὲ
1132 2329 1246 2364 ἽΞλληνι
1260 2327 1312 2367 χρὴ
1328 2327 1508 2365 διαλέγεσθαι,
1520 2329 1566 2356 οὐκ
1577 2330 1691 2357 ἐντεῦθεν
1708 2330 1724 2363 ἡ
1740 2328 1810 2367 ἀρχὴ

1046 2378 1093 2411 τ’ἦς
1107 2374 1257 2410 διαλέξεως,
1271 2375 1284 2388 *
1294 2374 1351 2402 ἀλλ’
1372 2374 1394 2402 εἷ
1416 2373 1483 2406 Θεὸς
1499 2376 1512 2402 ὁ
1535 2373 1663 2412 Χριστὸς,
1677 2374 1722 2402 καὶ
1741 2375 1811 2403 Θεοῦ

1087 2464 1097 2476 “
1117 2464 1155 2495 [Α.
1168 2468 1192 2486 et
1203 2469 1282 2494 marg.
1293 2461 1369 2486 savii.
1383 2464 1434 2486 &DJ
1448 2464 1482 2486 ὅτι
1496 2464 1527 2486 θ..
1545 2478 1561 2486 ..
1573 2464 1609 2486 ὅτι
1621 2463 1729 2493 δαίμονες.
1741 2459 1810 2485 Infra

1058 2504 1086 2527 A.
1102 2508 1126 2527 et
1139 2510 1217 2534 marg.
1231 2500 1307 2526 Sarii.
1321 2503 1490 2533 κιτκσκευασθῇ
1500 2507 1546 2531 pro
1561 2511 1651 2532 παρατκ
1665 2502 1674 2532 ]
