1893 2860
401 151 434 172 tN
462 150 569 172 131‘15'1'.
602 151 623 172 l.

70 214 169 251 μάτων,
185 211 309 251 θορύὸου,
321 213 440 249 ταραχῆς
451 234 458 246 ,
473 210 642 249 πολυοχλίας.
667 211 755 249 Δλιμήν
769 213 837 240 ἔστιν

67 258 160 290 εὔδιος·
173 257 280 296 (Ὠσπερ
290 257 445 295 λαμπτῆρές
461 259 525 285 εἰσιν
539 259 583 295 ἀφ’
598 258 699 296 ὑψηλοῦ
709 261 761 289 τοῖς
774 257 837 297 πόρ-

66 307 145 343 ρωθεν
159 303 322 332 ἐπιὲαίνουσι
336 303 486 341 φαίνοντες,
500 303 542 332 ἐπὶ
556 303 661 341 λιμένος
676 303 837 341 καθήμενοι,

64 350 108 378 καὶ
121 349 186 388 πρὸς
199 348 317 387 γαλήνην
332 348 380 384 τὴν
396 351 480 378 αὐτῶν
498 350 618 382 ἅπαντας
643 349 776 385 ἕλκοντες,
791 350 837 378 οὐκ

63 397 156 428 ἐῶντες
167 395 290 433 γενέσθαι
309 395 422 434 ναυάγια
442 400 495 428 τοῖς
511 396 545 428 εἷς
563 395 652 427 αὐτοὺς
670 396 775 433 ὁρῶσιν,
791 397 837 424 οὐκ

64 442 155 473 ἐῶντες
170 443 195 470 ἐν
211 440 297 479 σκότῳ
312 441 410 479 διάγειν
424 440 482 474 τοὺς
499 442 552 469 ἐκεῖ
579 441 731 478 βλέποντας.
747 440 838 469 Ἄπιθι

63 486 126 525 πρὸς
135 486 235 522 αὐτοὺς,
243 488 320 526 φιλοφ
326 486 442 526 ρόνησον,
450 486 565 525 πρόσιθι,
577 486 642 523 ἅψαι
651 485 737 513 ποδῶν
745 484 834 522 ἁγίων·

63 533 152 570 πολλῷ
165 532 217 571 γὰρ
236 532 399 571 ἐντιμότερον
415 535 466 561 τῶν
478 531 582 561 ἐκείνων
596 531 725 559 ἅπτεσθαι
736 531 835 564 ποδῶν,

62 577 79 612 ἢ
95 580 142 612 τῆς
157 578 253 617 ἑτέρων
268 579 392 617 κεφαλῆς.
411 577 480 607 Εἰπὲ
494 577 546 616 γάρ
560 589 624 615 μοι,
640 577 662 604 εἷ
675 576 835 615 ἀνδριάντων

64 624 145 656 πόδας
163 623 304 663 κατέχουσί
328 635 413 659 τινες,
440 623 531 658 ἐπειδὴ
555 623 620 655 ὅλως
645 621 725 651 τύπον
746 621 835 660 ἔχουσι

65 669 211 707 βασιλικὸν,
221 670 252 698 σὺ
264 670 306 698 τὸν
322 669 396 698 αὐτὸν
411 670 505 708 ἔχοντα
517 669 560 697 τὸν
573 668 687 707 Χριστὸν
702 668 727 696 ἐν
739 669 834 706 ἑαυτῷ,

63 717 92 744 οὐ
115 715 230 748 καθέξεις
254 715 307 744 ἀπὸ
332 717 383 743 τῶν
407 715 494 743 ποδῶν
505 736 512 750 ,
540 713 585 742 καὶ
611 713 719 752 σωθήσῃ
731 726 738 749 ;
752 712 836 751 Ἅγιοί

64 762 128 789 εἰσιν
155 763 178 790 οἱ
204 760 297 795 πόδες,
327 760 375 789 κᾶν
393 761 503 792 εὐτελεῖς
524 754 589 787 ὦσι·
605 761 655 787 τῶν
672 759 699 787 δὲ
716 759 836 797 βεῧήλων

63 806 120 835 οὐδὲ
134 805 265 846 ἡ’κεφαλὴ
281 806 370 844 τιμία·
384 805 460 838 πόδες
471 805 522 844 γὰρ
539 805 620 844 ἁγίων
637 805 741 843 μεγάλα
763 806 837 845 ἴσχυ-

64 864 123 881 σαν.
141 851 239 891 Διόπερ
263 852 307 880 καὶ
327 851 490 887 κολάζουσιν,
507 851 567 880 ὅταν
579 851 605 884 ἐξ
619 853 718 880 ἑαυτῶν
731 852 774 880 τὸν
792 863 838 880 κο-

63 897 163 937 νιορτὸν
175 897 354 930 ἐκτινάξωσιν.
369 897 453 926 ‘'Ox-ow
469 897 541 936 ἅγιος
555 892 572 935 ᾗ
585 898 648 936 παρ’
664 899 739 935 ἡμῖν,
757 896 837 935 μηδὲν

63 943 285 982 ἐπαισχυνώμεθα
296 944 310 958 *
324 945 375 972 τῶν
391 945 489 972 αὐτῶν.
506 942 591 981 Ἅγιοι
615 943 643 972 δέ
665 945 715 972 εἶσι
727 944 836 979 πάντες,

63 987 118 1017 ὅσοι
141 989 230 1017 πίστιν
245 989 322 1028 ὀρθὴν
339 988 405 1027 μετὰ
423 989 478 1028 βίου
502 989 606 1028 ἔχουσι·
623 989 671 1018 κᾶν
687 994 784 1027 σημεῖα
799 989 836 1027 μὴ

64 1034 242 1073 ἐργάζωνται,
260 1034 307 1063 κᾶν
325 1034 450 1073 δαίμονας
470 1034 505 1073 μὴ
523 1035 697 1070 ἐκῧοίλλωσιν,
713 1035 781 1073 ἅγιοί
795 1036 837 1064 εἷ-

65 1092 114 1109 σιν.
126 1080 215 1109 Ἄπιθι
229 1081 294 1120 πρὸς
308 1081 354 1114 τὰς
370 1083 422 1109 τῶν
438 1080 518 1119 ἁγίων
534 1081 632 1116 σκηνάς
643 1093 649 1099 ·
669 1081 758 1121 ὥσπερ
786 1082 837 1111 ἀπὸ

65 1129 112 1163 γ’ἧς
127 1127 162 1160 εἷς
182 1127 226 1156 τὸν
253 1127 375 1166 οὐρανὸν,
398 1126 479 1160 οὕτως
504 1127 574 1156 ἔστιν
600 1129 637 1160 εἰς
663 1128 836 1167 μοναστήριον

66 1172 156 1211 ἀνδρὸς
174 1172 247 1212 ἁγίου
263 1177 433 1212 καταφυγεῖν.
448 1175 508 1212 Οὐχ
527 1176 589 1212 ὁρᾷς
600 1175 654 1202 ἐκεῖ
674 1176 757 1202 ταῦτα
771 1174 838 1214 ἅπερ

65 1220 91 1247 ἓν
114 1221 147 1257 τῇ
172 1218 256 1259 οἰκία·
278 1219 384 1248 πάντων
397 1220 511 1258 καθαρὸς
527 1222 540 1248 ὁ
555 1220 633 1259 χορὸς
647 1221 743 1253 ἐκεῖνος
755 1232 761 1238 ·
776 1220 837 1258 σιγὴ

65 1265 110 1293 καὶ
124 1265 222 1304 ἡσυχία
235 1266 319 1301 ττολλτ’Ι
332 1277 337 1283 ·
353 1266 382 1294 τὸ
398 1266 460 1303 ἐμὸν
473 1268 520 1295 οὐκ
543 1267 580 1295 ἔνι
602 1267 647 1294 καὶ
669 1267 699 1296 τὸ
715 1266 758 1295 σὸν
774 1268 836 1295 ἐκεῖ,

63 1311 109 1339 Ἂν
127 1310 154 1339 δὲ
166 1311 210 1339 καὶ
221 1311 322 1351 ἡμέραν
340 1311 402 1347 μίαν
418 1311 509 1349 μείνῃς
522 1334 529 1346 ,
547 1311 564 1345 ἢ
579 1312 624 1339 καὶ
634 1311 767 1351 δευτέραν,
778 1311 837 1340 τότε

64 1356 143 1386 πλέον
155 1357 268 1395 αἰσθήσῃ
284 1358 331 1391 τῆς
355 1358 460 1392 ἡδονῆς.
479 1357 584 1396 Ἡμέρα
596 1357 714 1396 γίνεται,
737 1358 835 1395 μᾶλλον

65 1402 92 1432 δὲ
104 1403 155 1442 πρὸ
168 1403 269 1442 ἡμέρας
290 1402 439 1442 ἀλεκτρυὼν
453 1402 571 1442 ἐφώνησε
584 1415 589 1420 ·
605 1405 615 1417 ³¹
626 1403 671 1432 καὶ
686 1405 733 1432 οὐκ
753 1403 834 1438 ἔστιν,

63 1448 152 1487 ὥσπερ
167 1448 211 1477 ἐπὶ
225 1451 271 1484 τ’ἧς
281 1448 382 1485 οἰκίας,
398 1449 534 1488 ῥέγχουσιν
549 1450 573 1478 οἳ
590 1449 705 1484 οἰκέται,
721 1451 747 1478 αἱ
759 1449 835 1488 θύραι

64 1495 270 1533 κεκλεισμέναι,
298 1495 395 1529 πάντες
415 1500 515 1534 νεκροῖς
541 1495 642 1524 ἐοίκασι
655 1495 835 1532 καθεύδοντες,

64 1544 78 1570 ὁ
91 1540 231 1580 ὀρεοκόμος
244 1540 302 1574 τοὺς
315 1540 440 1574 κώδωνας
453 1541 526 1570 σείει.
539 1541 624 1570 Οὐδὲν
639 1544 755 1571 τοιοῦτον
768 1543 835 1576 ἐκεῖ,

63 1587 121 1615 ἀλλ’
137 1586 229 1619 εὐθέως
244 1587 356 1620 ἅπαντες
373 1587 440 1625 μετὰ
455 1587 594 1620 εὐλαὸείας
611 1587 655 1616 τὸν
670 1587 750 1616 ὕπνον
766 1589 835 1616 ἁπο-

65 1634 167 1672 θέμενοι
184 1634 379 1671 διανίστανται,
394 1636 439 1663 τοῦ
453 1637 618 1674 προεστῶτος
634 1633 726 1667 αὐτοὺς
739 1633 836 1673 διεγεί-

67 1691 166 1718 ροντος,
179 1680 224 1709 καὶ
235 1679 363 1715 ἑστήκασι
373 1680 417 1709 τὸν
431 1681 502 1719 ἅγιον
516 1679 676 1718 στησάμενοι
690 1680 780 1720 χορὸν,
792 1679 837 1709 καὶ

63 1725 111 1758 τὰς
121 1731 213 1766 χεῖρας
232 1726 326 1759 εὐθέως
346 1726 541 1763 ἀνατείναντες,
557 1726 616 1759 τοὺς
631 1726 714 1766 ἱεροὺς
730 1727 835 1766 ᾅδουσιν

64 1771 169 1810 ὕμνους.
183 1773 224 1802 Οὖ
235 1772 286 1812 γὰρ
296 1773 328 1808 δὴ
336 1796 343 1809 ,
353 1773 426 1813 ὥπερ
433 1775 525 1812 ἡμεῖς,
535 1774 639 1802 πολλῶν
652 1775 725 1812 ὡρῶν
735 1773 837 1802 δέονται

64 1818 128 1857 πρὸς
149 1818 179 1847 τὸ
199 1819 243 1848 τὸν
261 1819 341 1848 ὕπνον
358 1819 565 1853 ἀποτινάξασθαι
581 1820 626 1848 καὶ
650 1819 698 1855 τὴν
712 1820 836 1859 καρηὸα-

65 1865 132 1903 ρίαν.
148 1864 242 1902 ξΗμεῖς
264 1865 310 1903 μὲν
333 1865 383 1903 γὰρ
407 1865 463 1903 ἅμα
487 1865 685 1900 διαναστάντες,
699 1866 837 1904 καθήμεθα
853 1878 871 1900 Ε

65 1909 109 1937 ἐπὶ
137 1909 203 1938 πολὺ
235 1910 438 1948 διατεινάμενοι,
453 1910 517 1949 πρὸς
543 1911 636 1950 χρείαν
652 1911 837 1951 ἀπερχόμεθα,

67 1950 124 1984 εἶτα
145 1955 289 1993 νιπτόμεθα
315 1956 364 1990 τὴν
388 1956 445 1995 ὄψιν
458 1979 465 1992 ,
480 1956 527 1988 τὰς
549 1961 639 1995 χεῖρας
652 1968 658 1974 ·
680 1957 748 1995 μετὰ
762 1961 838 1985 τοῦτο

67 2002 226 2040 ὑποδήματα
247 2002 292 2030 καὶ
323 2002 456 2040 ἐνδύματα
482 2003 669 2041 λαμὸάνομεν,
694 2003 739 2031 καὶ
759 2003 838 2037 πολὺς

68 2047 238 2077 ἀναλίσκεται
253 2047 351 2087 καιρός.

107 2092 183 2122 Ἐκεῖ
197 2094 224 2123 δὲ
239 2097 353 2123 τοιοῦτον
365 2093 450 2123 οὐδέν’
464 2094 545 2126 οὐδεὶς
559 2093 662 2129 οἰκέτην
674 2097 763 2124 καλεῖ·
777 2096 838 2124 ἕκα-

68 2151 127 2173 στος
142 2139 192 2179 γὰρ
208 2141 282 2179 ἀρκεῖ
296 2141 382 2179 ἑαυτῷ
391 2152 396 2157 ·
408 2141 436 2168 οὐ
458 2140 540 2168 ’δεῖται
553 2140 665 2178 ἱματίων
680 2141 798 2177 πολλῶν,
809 2143 838 2170 οὐ

68 2187 150 2215 δεῖται
171 2190 217 2215 τοῦ
236 2186 280 2215 τὸν
295 2186 375 2215 ῧπνον
391 2187 598 2220 ἀποτινάξασθαι
610 2210 617 2223 ,
635 2186 693 2216 ἀλλ’
710 2187 765 2226 ἅμα
779 2187 839 2222 τοὺς

67 2232 216 2272 ὀφθαλμοὺς
233 2232 345 2272 ἀνέῳξε,
358 2233 453 2273 καὶτῷ
476 2232 557 2262 πολὺν
575 2233 729 2273 ἐγρηγορότι
744 2233 836 2274 χρόνον

66 2278 205 2317 προσέοικε
224 2280 271 2313 τ’ἧς
296 2279 398 2318 νήψεως
422 2280 518 2308 ἕνεκεν.
532 2278 619 2308 αὈταν
633 2279 684 2319 γὰρ
705 2283 721 2315 ἡ
742 2280 838 2319 καρδία

657 150 700 171 ΑΒ
726 149 868 171 ΤΙΜΟἹῊ.

1546 133 1635 179 G7C“

895 207 984 237 omnia
999 218 1014 235 a
1031 206 1135 243 nidore,
1153 218 1167 234 a
1183 206 1324 245 sanguine,
1337 216 1351 234 a
1368 206 1491 244 turbis,a
1508 206 1635 240 tumultu,

893 265 907 283 a
932 252 1189 293 perturbationibus.
1206 253 1302 281 Portus
1326 258 1364 281 est
1380 251 1542 290 tranquillus
1560 264 1566 279 :
1589 262 1635 280 ceu

892 299 1037 329 luminaria
1052 305 1123 335 sunt,
1139 309 1153 326 e
1174 298 1285 327 sublimi
1313 298 1408 338 procul
1431 298 1637 327 adventantibus

898 147 975 170 CAP.
1008 146 1042 168 V.
1073 146 1189 168 tunuli.
1221 146 1291 168 XlV.

890 346 1007 374 lucentia
1028 358 1034 373 ε
1055 346 1083 374 111
1106 352 1187 385 portu
1212 345 1342 383 sedentes,
1358 345 1392 374 ad
1414 345 1637 384 tranquillitatem

890 402 967 420 suam
981 402 1072 420 omnes
1090 391 1241 428 attrahunt,
1256 402 1303 420 nec
1318 391 1409 420 sinunt
1425 401 1469 420 eos
1485 392 1532 430 qui
1549 403 1576 421 se
1590 403 1639 421 re-

890 437 1007 475 spiciunt
1019 437 1160 475 naufragia
1171 437 1295 476 pati,nec
1305 437 1465 476 permittunt
1475 448 1518 466 eos
1530 438 1557 466 in
1568 445 1638 466 tene-

888 481 945 510 bris
962 481 1066 520 degerc.
1082 482 1147 510 Illos
1168 482 1223 518 adi,
1240 483 1324 511 amice
1339 483 1448 522 excipe,
1464 483 1577 521 accede,
1593 494 1638 512 sa-

889 537 947 555 cros
969 527 1051 566 pedes
1074 534 1152 566 tange
1170 539 1177 555 t
1194 528 1280 556 multo
1300 529 1371 556 euim
1393 529 1580 558 honorabilius
1599 537 1639 558 cst

889 573 1000 601 illorum
1014 579 1122 611 tangere
1135 572 1225 612 pedes,
1242 584 1323 611 quam
1344 574 1459 602 aliorum
1475 575 1572 613 capita*
1588 575 1639 603 Dic

889 617 962 646 enim
978 618 1047 646 mihi
1061 630 1066 645 :
1083 618 1104 646 si
1120 625 1270 646 statuarum
1288 618 1369 657 pedes
1384 619 1496 656 quidam
1512 627 1636 659 tangunt.

889 664 953 702 quia
967 663 1082 692 formam
1095 663 1212 691 referunt
1228 664 1329 702 regiam
1343 676 1352 701 5
1366 671 1394 692 tu
1409 665 1478 702 ejus,
1494 665 1541 703 qui
1555 667 1638 694 Chri—

889 717 961 739 stum
978 709 1006 738 in
1024 719 1052 738 se
1077 709 1175 745 habet,
1198 709 1279 748 pedes
1303 720 1355 737 non
1379 716 1480 748 tanges,
1495 717 1524 738 ut
1547 711 1639 739 salvus

890 757 939 785 fias
954 756 967 783 Ξ)
982 755 1074 784 Sancti
1094 761 1156 783 sunt
1171 754 1253 794 pedes
1268 755 1320 792 illi,
1337 755 1441 784 etiamsi
1463 755 1530 785 viles
1547 769 1552 784 :
1572 767 1638 796 pro-

889 803 982 831 fanum
1000 808 1089 830 autem
1104 812 1137 830 ne
1152 808 1234 840 caput
1258 801 1369 840 quidem
1385 801 1569 831 venerandum
1589 810 1638 832 est.

889 848 974 878 Pedes
996 855 1150 878 sanctorum
1171 859 1268 887 magna
1285 856 1410 888 praestare
1424 856 1546 888 possunt.
1557 850 1636 885 Qua—

889 901 998 934 propter
1015 894 1132 934 puniunt
1151 894 1231 922 etiam
1252 905 1313 923 cum
1332 894 1471 934 pulverem
1488 895 1637 924 excutiunt.

865 949 870 955 ¹
890 942 958 969 Cum
976 940 1049 980 apud
1067 951 1113 969 nos
1131 941 1215 969 sancti
1233 941 1344 979 quidam
1360 948 1432 976 sunt,
1447 952 1480 970 ne
1497 952 1638 971 vereamur

890 987 948 1016 haec.
958 988 1052 1016 facere.
1065 987 1156 1016 Sancti
1167 997 1231 1016 vero
1248 995 1311 1016 sunt
1325 998 1416 1016 omnes
1430 988 1478 1026 qui
1493 988 1576 1017 fidem
1592 989 1637 1018 vi-

890 1041 998 1072 tamque
1009 1041 1108 1063 rectam
1118 1041 1225 1063 servant
1239 1046 1244 1061 :
1256 1034 1362 1062 etiamsi
1378 1034 1455 1073 signa
1466 1045 1518 1063 non
1529 1036 1635 1071 faciant,

891 1081 993 1109 etiamsi
1011 1080 1146 1109 daemonas
1167 1091 1219 1109 non
1238 1081 1350 1120 pellant,
1364 1081 1449 1110 sancti
1470 1089 1540 1110 sunt.
1554 1082 1637 1122 Perge

891 1128 926 1157 ad
944 1135 1096 1158 sanctorum
1114 1129 1286 1157 tabernacula
1302 1140 1308 1156 :
1323 1129 1399 1167 quasi
1419 1140 1434 1158 a
1452 1136 1523 1158 terra
1541 1130 1568 1158 in
1588 1141 1636 1159 cze—

891 1173 958 1209 lum,
971 1173 1007 1201 ita
1023 1173 1085 1201 licet
1102 1173 1136 1201 ad
1158 1173 1350 1206 monasterium
1366 1173 1451 1202 sancti
1468 1173 1521 1202 viri
1538 1175 1635 1203 confu—

891 1229 962 1257 gere.
977 1220 1037 1248 Non
1055 1219 1133 1248 vides
1148 1219 1205 1247 illic
1220 1230 1249 1247 ea
1266 1230 1325 1257 quae
1341 1219 1415 1248 domi
1433 1231 1439 1247 ε
1457 1220 1565 1248 omnino
1582 1231 1636 1259 pu-

890 1276 937 1294 rus
946 1273 984 1294 est
993 1266 1039 1294 ille
1054 1266 1152 1295 chorus
1169 1266 1324 1295 :silentium
1339 1266 1377 1294 ibi
1392 1266 1519 1305 quiesque
1530 1267 1616 1295 multa
1630 1279 1636 1294 :

890 1312 948 1340 illic
966 1323 1014 1341 nec
1028 1323 1117 1341 meum
1134 1322 1181 1341 nec
1195 1319 1272 1340 tuum
1292 1319 1339 1341 est.
1355 1312 1385 1340 Si
1402 1323 1464 1341 vero
1478 1313 1538 1342 istic
1558 1313 1638 1342 etiam

890 1368 943 1386 uno
963 1357 1007 1387 die
1027 1358 1070 1388 vel
1090 1357 1174 1387 biduo
1194 1358 1332 1393 manseris,
1350 1365 1412 1387 tunc
1427 1359 1557 1398 majorem
1577 1370 1639 1388 sen-

890 1403 938 1431 ties
963 1403 1140 1443 voluptatem.
1165 1403 1231 1432 Dies
1255 1403 1382 1440 advenit,
1402 1404 1457 1432 imo
1478 1411 1540 1433 ante
1565 1405 1638 1434 diem

888 1449 976 1488 gallus
992 1450 1111 1478 cantavit
1128 1462 1134 1477 z
1151 1460 1237 1488 neque
1256 1449 1294 1478 ihi
1312 1456 1340 1478 ut
1359 1449 1433 1478 domi
1447 1461 1489 1479 res
1504 1451 1637 1488 sehabet,

889 1495 936 1523 ubi
951 1495 1091 1524 domestici
1106 1502 1232 1533 stertunt,
1246 1496 1334 1534 januae
1348 1495 1444 1524 clausae
1457 1503 1531 1534 sunt7
1545 1507 1637 1526 omnes

888 1541 1001 1570 mortuis
1030 1542 1133 1570 similes
1159 1541 1318 1577 dormiunt,
1343 1541 1428 1570 mulio
1455 1542 1637 1572 tintinnabula

888 1588 985 1626 quatit.
1000 1588 1076 1617 Nihil
1100 1588 1138 1616 ihi
1154 1588 1243 1617 simile
1263 1599 1270 1624 ;
1292 1587 1339 1616 sed
1353 1588 1436 1616 simul
1460 1599 1551 1618 omnes
1576 1594 1638 1618 cum

886 1634 986 1673 pietate
1006 1644 1133 1663 somnum
1151 1634 1314 1673 deponentes
1330 1641 1459 1673 surgunt,
1471 1635 1586 1673 praesule
1604 1635 1638 1664 il-

887 1680 927 1708 los
941 1680 1100 1716 concitante,
1114 1687 1238 1718 stantque
1250 1690 1354 1708 sacrum
1372 1680 1561 1709 constituentes
1571 1681 1638 1710 eho-

888 1737 966 1762 rum,
982 1737 1130 1764 manusque
1150 1726 1241 1755 statim
1261 1725 1450 1763 extendentes,
1471 1737 1559 1755 sacros
1578 1727 1636 1766 hy-

888 1783 964 1801 mnos
975 1780 1082 1801 canunt.
1091 1774 1184 1811 Neque
1196 1773 1267 1801 enim
1276 1772 1389 1811 perinde
1398 1779 1477 1810 atque
1488 1783 1536 1802 nos
1544 1774 1637 1802 multis

888 1818 963 1847 horis
985 1829 1053 1858 opus
1073 1818 1174 1847 habent
1193 1817 1228 1846 ad
1246 1817 1440 1846 excutiendum
1462 1829 1587 1847 somnum
1611 1825 1637 1847 ct

890 1875 1022 1904 soporem.
1037 1865 1092 1893 Nos
1110 1865 1181 1893 enim
1196 1864 1277 1892 simul
1294 1871 1373 1902 atque
1391 1864 1574 1902 surreximus,
1591 1875 1636 1894 se-

889 1910 984 1940 demus
998 1910 1180 1950 expandentes
1193 1910 1325 1949 membra,
1337 1910 1371 1939 ad
1386 1917 1541 1940 consuetum
1556 1922 1635 1940 usum

890 1957 1035 1996 pergimus,
1048 1957 1112 1986 hinc
1126 1957 1221 1986 faciem
1238 1964 1263 1985 et
1278 1967 1374 1986 manus
1389 1956 1530 1986 lavamus:
1545 1965 1636 1997 postea

890 2003 991 2032 calceos
1003 2009 1028 2032 et
1041 2003 1199 2032 vestimenta
1212 2003 1374 2042 accipimus,
1386 2003 1555 2042 multumque
1568 2011 1634 2032 tem—

890 2049 963 2088 poris
977 2049 1130 2078 insumitur.

929 2095 959 2123 4.
977 2095 1037 2123 lllie
1058 2095 1128 2124 nihil
1152 2094 1240 2123 simile
1258 2107 1264 2123 :
1281 2105 1358 2124 nemo
1378 2095 1513 2124 famulum
1537 2102 1633 2134 vocat,

889 2141 1002 2180 quisque
1016 2141 1068 2170 sibi
1083 2141 1201 2176 sufficit,
1218 2152 1271 2170 non
1287 2152 1355 2181 opus
1371 2142 1452 2171 habet
1469 2142 1635 2171 vestimentis

891 2187 994 2225 multis,
1008 2198 1055 2216 nec
1066 2187 1119 2216 alio
1133 2187 1180 2226 qui
1196 2198 1320 2217 somnum
1334 2188 1451 2217 excutiat
1463 2200 1472 2226 3
1487 2188 1531 2217 sed
1543 2188 1634 2217 statim

891 2240 969 2272 atque
977 2234 1068 2263 oculos
1075 2234 1218 2274 aperuerit,
1226 2234 1261 2263 ob
1270 2234 1440 2263 sobrietatem
1452 2234 1549 2263 similis
1555 2234 1634 2263 vide-

893 2287 937 2309 tur
958 2280 982 2309 ei
996 2281 1042 2319 qui
1056 2281 1141 2309 multo
1156 2288 1274 2320 tempore
1286 2281 1420 2320 vigilavit.
1433 2280 1549 2316 Quando
1564 2281 1634 2310 enim

68 2323 105 2362 μὴ
127 2326 272 2363 βαρηθεῖσα
283 2330 336 2358 τοῖς
351 2325 442 2358 σιτίοις
459 2325 620 2363 βαπτίζηται
641 2326 714 2355 κάτω
724 2349 731 2363 ,
746 2328 773 2356 οὐ
787 2327 837 2356 δεῖ-
858 2335 874 2357 F
891 2337 937 2355 cor
951 2337 1003 2356 non
1018 2327 1086 2356 cibis
1100 2334 1274 2367 aggravatum
1294 2333 1319 2355 et
1333 2326 1490 2366 depressum
1510 2333 1548 2356 est
1561 2349 1568 2364 ,
1582 2337 1635 2356 non

102 2431 116 2443 ’f
134 2430 216 2462 [Fort.
230 2438 274 2456 τῶν
287 2432 401 2462 τοιούτων,
412 2430 449 2455 vel
465 2429 635 2463 recipiendum
659 2430 691 2456 de
702 2432 826 2456 sententia

70 2469 158 2494 Dunaei
169 2478 198 2493 ex
209 2478 288 2502 marg.
304 2469 382 2496 Savil.
398 2473 475 2496 αὐτοῦ.
489 2470 531 2496 Sic
544 2471 697 2503 Inter-pres]

104 2514 115 2526 ²
133 2507 216 2540 [Colb.
235 2512 271 2534 mci
281 2511 320 2541 οὐχ
331 2512 392 2544 ὁρᾷς,
407 2512 481 2544 Cumis:
493 2513 529 2536 ἐπὶ
541 2516 580 2539 τῆς
591 2514 660 2539 οἰκία,-
670 2513 761 2542 [Ξλέπειν
772 2513 827 2536 ἐστι’.

878 2433 908 2457 In
917 2437 1016 2464 recepta
1027 2431 1151 2463 scriptura
1161 2429 1256 2464 aliquid
1277 2435 1335 2462 post
1346 2433 1414 2460 οἰκίας
1426 2429 1549 2456 excidisse
1567 2429 1636 2456 tide-

880 2478 929 2504 tur,
942 2471 1000 2496 sort.
1017 2471 1094 2503 ὂπου-]
