1893 2860
79 957 164 979 Mauh.

78 988 115 1010 26.

195 957 219 980 6.

230 152 297 186 ‘292
568 150 596 171 5.
626 147 765 171 ,ΙΟᾸΝΝΙΞ
792 145 973 169 (ἶΙΗίϊὸΟὸΤ.

227 211 391 248 deferendae,
406 210 506 249 lepori,
521 209 619 243 danum
633 215 656 236 et
674 214 739 246 quot
751 209 871 247 jumenta
887 207 964 235 velo-

227 258 305 285 citate
319 257 416 296 pedum
430 255 539 283 mininie
552 254 703 283 vincuntur.
723 255 755 280 At
769 259 856 281 mutas
869 252 944 281 sedes
954 252 968 280 Ξ)
977 276 1000 294 25

1003 147 1158 170 auctum).

1188 148 1454 173 CONSTANTINOP-

1020 208 1064 236 καὶ
1080 208 1195 246 δορκάδι,
1211 209 1255 238 καὶ
1270 210 1317 239 δ’σα
1332 212 1384 239 τῶν
1395 211 1496 246 κτηνῶν
1509 211 1555 238 οὐκ
1568 210 1739 239 ἀπολείπεται
1751 213 1783 249 τῇ

1006 253 1149 294 γταχύτητι
1162 256 1214 283 τῶν
1225 256 1320 284 ποδῶν.
1337 255 1404 284 Ἀλλ’
1421 257 1582 294 ἀποδημεῖς;
1594 255 1663 283 Ἀλλ’
1677 256 1704 283 οὔ
1718 257 1784 293 μᾶλ-

228 305 331 331 Yerum
342 302 426 330 nihilo
437 301 498 340 plus
513 300 625 336 ι11111053
641 299 681 327 ha:
690 299 761 327 enim
776 299 881 327 facilius
894 309 967 338 pere·
988 304 1006 325 Δ
1020 299 1064 327 λον
1075 301 1126 328 τῶν
1141 302 1246 334 πτηνῶν
1257 312 1263 318 ·
1280 303 1363 329 ταῦτα
1377 301 1427 340 γὰρ
1443 301 1613 341 εὐκολώτερον
1626 301 1674 335 τὴν
1689 301 1787 335 ἀποδη-

229 349 385 386 grinantur,
412 357 441 375 ac
462 347 536 375 sedes
558 352 662 374 mutant
680 357 685 372 ε
703 356 756 374 11011
778 345 894 382 viatico,
917 356 969 374 non

225 393 353 432 jumentis
367 399 443 430 egent
465 413 472 427 ,
488 391 534 420 scd
547 391 583 419 ad
597 391 686 419 omnia
703 391 756 419 illis
776 390 818 419 ala
833 390 896 419 satis
910 397 948 419 est
961 402 968 418 :

229 438 284 466 haec
301 437 376 465 navis
385 459 393 473 ,
407 437 463 464 haec
475 437 627 475 jumentum
636 458 643 472 ‚
656 435 712 464 hmc
727 436 883 465 vehiculum
893 458 902 473 ‚
914 436 972 464 haec

229 489 343 518 ventus,
370 488 395 510 et
421 481 557 519 quidquid
577 481 654 509 aliud
676 481 806 520 postulari
829 488 918 519 queat.
936 483 971 509 At

229 534 304 555 acute
318 527 425 555 cernis?
440 537 532 557 verum
546 537 597 555 non
612 537 686 565 :eque
696 549 703 562 ,
719 533 798 565 atque
816 537 910 566 caprea
925 533 971 555 aut

229 574 329 612 aquila.
353 577 388 603 At
411 581 487 603 acute
505 574 584 603 audis
599 575 612 602 ἶ)
634 574 682 602 sed
701 574 792 602 asinus
807 574 920 602 acutius.
936 575 971 602 At

228 620 295 649 hene
306 620 419 649 olfacis?
431 631 526 649 verum
543 620 616 648 canis
632 619 742 648 minime
756 630 783 648 se
798 620 845 648 abs
861 626 886 648 te
898 620 969 649 vinci

229 668 339 706 patitur.
352 669 386 695 At
398 667 509 706 parandi
522 667 609 696 victus
618 667 762 695 artificium
774 674 844 695 tenes
853 668 866 695 Ρ
875 677 969 697 verum

230 713 346 742 sormicae
361 713 440 741 cedis.
455 716 487 741 At
499 724 595 741 aurum
607 720 692 751 gestas
705 713 718 741 ?
735 723 826 741 verum
841 723 892 742 non
908 713 970 741 item

230 766 309 797 atque
323 759 422 787 Indica:
438 759 564 788 sormicae.
577 761 612 787 At
623 759 723 787 sanitas
737 766 761 787 te
772 759 848 787 essert
858 759 872 787 Ξ)
886 759 972 787 multo

230 806 326 835 melius
350 806 438 834 brutis
463 805 642 834 animantibus
662 812 700 834 est
714 827 722 843 ‚
746 805 803 834 sive
825 806 971 834 bonitatem

230 852 354 887 habitus,
376 852 433 880 sive
456 851 637 891 parandarum
652 862 740 879 rerum
757 862 816 889 qua:
838 851 873 879 ad
887 851 971 880 vitam

230 897 330 925 faciunt
349 897 502 925 facultatem
517 904 617 936 spectes
633 909 639 924 :
656 907 708 925 non
723 897 769 925 illa
786 904 970 936 paupertatem

232 945 324 973 timent
342 956 347 971 :
365 945 508 982 Respicite
520 944 590 972 enim
601 966 608 980 ‚
627 943 729 981 inquit,
740 944 880 972 volatilia
893 944 969 981 caeli,

231 1001 294 1029 quse
315 1000 373 1018 non
392 996 509 1026 serunt,
530 1000 622 1028 neque
643 995 771 1023 metunt,
794 1000 886 1028 neque
900 999 969 1017 con-

229 1042 351 1075 gregant
372 1037 403 1063 in
424 1036 537 1063 horrea.
561 1034 651 1072 Ergo,
667 1034 787 1072 inquies,
811 1034 890 1062 bruta
915 1034 972 1073 ipsa

230 1082 307 1110 nobis
331 1081 514 1120 praestantiora
538 1081 611 1109 Deus
626 1079 756 1109 condidit.
778 1079 862 1109 Vides
873 1086 972 1118 quanta

230 1127 264 1155 sit
280 1126 504 1155 inconsiderantia
517 1126 529 1153 ἶ)
546 1125 639 1160 vides,
658 1136 738 1164 quam
753 1126 916 1164 negligenter
930 1136 972 1154 res

229 1173 444 1203 examinentur?
465 1173 555 1210 vides,
578 1180 707 1211 quantum
732 1173 801 1201 illud
823 1173 875 1210 sity
900 1173 973 1211 quod

230 1230 318 1248 rerum
338 1219 456 1258 ipsarum
469 1219 575 1258 pondus
592 1219 775 1247 examinatum
796 1219 872 1247 nobis
884 1218 973 1257 largi-

229 1272 272 1294 tur
282 1266 295 1293 Ξ)
308 1266 357 1294 Ille
366 1266 412 1304 qui
423 1276 476 1305 prce
492 1265 616 1294 omuibus
628 1265 784 1294 hominibus
798 1276 907 1304 magnos
918 1267 972 1305 spi-

228 1312 296 1340 ritus
309 1312 445 1347 sumebat,
458 1312 501 1340 vel
515 1311 602 1340 brutis
612 1311 693 1340 vilior
704 1322 759 1340 esse
771 1312 908 1340 convictus
920 1320 970 1341 est.

229 1357 280 1386 Sed
302 1369 348 1386 1105
373 1358 396 1386 ei
420 1368 575 1396 parcamus3
600 1368 684 1396 neque
706 1358 794 1396 ipsum
819 1358 971 1394 imitemur,

230 1414 313 1442 neque
333 1405 394 1442 quia
416 1414 496 1442 supra
512 1410 608 1432 nostr-33
624 1410 724 1431 naturae
746 1404 927 1432 conditionem
938 1404 972 1433 de

229 1460 256 1478 se
279 1450 421 1488 magnifice
438 1450 532 1486 sentit,
546 1449 681 1488 dejectum
696 1449 775 1478 illum
791 1450 817 1478 111
832 1450 973 1478 brutorum

229 1495 322 1524 ordine
343 1496 430 1534 jacere
453 1495 606 1534 patiamur,
631 1495 678 1524 sed
697 1494 759 1523 inde
778 1495 867 1534 ipsum
881 1503 974 1524 extra—-

230 1541 327 1569 hamus
335 1547 417 1578 atque
428 1540 583 1575 evehamus,
597 1551 649 1568 non
661 1540 769 1578 quidem
781 1541 864 1580 ipsius
877 1541 972 1580 gratia3

230 1598 291 1616 nam
309 1587 354 1615 ille
373 1587 500 1625 quidem,
521 1587 566 1625 qui
583 1587 653 1615 hanc
677 1587 858 1615 conditionem
882 1588 976 1617 subeat

230 1633 329 1671 dignus
352 1639 391 1661 est
409 1644 416 1667 ;
438 1632 483 1661 sed
501 1639 529 1660 ut
549 1632 599 1660 Dei
613 1632 767 1660 humanitas
788 1633 926 1671 honosque
942 1634 976 1662 ab

230 1688 261 1706 eo
282 1677 358 1706 1101115
373 1678 488 1706 tributus
510 1677 715 1706 demonstretur.
733 1679 801 1706 Sunt
820 1679 901 1713 enim,
915 1686 977 1707 sunt

231 1725 339 1753 omnino
353 1725 491 1763 quaedam,
508 1725 535 1753 in
558 1725 656 1763 quibus
671 1725 739 1753 1111111
752 1725 838 1754 brutis
852 1726 974 1755 animan-

232 1771 302 1799 tibus
315 1771 454 1799 nobiscum
467 1781 606 1799 commune
616 1778 663 1799 est.
678 1771 807 1805 Quaeuam
827 1772 907 1800 haec?
920 1773 978 1801 Pie—

233 1823 271 1844 tas
282 1839 288 1851 ‚
304 1823 328 1844 et
350 1817 405 1845 vita
428 1816 523 1845 virtuti
548 1827 705 1855 congruens.
719 1817 780 1855 {Hic
794 1828 845 1846 11011
860 1825 934 1857 potes
949 1818 975 1846 in

232 1862 353 1891 medium
373 1862 507 1891 adducere
531 1870 706 1900 scortatores,
724 1874 776 1892 non
792 1863 900 1900 molles,
923 1875 975 1892 non

232 1909 396 1947 homicidas,
417 1909 495 1947 longe
517 1909 588 1937 enim
614 1909 719 1938 abillis
743 1909 883 1938 distamus.
897 1910 976 1945 Quid

233 1966 296 1983 vero
310 1954 361 1982 hoe
375 1961 413 1982 est
424 1955 437 1982 ,⁹
460 1955 547 1982 Deum
568 1954 694 1983 novimus
705 1978 712 1991 ,
729 1955 813 1994 ipsius
827 1956 976 1994 providen—

233 2000 298 2028 tiam
315 2000 500 2038 agnoscimus,
521 2000 555 2029 de
581 2001 782 2029 immortalitate
798 2002 976 2041 philosopha-

235 2057 295 2074 mur
309 2058 314 2074 ι
332 2046 375 2075 hic
391 2046 487 2075 cedunt
502 2046 590 2075 bruta.
604 2048 643 2075 De
656 2047 813 2087 hujusmodi
829 2048 909 2076 rebus
925 2059 976 2077 non

234 2091 384 2120 haesitantes
395 2092 483 2120 sobrie
499 2093 626 2121 sentimus
643 2093 703 2121 :hic
717 2093 784 2121 nihil
798 2093 885 2122 brutis
900 2105 977 2122 com-

236 2147 315 2164 mune
330 2137 470 2166 nobiscum
485 2145 531 2167 est.
546 2139 616 2166 Nam
629 2150 689 2167 cum
704 2139 829 2167 omnibus
842 2139 896 2167 illis
912 2139 978 2168 infe-

236 2182 318 2210 riores
332 2182 416 2211 simus
426 2206 434 2220 ,
454 2183 487 2212 iis
505 2191 592 2212 tamen
609 2184 780 2223 imperamus.
794 2185 825 2213 In
841 2185 892 2213 hoc
907 2184 977 2213 enim

236 2235 321 2256 exstat
343 2229 447 2268 imperii
468 2229 642 2268 magnitude,
657 2230 728 2268 quod
750 2230 814 2269 ipsis
829 2230 975 2265 inferiores,

1022 344 1084 381 μίαν
1106 349 1238 374 ποιεῖται·
1254 347 1299 374 οὐκ
1318 346 1424 385 ἐφοδίων
1441 347 1537 383 δεῖται,
1557 348 1610 376 οὐδ’
1626 345 1785 384 ὑποζυγίων,

1023 391 1080 418 ἀλλ’
1097 392 1171 429 ἀρκεῖ
1185 391 1250 430 πρὸς
1268 391 1354 420 πάντα
1377 394 1462 425 αὐτοῖς
1476 392 1505 420 τὸ
1518 393 1622 431 πτερόν.
1637 394 1722 421 Τοῦτο
1742 393 1787 421 καὶ

1021 439 1092 472 ναῦς,
1103 440 1178 465 τοῦτο
1190 437 1234 465 καὶ
1247 436 1393 476 ὑποζύγιον,
1405 439 1481 466 τοῦτο
1492 438 1537 466 καὶ
1547 439 1646 477 ὄχημα,
1655 441 1731 467 τοῦτο
1743 438 1787 466 καὶ

1023 481 1126 519 ἄνεμος,
1141 482 1185 510 καὶ
1197 487 1247 510 πᾶν
1266 482 1316 511 ὅτι
1331 482 1361 511 ἂν
1384 483 1452 512 εἴποι
1465 495 1513 516 τις.
1525 485 1594 512 Ἀλλ’
1610 483 1652 516 ὀξὺ
1667 483 1787 522 βλέπεις;

1023 528 1080 555 ἀλλ’
1093 529 1142 566 οὐχ
1159 530 1194 560 ὡς
1207 528 1311 567 δορκὰς,
1323 529 1375 557 οὐδ’
1390 531 1425 561 ὡς
1439 528 1521 561 ἀετός.
1532 529 1600 557 Ἀλλ’
1614 529 1657 562 ὀξὺ
1671 530 1788 565 ἀκούεις;

1024 574 1081 601 ἀλλ’
1095 575 1108 601 ὁ
1119 574 1175 607 ὄνος
1193 573 1320 613 ὀξύτερον.
1334 574 1402 603 Ἀλλ’
1414 574 1554 614 ὀσφραίνῃ;
1566 575 1623 603 ἀλλ’
1637 577 1650 603 ὅ
1663 574 1731 603 κύων
1743 576 1789 603 οὔκ.

1023 619 1114 658 ἀφίησί
1129 631 1157 648 σε
1170 619 1246 648 αὐτὸν
1259 620 1406 658 παρελθεῖν.
1417 619 1496 648 Ἀλλὰ
1508 620 1658 658 ποριστικὸς
1669 615 1704 657 1113
1721 620 1788 649 ἀλλὰ

1022 667 1066 694 τοῦ
1079 665 1215 704 μύρμηκος
1229 666 1368 704 ἀπολείπῃ.
1384 665 1463 694 Ἀλλὰ
1475 670 1661 706 χρυσοφορεῖς;
1673 667 1730 695 ἀλλ’
1741 667 1790 705 οὐχ

1023 710 1116 747 οὕτως,
1131 713 1165 744 ὡς
1184 712 1207 740 οἱ
1224 711 1328 740 Ἰνδικοὶ
1353 710 1500 750 μύρμηκες.
1515 711 1621 750 ίΥγείας
1641 710 1668 740 δὲ
1687 710 1790 747 Eventu

1023 758 1113 796 πολλῷ
1134 757 1228 795 βελτίω
1243 759 1317 794 ἡμῶν
1337 756 1371 786 τὰ
1386 758 1478 795 ἄλογα,
1499 757 1544 785 καὶ
1564 756 1662 790 εὐεξίας
1680 758 1725 785 καὶ
1746 759 1790 785 τοῧ

1025 804 1142 841 εὐπορεῖν
1161 814 1166 819 ·
1192 804 1220 831 οὐ
1249 802 1361 832 δέδοικεν
1385 804 1471 831 ἐκεῖνα
1495 803 1595 831 πενίαν.
1620 802 1791 842 Ἔμὸλέψατε

1024 847 1090 886 γὰρ,
1108 848 1185 887 φησὶν
1194 870 1201 882 ,
1214 850 1249 880 εἷς
1265 848 1298 876 τὰ
1313 848 1419 876 πετεινὰ
1429 851 1474 876 τοῦ
1495 849 1612 888 οὐρανοῦ,
1624 848 1662 877 ὅτι
1678 849 1706 877 οὗ
1719 849 1791 877 σπεί-

1027 905 1127 933 ρουσιν,
1142 893 1198 922 οὐδὲ
1213 894 1365 931 θερίζουσιν,
1387 893 1445 922 οὐδὲ
1461 894 1614 932 συνάγουσιν
1630 896 1666 927 εἷς
1686 895 1791 929 ἀποθή-

1025 951 1081 972 κας.
1096 940 1215 974 Οὐκοῦν,
1231 938 1323 977 φησὶν,
1344 941 1419 976 ἡμῶν
1438 938 1471 966 τὰ
1487 939 1569 977 ἄλογα
1587 939 1721 979 κρείττονα
1735 940 1794 975 ἕδη·

1026 984 1183 1023 μιούργησεν
1205 986 1218 1012 ὁ
1240 983 1317 1015 Θεός.
1333 983 1415 1021 Ὁρᾷς
1435 983 1514 1012 πόσον
1533 984 1589 1012 ἐστὶ
1607 985 1637 1013 τὸ
1652 984 1793 1024 ἀπερίσκε-

1024 1041 1105 1066 πτον,
1119 1031 1180 1068 ὁρᾷς
1199 1029 1228 1057 τὸ
1244 1027 1429 1064 ἀνεξέταστον,
1445 1030 1515 1067 ὁρᾷς,
1531 1031 1547 1064 ἡ
1561 1031 1612 1058 τῶν
1629 1030 1792 1070 πραγμάτων

991 1075 1009 1098 C
1026 1075 1142 1108 ἐξέτασις
1160 1075 1219 1104 ὅσον
1235 1077 1298 1112 ἡμῖν
1312 1074 1465 1114 χαρίζεται;
1481 1074 1515 1103 Ὁ
1528 1075 1634 1104 πάντων
1649 1076 1793 1115 ἀνθρώπων

1027 1121 1107 1159 μείζω
1122 1122 1237 1160 φρονῶν,
1253 1120 1342 1159 εὑρέθη
1358 1120 1402 1148 καὶ
1420 1122 1471 1148 τῶν
1486 1120 1587 1159 ἀλόγων
1603 1121 1793 1161 ταπεινότερος.

1026 1167 1104 1196 Ἀλλὰ
1126 1165 1275 1205 φεισώμεθα
1291 1167 1385 1199 αὐτοῦ,
1399 1166 1444 1194 καὶ
1459 1167 1487 1194 οὗ
1502 1166 1681 1204 μιμησώμεθα
1703 1167 1792 1204 αὐτὸν,

1027 1213 1084 1241 οὐδὲ
1100 1212 1190 1248 ἐπειδὴ
1213 1214 1260 1247 τῆς
1282 1211 1413 1250 ἡμετέρας
1428 1211 1528 1251 φύσεως
1544 1213 1630 1250 μεῖζον
1653 1213 1793 1252 ἐφρόνησε,

1027 1258 1222 1298 καταγαγόντες
1237 1259 1311 1287 αὐτὸν
1327 1258 1371 1286 ἐπὶ
1386 1258 1433 1293 τὴν
1448 1259 1499 1286 τῶν
1515 1258 1616 1296 ἀλόγων
1629 1259 1712 1294 τάξιν,
1725 1260 1794 1299 ἀφή-

1028 1317 1131 1343 σωμεν7
1154 1305 1211 1332 ἀλλ’
1235 1303 1427 1341 ἀναστήσωμεν
1449 1303 1524 1332 αὐτὸν
1537 1306 1643 1341 ἐκεῖθεν,
1660 1306 1687 1334 οὔ
1703 1306 1735 1333 δι’
1750 1305 1795 1333 αὖ·

1028 1351 1071 1379 τόν
1086 1363 1091 1368 ·
1108 1351 1184 1383 αὐτὸς
1200 1350 1246 1389 μὲν
1262 1349 1311 1389 γὰρ
1325 1349 1395 1382 ἄξιος
1408 1353 1515 1378 τοιαῦτα
1530 1353 1637 1379 παθεῖν·
1654 1351 1711 1379 ἀλλ’
1724 1350 1767 1380 ἵνα
1778 1354 1794 1387 ἡ

1027 1400 1071 1425 τοῦ
1084 1398 1153 1425 Θεοῦ
1171 1395 1354 1435 φιλανθρωπία
1372 1395 1417 1423 καὶ
1430 1397 1446 1430 ἡ
1469 1396 1503 1428 εἷς
1524 1398 1594 1434 ἡμᾶς
1613 1397 1702 1436 δειχθῇ
1717 1398 1797 1435 τιμή.

1027 1442 1105 1470 Ἔστι
1117 1442 1182 1480 γὰρ,
1194 1442 1264 1470 ἔστιν
1278 1443 1303 1469 ἐν
1316 1437 1352 1474 οἷς
1362 1441 1435 1469 οὐδὲν
1449 1444 1512 1479 ἡμῖν
1526 1447 1642 1471 κοινωνεῖ
1656 1442 1689 1471 τὰ
1703 1442 1795 1481 ἄλογα.

1027 1488 1096 1516 Ποῖα
1116 1487 1146 1522 δὴ
1169 1490 1268 1524 ταῦτα;
1285 1487 1428 1523 Εὐσέῧεια,
1443 1487 1488 1515 καὶ
1509 1489 1522 1515 ὁ
1537 1489 1595 1515 κατ’
1614 1488 1708 1527 ἀρετὴν
1732 1488 1796 1526 βίος.

1026 1532 1157 1562 Ἐνταῦθα
1177 1534 1223 1561 οὐκ
1242 1532 1310 1572 ἔχεις
1324 1529 1434 1572 πᾶρνους
1455 1534 1550 1567 εἰπεῖν,
1567 1533 1624 1562 οὐδὲ
1649 1533 1796 1570 μαλακοὺς,

1028 1578 1085 1607 002}
1111 1578 1282 1617 ἀνδροφόνους
1302 1590 1308 1596 ·
1330 1579 1515 1617 ἀπεσχίσμεθα
1530 1578 1581 1618 γὰρ
1602 1580 1699 1608 αὐτῶν.
1715 1579 1751 1608 Τι’
1765 1579 1796 1615 δὴ

1028 1624 1104 1653 τοῦτο’
1117 1626 1187 1659 ἐστι;
1203 1625 1255 1653 Τὸν
1272 1625 1340 1653 Θεὸν
1358 1625 1448 1662 ἴσμεν,
1464 1624 1511 1659 τὴν
1532 1625 1656 1662 πρόνοιαν
1676 1625 1799 1664 ἐπιγινώ-

1029 1682 1126 1707 σκομεν
1147 1670 1194 1705 τὴν
1224 1671 1312 1703 αὐτοῦ,
1337 1670 1398 1709 περὶ
1423 1669 1564 1702 ἀθανασίας
1590 1672 1797 1710 φιλοσοφοῧμεν·

1029 1716 1223 1755 παραχωρείτω
1239 1717 1349 1745 ἐνταῦθα
1364 1715 1397 1744 τὰ
1412 1716 1503 1754 ἄλογα.
1523 1717 1582 1745 Οὐκ.
1602 1717 1798 1755 ἀμφισὸητήσει

1030 1761 1089 1801 περὶ
1104 1762 1202 1790 τούτων
1225 1764 1407 1801 σωφρονοῦμεν
1424 1773 1430 1778 ·
1453 1762 1564 1790 ἐνταῦθα
1580 1761 1653 1791 οὐδὲν
1666 1761 1699 1790 τὰ
1716 1763 1799 1801 ἄλογα

1030 1808 1113 1836 κοινὸν
1127 1808 1191 1846 ἔχει.
1208 1808 1319 1836 Πάντων
1333 1808 1385 1847 γὰρ
1403 1809 1488 1836 αὐτῶν
1506 1808 1670 1845 λειπόμενοι,
1685 1811 1798 1848 κρατοῢω

1031 1865 1078 1890 μεν
1095 1854 1190 1882 αὐτῶν.
1207 1853 1253 1881 Ἐν
1269 1853 1353 1892 τούτῳ
1364 1853 1415 1892 γὰρ
1433 1853 1528 1891 μείζων
1547 1855 1562 1887 ἡ
1584 1853 1668 1892 ἀρχὴ,
1685 1854 1726 1883 ὅτι
1740 1855 1797 1883 λει·

1030 1899 1141 1936 πόμενοι
1157 1900 1257 1933 αὐτῶν,
1276 1899 1450 1937 βασιλεύομεν
1471 1901 1555 1928 αὐτῶν
1567 1911 1572 1916 ·
1588 1899 1629 1928 ἵνα
1645 1899 1743 1938 μάθῃς,
1758 1899 1798 1928 ὅτι

1031 1946 1059 1972 οὐ
1081 1943 1111 1972 σὺ
1134 1944 1231 1972 τούτων
1257 1943 1354 1980 αἴτιος,
1370 1945 1428 1973 ἀλλ’
1445 1946 1458 1972 ὁ
1474 1944 1587 1980 ποιήσας
1604 1956 1632 1973 σε
1655 1945 1731 1980 Θεὸς,
1755 1945 1799 1973 καὶ

1033 1989 1109 2028 λόγον
1119 1989 1306 2029 χαρισάμενος.
1320 1989 1430 2025 Δίκτυα,
1446 1990 1563 2030 θήρατρα
1579 1991 1666 2021 αὐτοῖς
1680 1991 1798 2028 τίθεμεν,

1031 2036 1076 2064 καὶ
1098 2035 1266 2073 ἐμῧάλλομεν
1289 2034 1370 2069 αὐτὰ,
1385 2035 1430 2063 καὶ
1449 2036 1616 2075 χειρούμεθα.
1637 2037 1798 2076 Σωφροσύνη

1031 2083 1094 2120 παρ’
1110 2084 1188 2119 ἡμῖν,
1203 2080 1341 2115 ἐπιείκεια,
1355 2082 1483 2121 πραότης,
1497 2082 1643 2121 χρημάτων
1660 2082 1798 2122 ὑπεροψία.

1033 2127 1101 2156 Ἀλλ’
1125 2127 1216 2161 ἐπειδὴ
1237 2125 1267 2155 σὺ
1294 2129 1345 2155 τῶν
1368 2127 1583 2165 ἀπονενοημένων
1606 2139 1645 2159 τις
1668 2128 1703 2156 ὢν
1728 2129 1800 2158 οὐδὲν

1034 2173 1132 2201 τούτων
1149 2173 1229 2212 ἔχεις,
1247 2172 1355 2205 εἷκότως
1373 2172 1390 2207 ἢ
1403 2175 1454 2201 τῶν
1471 2172 1615 2211 ἀνθρώπων
1635 2175 1720 2211 μεῖζον
1735 2185 1798 2214 φρο-

1034 2224 1094 2253 νεῖς,
1113 2219 1130 2253 ἢ
1147 2220 1192 2247 καὶ
1207 2221 1260 2247 τῶν
1282 2218 1382 2257 ἀλόγων
1401 2219 1592 2258 ταπεινότερον.
1611 2219 1728 2254 Τοιαύτη
1749 2219 1800 2259 γὰρ

236 2283 346 2309 regnum
360 2281 445 2302 tamen
460 2275 486 2302 in
499 2275 556 2314 ipsa
569 2275 736 2311 obtinemus;
750 2283 779 2304 ut
791 2275 878 2304 discas
889 2286 941 2304 non
953 2283 978 2304 te
998 2271 1015 2294 F
1033 2268 1049 2300 ἦ
1067 2265 1178 2293 ἀπόνοια
1199 2265 1244 2293 καὶ
1264 2266 1279 2298 ἢ
1304 2263 1433 2303 θρασύτης
1447 2275 1452 2281 ”
1467 2263 1483 2298 ἢ
1506 2264 1641 2303 ἐπαίρεται
1664 2265 1732 2304 πέρα
1755 2270 1801 2295 '³0²3

237 2318 332 2347 harum
343 2330 432 2347 rerum
446 2331 502 2348 esse
514 2332 619 2349 causam
631 2343 639 2358 ,
655 2321 699 2349 sed
716 2323 802 2350 Deum
819 2322 865 2360 qui
880 2329 904 2350 tc
915 2332 976 2350 con-

237 2361 324 2399 didit,
344 2370 368 2391 ct
389 2364 517 2393 rationem
532 2366 644 2404 largitus
665 2373 714 2394 est.
733 2367 808 2395 Retia
823 2373 847 2394 et
869 2367 976 2405 laqueos

237 2407 291 2435 illis
307 2408 441 2437 tendimus
453 2432 461 2447 ,
479 2410 504 2438 in
521 2422 586 2448 quos
603 2412 659 2451 ipsa
676 2412 841 2451 impellimus
856 2419 879 2440 et
897 2412 975 2451 capi-

237 2463 306 2480 mus.
326 2453 474 2483 Moderatio
487 2457 556 2484 enim
572 2458 647 2485 nobis
661 2457 750 2493 adest,
763 2458 888 2496 aequitas,
906 2458 976 2486 leni·
987 2478 1009 2496 25

1032 2311 1146 2345 δέοντος,
1161 2310 1177 2345 ἢ
1198 2312 1368 2339 ταπεινοῦται
1391 2310 1471 2338 πάλιν
1487 2310 1598 2347 ὁμοίω;,
1614 2311 1728 2348 οὐδαμοῦ
1752 2312 1799 2346 τὴν

1031 2356 1195 2396 συμμετρίαν
1219 2356 1395 2395 φυλάττουσα.
1412 2355 1541 2393 Ἀγγέλων
1557 2356 1635 2394 ἐσμὲν
1658 2357 1707 2385 ἴσοι
1731 2357 1799 2386 κατὰ

1031 2406 1107 2432 τοῦτο
1120 2415 1125 2420 ·
1147 2402 1268 2441 βασιλεία
1290 2404 1353 2439 ἡμῖν
1369 2401 1545 2439 ἐπήγγελται,
1560 2405 1576 2437 ἡ
1594 2402 1661 2440 μετὰ
1684 2403 1799 2441 Χριστοῦ

1011 2448 1131 2496 ε,χορεία
1146 2447 1295 2486 Ἄνθρωπος
1314 2446 1480 2484 μαστίζεται,
1503 2447 1548 2475 καὶ
1568 2449 1618 2486 οὐχ
1637 2447 1797 2476 ὑποπίπτει·

238 2505 276 2526 tas
288 2520 296 2535 ‚
323 2500 494 2537 pecuniarum
517 2501 702 2541 despicientia.
727 2503 779 2532 Sed
802 2504 930 2542 quoniam
948 2511 975 2533 tu
996 2507 1014 2528 Α
1031 2499 1165 2538 ἅνθρωπος
1182 2497 1293 2526 θανάτου
1308 2500 1481 2535 καταφρονεῖ,
1504 2498 1533 2525 οὐ
1545 2496 1690 2536 τρέμει,οὐ
1714 2497 1798 2526 δέδοι-

238 2554 305 2570 unus
321 2555 353 2573 ex
365 2547 553 2584 arrogantibus
575 2558 618 2584 (ις,
634 2549 755 2587 nihilque
769 2550 866 2579 horum
882 2551 973 2589 habes,

1032 2561 1075 2578 κεν
1084 2572 1091 2585 ,
1105 2549 1150 2577 οὐκ
1165 2548 1264 2587 ἐφίεται
1277 2550 1320 2576 τοῦ
1333 2546 1457 2579 πλείονος.
1470 2546 1554 2576 “ssave
1565 2546 1621 2576 ὅσοι
1637 2546 1673 2584 μὴ
1686 2545 1798 2576 τοιοῦτοί
