1893 2860
416 131 449 153 lx
477 132 585 154 Evts'r.
616 131 638 153 l-

670 132 713 153 AD
740 132 865 154 Tttssssix
874 133 903 154 L·
933 133 1010 155 CAP-

1041 134 1075 155 V.

1571 125 1591 159 Cr

1622 127 1639 159 vt

1107 134 1222 157 timui..
1254 136 1287 156 ἴ.

370 313 505 342 OMIMA
529 312 553 341 ι’,

78 402 239 443 Ἐρωτῶμεν
260 404 286 432 δὲ
302 405 387 442 ὑμᾶς,
404 405 529 444 ἀδελφοὶ,
543 404 637 434 εἰδέναι
654 404 711 438 τοὺς
733 408 845 434 κοπιῶν-

118 461 165 483 τας
186 452 213 479 ἐν
227 451 300 488 ὑμῖν,
315 450 359 478 καὶ
372 450 579 489 προϊσταμένους
595 452 668 488 ὑμῶν
690 453 716 479 ἐν
740 452 846 491 Κυρίῳ,

118 497 163 525 καὶ
177 499 362 528 νουθετοῦντας
377 499 460 534 ὑμᾶς,
483 496 528 525 καὶ
541 499 663 533 ἡγεῖσθαι
678 496 768 529 αὐτοὺς
781 496 847 536 ὑπὲρ

118 545 274 580 ἐκπερισσοῦ
299 543 324 570 ἐν
346 542 436 582 ἀγοί-,τῃ
458 542 500 571 διὰ
514 542 543 571 τὸ
558 542 633 581 ἔργον
647 543 732 570 αὐτῶν
745 554 751 560 ·
769 544 845 580 εἰρη-

116 588 204 617 νεύετε
216 590 242 617 ἓν
258 589 354 620 αὐτοῖς.

117 681 224 714 Πολλὰς
238 680 339 719 ἀνάγκη
354 680 397 709 τὸν
410 680 525 719 ἄρχοντα
539 680 552 696 ¹³
564 682 747 720 μικροψυχιῶν
763 681 845 719 ἀφορ-

80 729 131 768 μὰς
145 729 214 768 ἔχειν
227 740 233 746 ·
249 727 294 756 καὶ
308 727 427 766 καθάπερ
441 729 538 764 ἰατρῶν
549 728 642 759 παῖδες
654 727 740 756 πολλὰ
755 728 844 756 λυπεῖν

76 774 269 813 ἀναγκάζονται
283 772 341 806 τοὺς
355 774 504 811 κάμνοντας
513 795 521 808 ,
535 772 581 801 καὶ
593 772 665 801 σιτία
679 773 724 801 καὶ
739 773 846 811 φάρμα-

66 814 111 849 ’κα
125 820 376 853 κατασκευάζοντες,
389 819 487 853 ἡδονὴν
503 819 550 856 μὲν
561 818 608 846 οὐκ
621 818 729 857 ἔχοντα,
744 819 844 853 πολλὴν

76 866 104 894 δὲ
127 865 175 901 τὴν
201 865 329 905 ὠφέλειαν
340 877 346 882 ·
370 865 415 893 καὶ
439 865 558 903 καθάπερ
573 865 686 903 πατέρες
709 865 844 904 πολλαχοῦ

75 917 129 946 τοῖς
141 913 206 945 υἱοῖς
225 914 275 941 εἶσι
290 911 408 952 φορτικοί
420 923 426 928 ·
441 911 509 940 οὕτω
524 911 569 939 καὶ
581 913 604 939 οἱ
619 911 786 945 διδάσκαλοι,
800 912 844 940 καὶ

76 959 167 998 πολλῷ
184 959 294 996 μᾶλλον.
311 957 344 986 ‘O
358 956 404 995 μὲν
420 956 471 996 γὰρ
492 957 581 995 ἰατρὸς
593 956 642 984 κᾶν
655 957 719 995 πρὸς
735 957 778 985 τὸν
799 957 842 985 κά-

75 1015 176 1042 μνοντα
195 1003 396 1042 ἀπεχθάνηται,
408 1002 477 1031 ἀλλὰ
491 1003 555 1042 πρὸς
580 1002 639 1035 τοὺς
664 1002 846 1042 προσήκοντας

77 1051 148 1090 αὐτῷ
169 1050 214 1078 καὶ
236 1049 397 1085 ἐπιτηδείους
409 1049 465 1088 ἔχει
478 1048 562 1084 ἡδέως
571 1071 579 1085 ,
594 1048 640 1077 καὶ
653 1049 718 1088 πρὸς
728 1049 803 1078 αὐτὸν
817 1049 843 1077 δὲ

74 1096 203 1129 πολλάκις
215 1096 259 1125 τὸν
274 1096 422 1133 κάμνοντα·
438 1096 483 1124 καὶ
498 1097 511 1124 ὃ
526 1095 616 1135 πατὴρ
627 1094 655 1124 ’δὲ
668 1095 720 1124 ἀπό
743 1107 771 1124 τε
791 1098 844 1125 τῶν

74 1144 122 1177 τ’ἤς
135 1142 249 1181 φύσεως,
263 1140 315 1171 ἀπό
329 1153 357 1170 τε
371 1144 422 1170 τῶν
436 1141 523 1179 νόμων
538 1142 589 1169 τῶν
600 1140 690 1174 ἔξωθεν
703 1141 770 1178 μετὰ
781 1143 844 1170 πολ-

73 1189 122 1223 λῆς
135 1191 181 1224 τ’ἧς
192 1188 311 1220 εὐκολίας
324 1188 453 1227 κέχρηται
465 1189 497 1225 τῇ
509 1186 578 1216 κατὰ
589 1189 634 1215 τοῦ
648 1186 741 1219 παιδὸς
755 1188 825 1227 ἀρχῇ
837 1199 843 1204 ·

75 1233 124 1262 κᾶν
145 1234 242 1263 ἄκοντα
257 1233 386 1271 παιδεύσῃ
401 1232 446 1260 καὶ
462 1232 608 1270 ἐπιπλήξῃ,
622 1233 706 1265 οὗδεὶς
726 1235 739 1261 δ
753 1234 842 1262 κωλυ-

75 1292 138 1316 σων,
154 1281 212 1309 ἀλλ’
229 1279 288 1308 οὐδὲ
303 1279 380 1311 αὐτὸς
402 1281 498 1311 ἐκεῖνος
514 1278 670 1317 &vuele-{m
685 1280 841 1315 δυνήσεται·

74 1326 118 1355 ἐπὶ
131 1326 157 1355 δὲ
170 1330 214 1354 τοῦ
230 1325 320 1365 ἱερέως
334 1324 420 1359 πολλὴ
435 1327 451 1359 ἦ
463 1324 596 1353 δυσκολία.
612 1325 724 1363 Πρῶτον
740 1325 787 1363 μὲν
799 1322 841 1354 οὖν

73 1371 186 1401 ἑκόντων
201 1371 292 1411 ἄρχειν
310 1370 425 1410 ὀφείλει,
441 1370 486 1398 καὶ
499 1369 578 1408 χάριν
599 1371 670 1409 αὐτῷ
692 1373 740 1405 τῆς
758 1372 842 1410 ἀρχῆς

72 1417 178 1447 εἰδότων
188 1430 193 1435 ·
209 1420 285 1446 τοῦτο
299 1416 326 1446 δὲ
337 1417 384 1445 οὐκ
397 1417 433 1445 ἔνι
447 1416 602 1454 συμὸοιίνειν
618 1415 730 1455 ταχέως.
745 1416 779 1445 Ὁ
791 1418 842 1455 γὰρ

71 1464 243 1503 ἐλεγχόμενος
253 1463 298 1492 καὶ
309 1462 514 1501 ἐπι-τιμώμενος,
527 1457 578 1495 οἶος
589 1462 619 1489 ἂν
632 1457 665 1500 ᾗ,
678 1461 783 1496 πάντως
795 1463 842 1498 τὴν

71 1511 152 1550 χάριν
163 1510 250 1549 ἀφεὶς,
263 1512 384 1549 ἀπεχθῶς
397 1508 452 1548 ἔχει
461 1521 467 1526 ·
482 1507 608 1540 ὡσαύτως
622 1507 667 1536 καὶ
677 1509 690 1536 ὁ
701 1509 843 1548 παραινού-

75 1569 167 1596 μενος,
183 1557 227 1585 καὶ
243 1559 256 1585 ὁ
274 1555 472 1593 νουθετούμενος
484 1577 492 1591 ,
506 1554 551 1583 καὶ
571 1556 585 1582 ὁ
606 1555 843 1593 παρακαλούμενος

71 1603 186 1638 ποιήσει.
204 1601 249 1631 Ἂν
273 1602 339 1631 εἴπω
354 1601 449 1637 τοίνυν,
463 1600 592 1640 χρήματα
607 1599 720 1629 κε’νωσον
735 1602 771 1633 εἷς
785 1601 844 1635 τοὺς

71 1649 225 1688 δεομένους,
242 1648 354 1688 ἐπαχθὲς
367 1644 440 1676 εἶπόν
458 1659 484 1676 τι
497 1647 543 1675 καὶ
555 1646 677 1686 φορτικόν
691 1658 696 1663 ·
714 1646 745 1674 ἂν
761 1647 826 1676 εἴπω
837 1676 844 1688 ‚

71 1696 185 1726 κόλασον
207 1695 256 1730 τὴν
272 1694 365 1735 ὀργῇν,
380 1694 475 1723 σῧέσον
494 1692 538 1721 τὸν
557 1692 648 1730 θυμὸν,
672 1695 772 1721 παῦσον
796 1696 844 1731 τὴν

71 1743 170 1772 ἄτοπον
180 1742 331 1780 ἐπιθυμίαν,
341 1740 458 1779 ὓπότεμε
473 1741 520 1774 τῆς
530 1741 629 1778 τρυφῆς
645 1738 723 1778 μέρος
740 1742 845 1781 μικρὸν,

68 1788 157 1818 πάντα
170 1787 281 1828 φορτικὰ
293 1787 338 1816 καὶ
351 1788 465 1825 ἐπαχθῆ.
479 1786 535 1815 Κᾶν
545 1785 651 1813 κολάσω
668 1787 841 1824 ῥᾳθυμοῦντα,

68 1834 85 1869 ἢ
110 1837 157 1869 τῆς
183 1833 326 1868 ἐκκλησίας
354 1832 484 1871 ἀπαγάγω
495 1855 503 1868 ,
531 1831 547 1866 ἢ
572 1834 619 1866 τῆς
644 1835 732 1867 κοινῆς
760 1835 840 1873 εὐχῆς

69 1875 185 1919 ἀπείρξω
194 1902 202 1915 ,
215 1881 303 1917 ἀλγεῖ,
316 1880 344 1907 οὐ
358 1878 401 1906 διὰ
413 1878 443 1906 τὸ
454 1878 553 1906 τούτων
569 1879 700 1914 ἐκπεσεῖν,
712 1880 781 1909 ἀλλὰ
795 1881 838 1909 διὰ

68 1925 116 1962 τὴν
132 1925 221 1960 κοινὴν
239 1925 374 1964 αἷσήύνην.
399 1924 452 1953 Καὶ
471 1926 549 1952 τοῦτο
563 1924 615 1963 γὰρ
628 1927 675 1960 τ’ῆς
691 1926 767 1955 νόσου
781 1927 839 1955 ἐπί-

68 1984 158 2008 τασις,
173 1972 212 2000 ὅτι
226 1973 278 1999 τῶν
293 1972 478 2008 πνευματικῶν
492 1970 670 2007 κωλυόμενοι,
685 1972 713 2000 οὐ
729 1972 771 2000 διὰ
788 1973 836 2008 τὴν

69 2019 192 2057 στέρησιν
202 2020 253 2047 τῶν
262 2017 390 2046 τοσούτων
399 2017 503 2055 ἀγαθῶν
510 2017 648 2054 ἀλγοῦμεν,
658 2018 726 2047 ἀλλὰ
736 2019 779 2048 διὰ
789 2020 837 2055 τὴν

68 2066 120 2093 τῶν
135 2063 256 2104 ὁρώντων
268 2063 394 2101 aies-dvm
409 2074 415 2079 ·
431 2063 459 2090 οὔ
474 2062 628 2102 φρίττομεν,
640 2065 668 2092 οὗ
684 2064 837 2102 δεδοίκαμεν

68 2111 98 2140 τὸ
113 2115 234 2151 πρᾶγμα.
250 2109 301 2138 Διὰ
318 2112 394 2137 τοῦτο
420 2109 474 2137 ἅνω
496 2109 542 2136 καὶ
557 2110 630 2137 κάτω
656 2110 762 2143 Παῦλος
776 2112 837 2149 περὶ

66 2157 166 2186 τούτων
181 2155 267 2185 πολλὰ
289 2155 448 2193 διαλέγεται.
464 2154 516 2183 Καὶ
530 2157 544 2182 ὃ
559 2154 606 2192 μὲν
619 2154 733 2194 Χριστὸς
746 2156 838 2189 αὐτοὺς

68 2203 136 2242 μετὰ
148 2202 277 2237 τοσαύτης
289 2201 400 2235 ὑπέταξε
410 2203 456 2236 τῆς
468 2202 585 2239 ἀνάγκης
594 2224 602 2236 ,
613 2203 648 2234 ὣς
661 2202 742 2230 εἰπεῖν
755 2214 761 2219 ·
774 2202 838 2231 Ἐπὶ

67 2252 115 2285 τῆς
136 2249 270 2281 Μωυσέως
284 2248 411 2286 καῦέδρας
431 2247 554 2276 ἐκάθισαν
570 2250 593 2276 οἱ
613 2253 779 2287 γραμματεῖς
793 2248 838 2277 καὶ

69 2298 93 2325 οἱ
106 2297 261 2335 Φαρισαῖοι.
276 2294 369 2323 Πάντα
392 2289 446 2330 οὖν,
467 2293 516 2323 ὅσα
531 2294 561 2321 ἂν
578 2293 689 2332 λέγωσιν
715 2297 775 2332 ὑμῖν
789 2306 838 2329 τη-

103 2384 116 2403 b
135 2387 289 2417 ,Ὶῐικροψυχίκν
308 2381 348 2406 bic
367 2383 444 2406 animi
461 2381 626 2414 dejectionem
650 2388 675 2406 ct.
700 2383 826 2415 ignaviam

70 2428 179 2447 verterat.
191 2423 321 2446 nei-vetus.
337 2422 394 2445 tlaec
409 2422 500 2453 quippe
512 2430 561 2445 vox
581 2427 618 2445 est
631 2421 681 2445 sere
694 2427 828 2453 perpetuus

71 2463 234 2494 interpretum
247 2460 371 2493 scopulus.
386 2461 449 2485 Vere
467 2467 549 2485 tamen
568 2465 708 2495 ,υςκρο-ῤυὶα
725 2460 757 2485 ad
772 2460 829 2485 lite-

72 2510 125 2525 ram
137 2507 174 2526 est.
184 2501 392 2534 pusilimtimims.
405 2500 455 2526 Sed
471 2500 521 2524 sert·
535 2508 641 2533 semper,
655 2499 688 2525 ab
703 2500 828 2525 Ecclesia-

855 981 890 1000 495

1163 315 1321 345 HOMILIA
1345 317 1379 346 X.

901 405 969 434 Cn.
980 407 1017 435 V.
1033 417 1061 436 v.
1081 409 1128 438 12
1147 409 1292 447 Rogamus
1315 416 1413 438 autem
1435 421 1498 443 vos,
1512 411 1640 450 fratres,

942 458 973 480 ut
996 455 1134 482 noveritis
1155 464 1202 482 eos
1224 457 1274 493 qui
1289 456 1425 484 laborant
1440 458 1517 485 inter
1530 467 1594 491 vos,
1614 464 1640 486 ec

939 505 1070 534 proesunt
1094 501 1177 527 vohis
1196 502 1227 527 in
1248 501 1386 536 Domino,
1402 509 1429 530 et
1445 510 1562 531 monent
1575 513 1641 537 vos,

941 542 990 570 15.
1005 549 1031 570 et
1045 544 1178 572 habeatis
1188 545 1256 573 illos
1266 548 1465 576 abundantius
1477 550 1507 576 in
1519 551 1643 577 caritate

939 595 1058 626 propter
1068 599 1138 627 opus
1149 590 1264 618 illorum
1271 603 1282 625 ;
1289 602 1391 629 pacem
1403 594 1507 622 habete
1517 605 1581 623 cum
1593 597 1643 624 eis.

865 548 882 571 E

942 682 971 709 1.
987 680 1059 710 Fieri
1074 692 1126 710 non
1138 689 1224 722 potest
1239 690 1269 711 ut
1291 683 1337 722 qui
1358 690 1452 723 praeest
1470 695 1523 713 non
1545 687 1644 714 multas

900 726 997 756 habeat
1011 727 1179 757 simultatum
1189 729 1352 758 occasiones:
1364 737 1389 758 et
1399 730 1469 758 sicut
1483 731 1580 760 medici
1593 743 1643 760 ne-

900 782 971 801 cesse
983 773 1082 802 habent
1096 774 1122 802 in
1139 775 1232 803 multis
1244 775 1349 804 molesti
1364 786 1420 804 esse
1431 777 1548 814 aegrotis,
1561 784 1587 806 et
1601 778 1643 806 ci-

898 818 947 847 bos
961 825 988 847 et
998 819 1191 849 medicamenta
1200 828 1324 860 parantes
1335 832 1393 860 quae
1405 822 1571 862 voluptatem
1582 824 1644 862 qui-

898 864 961 893 dem
973 875 1025 894 non
1036 865 1146 903 habent,
1163 866 1209 896 sed
1221 867 1336 896 multam
1351 867 1496 896 utilitatem
1507 880 1515 906 3
1535 876 1560 897 et
1574 870 1645 898 sicut

864 914 880 936 F
899 917 988 950 patres
1000 912 1092 940 crebro
1109 912 1174 941 filiis
1189 920 1250 942 sunt
1262 913 1366 942 molesti
1380 926 1387 941 :
1399 914 1434 942 ita
1446 915 1528 944 etiam
1546 916 1643 945 docto-

900 967 952 994 res,
960 964 984 985 et
995 958 1079 986 multo
1087 959 1182 997 magis.
1195 960 1265 988 Nam
1280 959 1400 988 medicus
1415 961 1526 998 quidem
1538 962 1643 991 etiamsi

863 1010 882 1031 Α
899 1003 933 1032 ab
948 1004 1054 1041 aegrotis
1068 1004 1301 1041 habeaturodio,a
1313 1006 1431 1045 cognatis
1443 1013 1531 1035 tamen
1543 1015 1569 1036 et
1578 1019 1642 1047 pro-

898 1049 1007 1088 pinquis
1022 1050 1079 1089 ejus
1093 1050 1199 1090 placide
1213 1051 1366 1090 excipitur,
1380 1058 1407 1080 et
1422 1063 1491 1091 saepe
1504 1053 1538 1081 ab
1552 1064 1582 1082 eo
1596 1055 1644 1092 qui

899 1101 1055 1133 aegmtat:et
1070 1102 1144 1134 pater
1155 1107 1261 1135 quoque
1280 1103 1335 1125 tam
1351 1105 1446 1126 natura
1457 1109 1539 1136 quam
1550 1107 1644 1128 exter-

898 1141 941 1169 nis
954 1141 1037 1170 fretus
1052 1141 1156 1180 legibus
1172 1152 1269 1181 magna
1292 1143 1421 1172 facilitate
1443 1144 1529 1173 utitur
1552 1155 1601 1174 suo
1616 1147 1644 1175 in

898 1187 970 1216 filios
984 1187 1099 1227 imperio
1105 1199 1113 1224 ;
1124 1195 1150 1216 et
1164 1188 1186 1217 si
1199 1189 1317 1217 invitum
1331 1189 1501 1228 castigaverit
1513 1197 1539 1219 et
1551 1192 1642 1221 incre—

898 1235 1013 1274 paverit,
1028 1246 1105 1264 nemo
1128 1243 1167 1265 est
1186 1236 1384 1276 prohibiturus,
1398 1237 1445 1266 scd
1461 1249 1508 1267 nee
1530 1239 1576 1268 ille
1586 1241 1644 1280 ipse

898 1292 958 1310 eum
971 1281 1080 1310 audebit
1091 1293 1125 1310 ex
1138 1283 1249 1311 adverso
1261 1284 1380 1322 aspicere
1391 1295 1397 1311 :
1408 1284 1435 1312 in
1449 1285 1585 1315 sacerdote
1597 1297 1643 1315 au-

898 1333 952 1355 tem
965 1337 1061 1366 magna
1076 1335 1114 1356 est
1125 1327 1284 1357 difficultas.
1297 1332 1386 1367 Atque
1401 1330 1519 1369 primum
1532 1332 1643 1370 quidem

897 1372 976 1402 debet
989 1374 1120 1413 imperare
1131 1385 1162 1403 ac
1175 1385 1287 1413 praeesse
1302 1376 1466 1415 nolentibus,
1476 1379 1522 1416 qui
1538 1379 1561 1407 ci
1577 1389 1643 1417 gra—

898 1419 964 1448 tiam
974 1419 1091 1448 habeant
1104 1419 1176 1459 quod
1192 1421 1305 1460 imperet
1320 1433 1326 1449 :
1340 1422 1399 1450 fieri
1424 1431 1514 1452 autem
1527 1435 1578 1453 non
1594 1436 1643 1464 po-

899 1472 949 1495 test
965 1473 995 1495 ut
1009 1466 1061 1495 hoc
1073 1467 1125 1495 cito
1139 1467 1252 1496 accidat.
1270 1469 1340 1496 Nam
1354 1468 1401 1507 qui
1423 1471 1546 1509 arguitur
1558 1478 1583 1500 et
1599 1482 1643 1500 re-

897 1512 1086 1552 prehenditur,
1101 1513 1371 1553 cujusmodicumque
1386 1515 1439 1551 sit,
1454 1517 1564 1545 omnino
1576 1518 1641 1546 mit-

898 1565 957 1588 tens
968 1559 1066 1588 habere
1076 1559 1198 1598 gratiam,
1211 1567 1249 1588 est
1264 1560 1384 1589 infensus
1396 1573 1402 1590 ε
1416 1562 1538 1591 similiter
1562 1564 1642 1593 etiam

899 1604 978 1634 faciet
1002 1605 1024 1634 is
1044 1605 1087 1634 cui
1110 1605 1247 1643 suadetur,
1259 1607 1306 1644 qui
1334 1615 1458 1636 monetur
1477 1616 1501 1637 et
1521 1618 1641 1648 rogatur.

900 1650 930 1679 Si
943 1649 1034 1688 itaque
1052 1650 1159 1687 dixero,
1174 1651 1303 1680 Pecunias
1324 1658 1383 1681 tuas
1397 1653 1505 1682 effunde
1519 1654 1546 1682 in
1564 1665 1642 1693 egen-

900 1702 947 1733 tes,
962 1696 1022 1724 dixi
1037 1695 1102 1735 quid
1114 1707 1196 1735 grave
1208 1703 1233 1725 et
1244 1698 1404 1727 molestum.-
1414 1699 1437 1728 si
1452 1699 1558 1736 dixero,
1571 1701 1642 1730 Seda

899 1742 978 1778 iram,
985 1742 1067 1770 animi
1078 1743 1219 1781 exstingue
1229 1743 1358 1782 furorem,
1365 1745 1492 1773 nefariam
1505 1756 1642 1786 compesce

898 1788 1053 1825 libidinem,
1076 1799 1110 1817 ex
1137 1788 1242 1817 deliciis
1265 1789 1385 1827 aliquam
1398 1798 1502 1830 partem
1517 1800 1639 1831 amputa,

895 1841 958 1863 sunt
975 1834 1063 1862 onmia
1088 1835 1183 1872 gravia
1203 1842 1228 1864 et
1250 1836 1371 1864 molesta.
1387 1836 1422 1865 Et
1435 1837 1457 1865 si
1476 1838 1640 1877 castigavero

894 1880 1032 1909 socordem
1055 1886 1081 1909 et
1103 1881 1243 1918 ignavum,
1256 1888 1303 1909 aut
1317 1881 1457 1911 abduxere
1468 1883 1502 1911 ab
1515 1885 1638 1922 ecclesia,

893 1934 940 1955 aut
953 1927 977 1955 ei
991 1926 1181 1955 communibus
1207 1927 1333 1965 precibus
1359 1927 1540 1967 iuter-dixero,
1553 1931 1638 1968 dolet,

892 1982 945 2000 non
958 1971 1031 2010 quod
1044 1971 1078 1999 ab
1091 1971 1125 2000 iis
1138 1971 1281 2009 exciderit,
1294 1972 1341 2001 sed
1366 1981 1476 2013 propter
1497 1987 1640 2007 commuue

891 2018 1022 2058 probrum
1038 2029 1068 2046 ac
1079 2017 1204 2046 dedecus.
1221 2019 1292 2046 Nam
1307 2019 1359 2048 hoc
1372 2031 1478 2058 quoque
1497 2029 1535 2051 est
1551 2025 1640 2053 morbi

892 2064 1096 2095 incrementum,
1110 2063 1183 2102 quod
1196 2063 1328 2102 prohibiti
1343 2076 1357 2093 a
1372 2066 1571 2106 spiritualibus,
1584 2081 1638 2099 non

892 2110 1013 2139 dolemus
1025 2117 1135 2149 propter
1147 2109 1281 2138 bonorum
1295 2117 1432 2141 tantorum
1444 2114 1635 2152 privationem,

893 2155 939 2184 sed
966 2162 1076 2195 propter
1101 2166 1193 2184 eorum
1221 2156 1268 2193 qui
1296 2157 1388 2186 vident
1419 2159 1550 2198 pudorem
1563 2175 1568 2190 :
1582 2173 1638 2191 rem

893 2202 980 2241 ipsam
992 2213 1044 2231 non
1056 2202 1205 2238 horremus,
1216 2212 1263 2231 nec
1276 2203 1484 2234 extimescimus.
1495 2207 1638 2247 Propterea

893 2248 927 2276 de
934 2248 977 2277 his
986 2249 1086 2276 Paulus
1097 2248 1180 2276 multa
1188 2259 1286 2287 susque
1294 2249 1380 2288 deque
1390 2251 1506 2282 disserit.
1516 2253 1549 2282 Et
1563 2255 1639 2283 Chri-

856 2302 874 2324 1¹
895 2301 952 2323 stus
964 2294 1073 2332 quidem
1085 2305 1129 2323 eos
1143 2305 1204 2322 cum
1218 2302 1291 2323 tanta
1305 2296 1428 2326 subdidit
1442 2299 1594 2329 necessitate
1609 2308 1640 2330 ut

877 2382 947 2407 sticis
968 2383 1077 2407 maxime
1100 2382 1280 2415 scriptoribus,
1295 2393 1341 2416 pro
1360 2385 1502 2417 simultate,
1515 2388 1636 2418 dissidio,

878 2422 1044 2447 altercatione
1056 2423 1188 2454 accipitur.
1201 2422 1297 2447 Vitium
1309 2430 1393 2449 autem
1406 2425 1469 2450 illud
1487 2426 1544 2452 ideo
1557 2440 1638 2462 μικρο-

879 2466 948 2495 ψυχία
962 2467 1076 2492 vocatur,
1097 2461 1166 2494 quod
1185 2461 1217 2486 ab
1237 2461 1278 2486 illa
1298 2464 1402 2489 oriatur.
1423 2465 1458 2490 Ea
1475 2465 1507 2491 de
1528 2476 1553 2491 re
1574 2477 1637 2500 sepe

881 2509 1031 2525 momumus.

1451 2541 1498 2568 οδ.
