1893 2860
140 424 196 442 Curi.
205 421 242 448 39.
255 418 277 440 G.

134 1068 274 1090 Eri-[12:12.

289 164 378 210 65¹⁶

288 238 369 273 buzis,
383 236 430 265 scd
441 235 630 264 continentiam
642 242 667 263 et
676 235 851 265 honestatem.
868 237 1024 266 Formosam

289 289 313 310 tc
327 283 398 310 Deus
410 281 471 309 fecit
482 302 490 317 ,
503 287 532 309 ut
549 280 599 308 tibi
614 281 758 310 certamina
777 281 811 310 de
824 282 959 311 honestate
977 293 1025 310 au-

288 334 369 365 geret.
386 328 444 355 Non
460 337 509 366 pai·
523 337 564 355 res
584 333 638 363 est,
651 337 708 355 eam
720 338 780 366 quae
793 328 917 357 amabilis
931 335 970 356 est
984 339 1026 357 ca-

287 373 401 401 stitatem
411 383 524 407 servare,
533 379 557 401 et
569 383 626 400 ean]
638 383 696 411 qua·
708 384 722 401 a
733 373 806 402 nullo
817 374 960 413 appetitur.
972 376 1027 403 Au-

287 417 330 445 dis
346 417 412 456 quid
426 417 492 445 dicit
509 417 649 456 Scriptura
665 417 699 446 de
721 418 837 458 Joscpho
850 419 863 446 Ρ
878 420 966 455 Erat,
980 420 1027 448 in-

288 463 362 501 quit,
375 466 519 502 speciosus
539 469 567 491 et
589 464 709 492 decorus
730 471 858 503 aspectu.
881 465 954 500 Quid
979 475 1026 494 nos

284 511 363 549 juvat
377 509 470 539 audire
484 511 631 549 Josephum
646 511 726 539 fuisse
738 512 881 550 pulchrum
895 512 908 540 'x‘
920 513 957 541 Ut
970 514 1026 551 ejus

287 556 519 595 pulchritudinem
533 558 620 594 magis
634 556 799 586 admiremur
814 565 839 586 et
853 558 1025 587 honestatem.

288 601 328 630 Te
339 602 482 630 formosam
493 603 565 630 Deus
579 602 663 630 fecit?
675 613 722 631 cur
736 610 762 632 te
775 602 920 632 deformem
935 604 999 633 facis
1012 604 1025 632 Ξ)

287 648 446 677 sicutenim
469 649 492 677 si
511 648 572 686 quis
591 658 677 676 aurcae
700 655 794 677 statuae
812 649 900 678 lutum
915 650 1001 678 illinat
1017 661 1022 678 :

287 694 324 722 ita
339 701 400 722 sunt
414 694 467 723 illoe
484 704 542 732 quae
564 694 654 722 sucum
677 693 807 723 adhibent
831 707 837 722 :
861 702 959 723 terram
975 696 1025 724 tibi

287 739 368 768 infers
381 740 479 778 partim
492 739 679 777 rubicundam,
694 741 793 779 partim
805 740 958 769 candidam.
971 742 1025 770 Ve-

287 795 346 813 rum
359 796 417 823 quan
430 784 560 814 deformes
573 791 635 812 sunt
648 807 655 819 ,
675 785 788 822 inquies,
801 785 828 813 id
841 786 902 825 jure
916 786 1025 814 faciunt.

287 830 347 865 Qua
361 829 395 857 dc
409 840 501 865 causa,
515 829 559 857 dic
584 830 650 857 inihi
662 830 675 858 ἶ)
689 836 718 857 ut
740 830 936 860 deformitatem
951 831 1025 859 obte-

287 883 349 914 gant
361 876 374 903 9
386 875 440 903 scd
452 875 479 903 id
489 876 586 902 frustra
598 875 707 903 faciunt.
720 876 908 913 Quandonam,
925 888 1025 915 quaeso,

286 921 314 949 id
327 920 401 958 quod
412 921 532 948 naturale
542 927 579 947 est
590 920 624 948 ab
633 930 663 948 co
675 920 748 958 quod
759 921 849 949 studio
859 928 884 949 et
898 928 954 950 arte
964 932 1025 950 con-

286 966 378 994 ficitur
393 973 535 1005 superatur
546 966 559 993 9
575 965 650 1000 Quid
668 976 732 994 vero
747 967 856 995 omnino
870 967 1026 996 deformitas

285 1011 392 1040 moerori
407 1018 459 1046 est,
475 1011 496 1039 si
513 1011 612 1050 probro
627 1018 712 1039 careat
727 1011 740 1039 Ρ
756 1011 828 1040 Audi
839 1013 908 1041 enim
922 1013 1025 1052 sapien-

285 1063 338 1085 tem
359 1056 502 1095 quemdam
525 1056 658 1085 dicentem
677 1069 683 1084 :
699 1058 744 1085 Ne
761 1060 908 1096 ‘vituperes
926 1061 1026 1088 virum

285 1106 317 1133 in
335 1110 451 1143 aspectu
470 1113 522 1132 511⁰
537 1125 544 1139 ‚
573 1114 667 1142 neque
685 1104 854 1133 laudaveris
876 1107 974 1134 virum
995 1108 1026 1134 in

283 1152 376 1189 specie
386 1161 451 1179 sua.
476 1150 564 1177 Deum
587 1149 670 1188 igitur
684 1150 770 1189 magis
787 1150 922 1179 admirare
935 1152 1025 1180 artifi—

283 1206 340 1224 cem
354 1196 498 1235 optimum,
512 1205 565 1223 non
578 1202 667 1223 autem
687 1195 780 1231 illum;
794 1206 846 1224 non
863 1196 933 1224 enim
950 1197 1025 1226 illius

283 1247 321 1269 est
331 1251 407 1280 opus.
425 1239 505 1276 Quod
518 1240 604 1276 enim,
615 1250 705 1278 quaeso
717 1263 724 1276 ‚
747 1240 853 1269 lucrum
869 1251 903 1269 ex
914 1241 1024 1270 forma?

283 1286 409 1320 Nullum,
423 1285 469 1313 sed
484 1285 573 1324 plures
594 1285 772 1314 contentiones
782 1308 789 1322 ‚
808 1286 922 1324 majores
935 1287 1023 1316 mole-

283 1331 354 1367 stiae,
373 1331 508 1370 pericula,
529 1330 702 1369 suspiciones.
719 1331 788 1359 Eam
806 1331 876 1360 enim
891 1343 949 1370 quae
967 1343 1022 1361 non

285 1375 332 1403 tali
347 1373 443 1403 decore
463 1375 558 1413 fulget,
570 1384 647 1402 nemo
661 1382 810 1413 suspectam
829 1375 939 1403 habehit
952 1387 959 1402 τ
977 1375 1023 1404 illa

283 1430 347 1449 vero
363 1421 497 1457 formosa,
516 1420 567 1448 nisi
589 1430 685 1458 magna
705 1420 843 1449 honestate
857 1427 881 1449 et
893 1420 1022 1449 modestia

283 1471 375 1493 utatur
386 1487 394 1501 ,
415 1465 505 1493 statim
525 1465 552 1492 in
573 1465 671 1492 malam
686 1465 785 1493 samam
799 1465 918 1503 incidetj
933 1472 959 1494 et
981 1466 1023 1495 vir

284 1511 341 1549 ejus
355 1511 381 1539 in
402 1511 552 1549 suspicione
573 1510 652 1548 deget
673 1521 735 1539 cum
756 1511 802 1539 illa
819 1523 825 1538 :
840 1522 892 1549 qua
914 1522 942 1540 re
955 1512 1022 1550 quid

283 1556 421 1585 molestius
437 1556 492 1584 dici
514 1556 622 1595 possit?
637 1566 684 1584 nec
706 1563 806 1585 tantam
829 1567 863 1585 ex
887 1557 972 1585 forma
997 1564 1021 1586 et

283 1602 370 1641 specie
393 1602 450 1641 ejus
471 1601 599 1641 percipiet
625 1602 791 1640 voluptatem
801 1624 808 1638 ,
835 1609 964 1640 quantum
989 1614 1022 1632 ex

284 1648 415 1687 zelotypia
436 1657 584 1676 mcerorem.
607 1647 741 1685 Voluptas
758 1647 828 1675 enim
849 1658 884 1675 ex
907 1658 1022 1676 consue-

285 1693 379 1721 tudine
409 1693 564 1728 marcescit,
585 1691 652 1720 dum
675 1702 744 1720 uxor
768 1692 889 1721 lasciviae
899 1714 907 1728 ‚
931 1693 1022 1722 disso-

284 1737 395 1766 lutionis
406 1761 414 1774 ‚
437 1737 559 1766 libidinis
580 1743 672 1765 notam
697 1737 794 1776 accipit
811 1759 820 1775 ,
847 1745 927 1776 atque
950 1749 1024 1767 mens

284 1792 352 1810 vana
368 1788 392 1809 et
407 1781 552 1809 admodum
573 1791 699 1819 arrogans
716 1780 805 1809 evadit
823 1793 829 1808 t
845 1782 904 1810 haec
924 1782 1024 1822 quippe

284 1827 373 1855 omnia
385 1826 559 1865 pulchritudo
569 1836 658 1854 secum
670 1826 761 1854 trahit.
774 1827 805 1855 ln
817 1837 847 1855 ea
863 1834 951 1856 autem
965 1839 1024 1867 quae

283 1873 397 1901 formosa
410 1882 462 1900 non
476 1879 514 1900 est
527 1894 534 1907 ‚
547 1871 702 1910 hujusmodi
716 1871 904 1911 impedimenta
919 1883 971 1901 non
981 1885 1025 1902 re-

283 1918 379 1957 perias.
392 1919 485 1955 Neque
508 1917 580 1945 enim
597 1916 695 1945 adsunt
709 1927 786 1946 canes
809 1917 941 1946 irruentes
951 1930 960 1955 3
977 1919 1024 1948 sed

283 1965 331 1993 illa
341 1965 425 1994 veluti
438 1975 505 2003 agna
521 1964 548 1992 in
562 1964 650 2002 quiete
660 1964 787 2003 pascitur,
799 1964 863 2004 lupo
875 1965 950 1994 nullo
965 1972 1023 1994 tur-

284 2012 364 2040 bante
388 2011 432 2039 vel
458 2010 593 2039 insiliente
607 2033 614 2046 ,
645 2010 777 2039 assidente
808 2018 922 2050 pastore.
947 2012 1024 2040 Nihil

283 2057 375 2085 damni
389 2056 502 2084 insertur
513 2078 519 2090 ‚
533 2056 556 2084 si
568 2056 649 2084 altera
664 2056 789 2091 formosa,
803 2056 885 2085 altera
897 2067 950 2085 non
962 2058 1024 2086 talis

284 2102 378 2139 fuerit3
391 2101 436 2130 sed
452 2102 569 2130 multum
586 2101 679 2129 damni
693 2102 821 2139 insertur,
837 2102 859 2130 si
874 2103 955 2131 altera
969 2103 1023 2131 for-

283 2148 397 2181 nicetur,
411 2147 459 2176 etsi
471 2158 523 2176 non
537 2148 663 2182 formosa,
678 2147 762 2175 altera
774 2159 838 2177 vero
853 2148 970 2187 maligna
978 2149 1022 2179 sit.

284 2193 337 2222 Dic
355 2193 428 2222 enim
444 2193 524 2227 mihi,
547 2203 670 2231 quaenam
692 2199 730 2221 est
754 2193 842 2222 virtus
861 2194 1022 2223 oculorum.o

627 174 656 198 S.
684 173 824 198 JOANNIS
849 175 1031 199 CHRYSOST.
1061 175 1216 202 mictum).
1243 179 1509 203 CONSTANTINOP-

1077 239 1241 277 κοσμιότητι.
1259 241 1349 276 Καλην
1364 253 1394 270 σε
1407 243 1421 270 ὃ
1436 241 1527 274 Θεος’
1515 241 1648 276 εποίησεν,
1662 241 1705 269 ἵνα
1725 252 1765 270 σοι
1784 239 1843 274 τους

1076 287 1124 319 τ’ἦς
1143 285 1315 322 κοσμιότητος
1339 287 1432 320 ἄθλους
1456 286 1565 324 αὖξησῃ.
1583 288 1622 316 Οὖ
1637 286 1701 342 γάρ
1703 285 1799 315 ἐστιν’
1789 297 1842 314 ισον

1078 330 1221 369 ἐπέραστον
1243 333 1323 358 οὖσαν
1347 335 1505 370 σωφρονεῖν,
1526 343 1571 360 και
1591 333 1635 360 ὑπ’
1657 331 1757 364 0382qu
1771 342 1845 370 γενο-

1079 375 1159 414 μένην
1172 375 1364 415 περιμᾶγητον.
1380 375 1493 409 Ἀκούεις
1505 377 1530 405 τί
1545 389 1622 416 φησιν
1635 389 1651 412 η
1669 378 1690 405 l
1693 376 1761 416 ραφὴ
1784 375 1845 414 περὶ

1079 423 1123 449 τοῦ
1135 420 1252 460 Ἴωσηφς
1273 422 1312 450 ὅτι
1333 416 1386 449 ῗΗν
1403 423 1497 459 ὡραῖος
1519 422 1564 450 καὶ
1587 422 1665 455 καλὸς
1683 424 1716 460 τῇ
1736 422 1808 460 ὄψεις
1819 420 1846 449 τί

1078 469 1148 504 ἡμᾶς
1158 470 1232 495 τοῦτο
1251 466 1390 498 ἀκούοντας
1408 467 1502 505 ὠφελεῖ
1512 488 1520 501 ,
1537 467 1576 495 ὅτι
1595 468 1674 500 καλὸς
1685 463 1716 502 ἦν
1727 466 1825 505 Ἰωσήφ
1837 478 1845 502 ;

1079 512 1136 541 Ἵνα
1149 514 1247 551 μᾶλλον
1263 514 1339 541 αὐτοῦ
1354 512 1383 540 τὸ
1394 512 1489 544 κάλλος
1502 512 1676 550 Οαυμᾶζωμεν
1684 513 1729 541 καὶ
1738 512 1786 547 τὴν
1797 523 1844 541 κο-

1079 559 1219 596 σμιότητα.
1231 558 1359 593 Ἔποίησέ
1372 569 1400 586 σε
1412 557 1494 592 καλὴν
1507 560 1520 586 ὁ
1531 558 1615 593 Θεός;
1628 558 1654 586 τί
1667 558 1751 587 τοίνυν
1761 569 1843 586 κατα-

1078 604 1210 637 σκευάζεις
1234 604 1351 643 ἄμορφον
1381 603 1496 638 σαυτήν;
1511 602 1616 641 ’Ὠσπερ
1636 603 1687 641 γὰρ
1709 604 1739 631 ἂν
1761 603 1785 632 εἴ
1804 614 1842 635 τις

1046 656 1062 677 ΙΓ
1078 651 1168 688 χρυσῷ
1188 649 1321 687 ἀνδριάντι
1335 648 1479 687 ἐπιχρίσειε
1497 648 1581 683 πηλὸν
1603 647 1728 686 βορὸόρου
1739 670 1747 683 ,
1761 647 1843 680 οὕτως

1078 695 1143 723 εἰσὶν
1159 696 1185 722 αἱ
1206 698 1260 726 τοῖς
1279 693 1457 732 ἐπιτρίμμασι
1477 693 1654 732 κεχρημέναι·
1678 695 1746 731 ςγ’ἦν
1759 705 1844 721 κατα-

1078 740 1187 772 πάσσεις
1215 739 1312 774 σαυτὴν
1333 739 1381 774 τὴν
1403 738 1449 776 μὲν
1475 739 1609 777 φοινικῆν,
1623 738 1671 773 τὴν
1692 737 1720 766 δὲ
1738 738 1844 773 λευκήν.

1079 785 1147 814 Ἀλλ’
1165 787 1192 814 αἱ
1210 785 1339 824 ἄμορφοι,
1361 784 1456 824 φησὶν,
1477 784 1584 817 εἰκότως
1598 787 1675 813 τοῦτο
1689 783 1843 823 πράττουσι.

1036 853 1071 871 573
1080 831 1158 864 Τίνος
1173 831 1269 866 ἕνεκεν,
1286 830 1344 859 εἶπέ
1357 841 1418 868 μοι,
1433 830 1476 858 ἵνα
1490 829 1538 864 τὴν
1552 829 1683 868 ἀμορφίαν
1694 828 1845 867 κρύψωσιη

1045 883 1063 903 Α
1080 876 1158 905 Ἀλλὰ
1170 876 1282 911 ἀνόνητοι
1297 879 1413 905 πονοῦσι.
1428 875 1499 904 Πότε
1516 876 1577 915 γὰρ,
1591 875 1648 904 εἶπέ
1667 887 1712 913 μοι
1724 897 1732 910 ,
1747 875 1777 904 τὸ
1798 886 1846 913 φυ-

1079 922 1151 951 σικὸν
1171 922 1221 951 ὑπὸ
1235 925 1296 950 110ῦῖΙ
1316 924 1436 961 τεχνικοῦ
1459 921 1504 949 καὶ
1525 920 1758 957 ἐπιτετηδευμένου
1772 924 1844 948 νικᾶ-

1078 980 1138 1004 ται;
1155 968 1191 996 Τί
1205 967 1232 996 δὲ
1247 968 1312 1000 ὅλως
1326 969 1343 1001 ἦ
1359 966 1475 1005 ἀμορφία
1503 967 1596 1001 λυπεῖ,
1621 965 1682 994 ὅταν
1704 964 1784 1004 ψόγον
1806 964 1843 1002 μὴ

1078 1014 1144 1053 ἔχῃ,
1157 1013 1249 1042 Ἄκουε
1270 1013 1321 1052 γὰρ
1340 1015 1418 1051 σοφοῦ
1439 1023 1508 1044 τινος
1522 1011 1659 1049 λέγοντος,
1672 1009 1844 1048 Μὴᾼβδελύξῃ

1079 1061 1161 1098 ἄνδρα
1173 1060 1198 1088 ἐν
1219 1058 1308 1098 ὁράσει
1324 1059 1420 1093 αὐτοῦ,
1442 1057 1508 1095 μηδὲ
1531 1056 1635 1095 αἰνέσῃς
1660 1056 1743 1096 ἄνδρα
1758 1057 1784 1084 ἐν
1805 1058 1844 1095 τῷ

1079 1106 1170 1134 κάλλει
1193 1106 1271 1133 αὐτοῦ
1283 1115 1289 1121 ·
1306 1104 1404 1141 μᾶλλον
1429 1102 1475 1141 μὲν
1493 1098 1536 1131 οῧν
1561 1101 1629 1131 Θεὸν
1644 1101 1776 1139 θαύμασον
1799 1100 1844 1130 τὸν

1080 1151 1276 1190 ἅριστοτέχνην,
1288 1151 1384 1178 ἐκεῖνον
1395 1148 1421 1176 δὲ
1433 1148 1544 1186 μηκέτι·
1557 1149 1586 1176 οὖ
1600 1147 1651 1186 γὰρ
1664 1147 1743 1175 αὐτοῦ
1752 1146 1846 1186 κατόρ-

1079 1200 1155 1235 θωμα
1166 1197 1195 1225 τὸ
1205 1195 1352 1235 γενόμενον.
1368 1195 1448 1223 Ποῖον
1468 1193 1519 1233 γὰρ
1538 1193 1628 1232 κέρδος
1648 1193 1701 1222 ἀπὸ
1715 1192 1843 1227 κάλλους,

1077 1243 1135 1271 εἶπέ
1158 1254 1217 1280 μοις
1244 1240 1344 1275 offla,
1366 1239 1448 1268 ”ml
1473 1241 1571 1294 ἀγῶνες
1585 1238 1707 1272 πλείους,
1731 1237 1844 1276 μείζονες

1076 1288 1214 1328 ἐπηρειαι,
1233 1299 1277 1315 και
1292 1288 1316 1315 οἱ
1329 1285 1443 1314 κίνδυνοι
1464 1297 1510 1313 και
1528 1285 1555 1312 αἱ
1569 1283 1688 1323 ὑποψίαι.
1710 1283 1767 1318 Την
1795 1282 1843 1320 μὲν

1042 1344 1060 1366 Β
1076 1333 1128 1372 γὰρ
1139 1334 1167 1362 οὗ
1179 1332 1301 1367 τοιαύτην
1318 1331 1370 1360 060'
1393 1330 1423 1359 ἂν
1435 1329 1608 1358 υποπτεύσειέ
1629 1341 1685 1361 τις·
1699 1328 1785 1363 ὲιείνη
1800 1328 1843 1365 δὲ,

1076 1379 1106 1407 ἂν
1127 1392 1183 1417 μη
1175 1379 1260 1415 πολλῇ
1276 1389 1308 1415 τῃ
1321 1375 1477 1413 κοσμιότητι
1487 1387 1531 1403 και
1543 1376 1600 1412 μεθ’
1612 1369 1788 1413 ὓπερὸολῆςῗ
1770 1386 1788 1412 ῃ
1799 1385 1844 1402 κε-

1074 1425 1196 1464 χρηαένη
1205 1446 1212 1459 ,
1228 1424 1322 1455 εὐθέως
1336 1422 1436 1454 δέξεται
1454 1420 1530 1453 δόξαν
1541 1431 1674 1458 πονηραν·
1688 1431 1734 1449 και
1748 1421 1789 1448 δ’
1774 1419 1841 1458 ανὴρ

1075 1470 1101 1499 δὲ
1123 1471 1179 1507 μεθ’
1193 1467 1306 1507 ὑποψίας
1320 1470 1447 1500 συνοικεῖ,
1460 1477 1489 1493 ου
1504 1465 1531 1493 τί
1554 1465 1679 1503 γένοιτ’
1665 1477 1696 1493 αν
1716 1465 1842 1504 χαλεπώ-

1073 1525 1164 1553 τερον·
1174 1514 1202 1542 οὐ
1223 1510 1352 1545 τοσαύτην
1365 1510 1417 1539 ἀπὸ
1435 1521 1481 1544 της
1495 1509 1555 1541 θέας
1569 1508 1702 1546 κτώμενος
1714 1509 1762 1544 τὴν
1776 1509 1841 1544 ἡδο-

1073 1559 1130 1595 νὴν,
1143 1559 1202 1588 ὅσον
1225 1558 1278 1587 ἀπὸ
1300 1558 1347 1590 τῆς
1370 1555 1490 1588 ὑπονοίας
1518 1557 1664 1593 καρποῦται
1685 1554 1734 1590 τὴν
1745 1554 1840 1590 λύπην.

1074 1604 1180 1638 Ἔκείνη
1203 1602 1250 1640 μὲν
1264 1601 1314 1640 γὰρ
1330 1603 1362 1640 τῇ
1376 1599 1500 1639 συνηθείᾳ
1515 1599 1688 1639 μαραίνεται,
1700 1600 1841 1638 βλακείας,

1076 1650 1230 1688 διαχύσεως,
1242 1647 1377 1686 ἀσελγείας
1387 1645 1462 1678 δόξαν
1473 1644 1660 1683 λαμῧανούσης
1671 1646 1686 1661 *
1694 1647 1784 1682 αὐτῆς,
1793 1648 1842 1681 τῆς

1076 1696 1162 1734 ψυχῆς
1180 1692 1309 1732 βαναύσου
1328 1691 1480 1730 γινομένης,
1505 1690 1628 1723 ἀπονοίας
1650 1692 1750 1726 πολλῆς
1769 1692 1842 1727 πλη-

1078 1740 1215 1778 ρουμένης·
1229 1739 1294 1778 πρὸς
1307 1741 1390 1766 ταῦτα
1409 1737 1461 1776 γὰρ
1479 1736 1567 1765 πάντα
1593 1737 1692 1774 μᾶλλον
1707 1739 1724 1772 ἡ
1745 1739 1842 1778 εὖμορη

1042 1793 1059 1816 C
1076 1785 1122 1825 φία
1133 1785 1213 1813 ἕλκει.
1230 1784 1287 1819 Τὴν
1303 1785 1330 1812 δὲ
1344 1785 1373 1812 οὗ
1390 1782 1513 1816 τοιαύτην
1533 1783 1579 1810 οὐκ
1600 1781 1630 1810 ἂν
1645 1781 1765 1820 εὕροιμεν
1777 1785 1850 1812 πολ-Δ

1075 1831 1110 1860 λὰ
1129 1830 1162 1859 τὰ
1178 1829 1324 1867 κωλύματα
1338 1828 1450 1868 ἔχουσαν
1463 1840 1468 1845 ·
1484 1827 1545 1856 οὔτε
1557 1827 1608 1866 γὰρ
1622 1829 1646 1856 οἱ
1660 1828 1843 1863 ἐπιπηδῶντες

1075 1876 1149 1909 κύνες
1163 1875 1227 1904 εἰσὶν
1238 1898 1245 1910 ,
1267 1874 1351 1909 ἀλλὰ,
1371 1873 1491 1912 καθάπερ
1509 1885 1548 1905 τις
1567 1872 1670 1910 ἀμνὰς,
1693 1874 1720 1902 ἐν
1740 1873 1840 1913 ἡσυχίᾳ

1075 1923 1186 1960 πολλῇζ)
1175 1920 1310 1955 1όσκεται,
1325 1919 1425 1951 οὐδενος
1437 1919 1601 1957 ἓνογλοῦντος
1614 1917 1694 1946 λύκου
1709 1918 1792 1947 οὗδὲ’
1781 1931 1842 1948 επι-

1075 1967 1209 2002 πηδῶν-,ος
1220 1988 1228 2002 ,
1252 1965 1297 1993 ἅτε
1321 1975 1366 1992 του
1380 1975 1504 2001 ποιμενος
1524 1962 1747 2002 παρακαθημένου
1763 1965 1840 2004 αὐτῇ.

1075 2014 1133 2042 Οὐκ
1151 2012 1208 2040 ἔστι
1226 2009 1363 2042 πὶεονεξία
1376 2009 1406 2038 τὸ
1421 2008 1512 2048 ἑτέραν
1531 2007 1579 2046 μὲν
1593 2011 1660 2037 εἰναι
1674 2008 1774 2046 καλὴν,
1785 2009 1840 2038 ἑτέ-

1077 2071 1122 2099 ραν
1146 2057 1173 2086 δε
1199 2056 1236 2095 μὴ
1258 2055 1394 2090 τοιαύτην·
1409 2053 1546 2087 πλεονεξία
1564 2054 1620 2083 ἐστὶ
1638 2054 1668 2083 τὸ
1683 2054 1774 2094 ἑτέραν
1791 2054 1840 2094 μὲν

1074 2103 1207 2143 πορνεύειν
1221 2102 1265 2131 καὶ
1286 2100 1370 2136 καλὴν
1385 2100 1423 2139 μὴ
1445 2103 1535 2136 οὖσαν,
1551 2099 1642 2138 ἑτέραν
1656 2099 1683 2128 δὲ
1705 2096 1771 2129 εἶναι
1786 2112 1840 2129 πο-

1073 2161 1164 2189 νηραν,
1179 2147 1247 2177 Εἰπὲ
1263 2147 1315 2186 γάρ
1334 2158 1394 2184 μοι,
1409 2145 1448 2178 τίς
1469 2144 1549 2184 ἀρετὴ
1573 2146 1601 2174 6
1590 2146 1729 2184 θαλμων,
1748 2141 1841 2185 ἀρατὸ

1075 2194 1168 2234 ὑγρους
1178 2197 1246 2222 εἶναι
1258 2204 1303 2222 και
1318 2191 1470 2230 εὐστρόφους
1477 2202 1523 2219 και
1533 2190 1705 2247 στρογγύλρυς
1715 2190 1760 2219 καὶ
1772 2203 1840 2220 κυα-

284 2249 317 2268 an
344 2239 416 2278 quod
438 2239 532 2268 molles
542 2262 549 2275 ,
566 2239 719 2276 versatiles,
742 2240 853 2268 rotundi
872 2247 897 2269 et
911 2240 1020 2270 caerulei
1038 2253 1057 2275 D
1075 2252 1146 2274 νους,
1158 2239 1175 2274 ἢ
1187 2239 1216 2268 τὸ
1229 2238 1294 2271 ὀξεῖς
1308 2250 1353 2266 και
1367 2235 1542 2276 οιορατικούς;
1555 2235 1628 2275 Ἐγὼ
1639 2236 1687 2274 μὲν
1699 2235 1775 2265 τοῦτό
1791 2247 1840 2275 φη-

284 2286 336 2313 sint
347 2308 354 2322 ‚
365 2296 397 2313 an
410 2285 483 2324 quod
498 2285 570 2314 acuti
583 2295 614 2313 ac
628 2286 815 2324 penetrantes?
832 2286 890 2325 Ego
903 2287 954 2315 hoc
971 2298 1019 2326 po-

284 2338 410 2360 stremum
423 2331 551 2367 dixerim,
567 2338 647 2369 atque
662 2331 712 2360 hoc
723 2332 846 2371 exemplo
861 2332 1016 2371 liquidum:

317 2447 326 2457 t
344 2440 496 2472 [Legemlmn
507 2442 607 2466 ir'idelur
617 2448 644 2475 γῇ
660 2446 809 2471 navandae-1,-
821 2447 912 2473 ωωτῂν,
933 2443 978 2467 vel
997 2450 1037 2476 γῆν

285 2490 306 2502 a.
320 2483 398 2510 σαπῇ.
414 2478 539 2512 Dunaeus.]

317 2523 327 2533 ·
346 2516 405 2549 [Sic
427 2524 472 2548 pro
490 2518 580 2542 vitioso
597 2522 697 2550 τεχνιτοῦ
707 2518 830 2544 Commel.
843 2524 869 2544 et
887 2519 963 2544 Savil.
977 2520 1034 2545 Non

1075 2299 1105 2325 μι
1114 2307 1122 2321 ,
1131 2285 1175 2314 καὶ
1190 2284 1267 2319 δῆλον
1282 2284 1377 2312 ἐκεῖθεν
1388 2294 1394 2300 ·
1406 2281 1445 2315 τίς
1461 2281 1541 2320 ἀρετὴ
1557 2281 1668 2321 λύχνου;
1683 2281 1714 2311 τὸ
1728 2281 1841 2322 λαμπρὰ

1074 2331 1173 2371 φαίνειν
1191 2329 1236 2359 καὶ
1255 2333 1343 2358 πᾶσαν
1358 2327 1531 2367 καταυγάζειν
1541 2326 1591 2363 τὴν
1604 2327 1687 2357 οἰκίαν
1696 2349 1705 2364 ,
1717 2325 1736 2362 ἢ
1748 2327 1779 2356 τὸ
1791 2339 1840 2356 κα-

1085 2441 1150 2467 male
1162 2446 1245 2465 tamen
1257 2439 1330 2465 Colb.
1347 2439 1476 2472 texam-03]

1117 2481 1130 2499 b
1149 2479 1158 2513 [
1171 2477 1244 2503 Colb.
1258 2481 1310 2504 ἀλλ’
1319 2483 1402 2509 ἀγῶνες
1413 2480 1514 2509 μάλιστα
1521 2479 1616 2506 πλείους.
1627 2480 1718 2508 μείζους
1729 2479 1753 2502 αἱ
1764 2477 1814 2509 im]

1118 2520 1129 2532 ⁸
1147 2519 1154 2551 1
1165 2518 1224 2543 Vitii
1236 2517 1331 2550 aliquid
1344 2518 1370 2542 iu
1381 2516 1430 2541 hoc
1443 2516 1498 2541 loco
1510 2516 1588 2540 inesse
1605 2515 1728 2547 videtur-J
