1893 2860
99 1558 156 1577 llan-
169 1558 189 1577 'lt

100 1594 105 1595 ⁷
126 1589 156 1607 De
170 1589 240 1609 tribus

100 1627 147 1646 pue:
157 1621 182 1640 is.

109 2237 166 2256 0:¹¹1»
178 2236 200 2258 3.

251 191 296 230 74
597 200 624 215 >.
655 192 793 216 soumis
819 189 1000 213 eumsos‘r.

250 265 291 285 les
303 268 310 283 :
328 263 351 284 et
368 256 471 284 rinctus
483 255 566 282 fuerat
577 275 585 290 ,
604 253 684 290 idque
699 262 791 280 rursus
805 249 934 285 valde5in
945 249 984 276 in-

249 301 372 330 teriorem
387 301 456 329 enim
473 298 622 327 custodiam
630 309 689 326 eum
700 297 800 336 injecit,
811 296 891 333 idque
901 293 986 322 firmi-

249 354 288 375 ter
303 354 327 375 et
343 354 370 374 ut
382 353 445 374 esset
460 346 486 372 iu
504 351 571 372 tuto.
590 343 624 371 Et
639 354 700 372 eum
716 343 742 371 in
752 349 805 370 tam
819 341 910 369 mulus
921 346 986 368 esset

247 391 454 420 difficultatibus
464 413 470 421 ,
482 389 569 417 medin
593 396 668 418 noete
678 411 685 423 ,
702 388 808 427 quando
819 387 900 416 etiam
923 385 986 414 dor-

249 439 333 466 miunt
346 439 390 475 qui
411 437 488 465 valde
503 443 563 465 sunt
585 436 749 475 experrecti,
765 434 890 473 imposito
905 433 984 461 etiam

247 485 340 522 majori
356 484 463 513 vinculo
475 506 483 521 ⁷
502 493 595 522 nempe
611 493 717 517 somno,
736 481 865 509 canebant
883 487 908 509 et
924 479 985 508 lau-

247 530 344 557 ·labant
358 530 513 558 Dominum.
528 529 602 563 Quid
618 529 659 557 his
674 528 770 557 animis
794 527 874 555 fuerit
898 525 984 564 magis

247 576 447 604 zulamantinum
459 576 472 603 ἶ)
494 576 652 613 Cogitabant
676 575 747 613 quod
775 573 849 613 pueri
879 583 985 611 quoque

248 622 375 650 canebant
392 622 417 650 in
441 622 502 660 igue
521 629 546 650 et
569 622 595 649 in
612 622 737 649 fornace:
753 621 862 649 fortasse
876 625 984 657 reputa-

247 667 309 695 bant
326 667 443 695 dieentes
455 690 462 703 ,
477 668 530 695 Nos
545 667 614 695 nibil
628 666 717 694 adhue
730 666 782 694 tale
797 665 867 704 passi
883 675 983 693 sumus.

248 714 299 742 scd
309 721 376 741 recte
387 725 414 741 se
426 724 517 751 gerens
525 713 620 748 oratio,
628 723 675 741 nos
689 712 724 740 ad
735 712 787 740 alia
799 721 890 739 rursus
899 710 984 738 ahda<

248 759 288 787 xit
303 759 409 788 vincula
423 766 448 787 et
463 759 546 786 alium
562 768 704 786 carcerem.

287 806 314 833 8.
330 805 403 839 Quid
419 816 495 843 agam
506 805 519 832 ἶ)
532 805 592 833 volo
608 811 693 832 tacere
704 826 714 839 ,
735 803 779 831 scil
796 813 847 831 non
865 813 983 842 possum.

247 852 339 880 Alium
361 852 450 880 iuveni
475 861 605 879 carcerem
630 850 677 878 illo
700 849 944 884 admirabiliorem,
960 856 985 876 et

245 897 291 934 qui
306 897 431 935 majorem
446 897 521 924 affert
538 903 680 934 stuporem.
698 894 751 923 Sed
763 904 833 922 nunc
850 894 917 922 mihi
932 904 983 921 ex-

246 943 356 981 surgite,
370 949 504 980 tamquam
518 951 586 969 nunc
601 940 712 980 incipiat
723 940 816 975 oratio,
834 939 984 978 vegetisque
1005 948 1021 969 Γ

245 998 315 1015 nune
328 987 443 1015 accedite
454 986 558 1015 animis.
574 987 642 1015 Nolo
657 993 769 1024 coeptam
793 985 985 1023 interrumpere

246 1033 407 1069 orationem;
422 1043 451 1060 ea
466 1042 529 1061 vero
546 1043 597 1060 non
612 1032 685 1060 sinit.
703 1032 771 1059 Nam
783 1038 811 1059 ut
825 1031 901 1068 quis,
918 1030 985 1058 dum

245 1079 331 1115 bibit,
348 1089 399 1106 non
416 1089 508 1117 passus
521 1078 600 1105 fuerit
615 1077 776 1115 interrumpi
791 1099 797 1109 ‚
813 1076 946 1114 quidquid
961 1076 984 1104 ei

246 1124 412 1152 renuntietur
426 1136 430 1151 :
445 1123 479 1151 ita
494 1134 542 1161 ego
558 1133 663 1160 quoque
679 1122 844 1161 apprehenso
867 1121 986 1149 admira—

246 1170 294 1198 bili
310 1169 421 1198 carceris
435 1169 530 1208 poculo
547 1179 638 1197 eorum
651 1168 697 1206 qui
711 1167 793 1196 vincti
806 1173 866 1194 sunt
879 1172 987 1205 propter

246 1216 394 1253 Clu-istum,
409 1226 461 1243 non
473 1226 581 1254 possum
596 1224 763 1250 cessa1·e‚non
781 1223 888 1252 possum
901 1212 985 1241 silere.

247 1263 314 1290 Nam
332 1262 353 1289 si
369 1261 463 1300 ipsein
479 1271 582 1289 carcere
593 1268 618 1288 et
639 1267 714 1288 nocte
729 1270 781 1287 non
792 1258 866 1287 siluit
877 1280 884 1295 7
897 1268 945 1286 nee
959 1258 987 1286 in

247 1308 376 1345 flagellis:
392 1317 440 1345 ego
465 1307 548 1335 silebo
573 1306 666 1334 sedens
689 1316 750 1333 eum
767 1305 801 1333 sit
827 1304 899 1337 dies,
914 1311 940 1333 et
960 1304 986 1332 in

246 1353 332 1381 multo
347 1353 401 1381 otio
417 1353 526 1390 loquens
546 1359 571 1380 et
593 1352 697 1389 quiete,
713 1362 775 1380 cum
796 1350 848 1378 boc
862 1361 913 1378 non
938 1361 987 1377 usu

245 1399 349 1428 venerit
363 1399 395 1426 iis
404 1398 451 1436 qui
468 1398 549 1426 vineti
565 1421 571 1433 ‚
587 1397 632 1435 qui
648 1397 739 1435 flagris
754 1397 812 1424 eaesi
826 1397 949 1433 fuerant,
964 1402 989 1424 et

247 1444 333 1472 media
350 1445 447 1473 noete?
472 1444 551 1472 Pueri
577 1454 629 1472 non
652 1443 765 1471 silebant
785 1442 811 1471 in
840 1443 945 1471 fornace
964 1449 990 1470 et

249 1490 310 1528 igne
321 1512 329 1526 ,
343 1497 368 1518 et
381 1501 427 1517 nos
444 1500 495 1517 non
518 1489 629 1528 pudebit
644 1489 720 1517 silere
731 1489 743 1516 Ξ)
756 1488 904 1517 Videamus
928 1498 990 1525 ergo

250 1535 322 1562 bunc
336 1545 476 1563 carcerem.
492 1535 541 1563 llic
555 1544 661 1572 quoquc
675 1533 757 1563 vincti
777 1540 854 1570 sunt;
871 1533 916 1561 secl
933 1540 990 1561 sta—-

251 1582 299 1610 tim
307 1582 341 1609 ab
353 1581 462 1608 exordio
473 1580 660 1608 ostendebatur
670 1579 743 1618 quod
755 1590 806 1607 non
819 1586 903 1608 essent
914 1590 992 1608 uren-

250 1627 294 1664 di,
309 1626 354 1655 sed
375 1626 451 1664 quasi
471 1625 596 1654 intraturi
612 1627 640 1654 in
663 1636 805 1654 carcerem.
828 1626 883 1654 Cur
903 1633 991 1654 autem

250 1683 294 1701 eos
314 1672 400 1710 ligas,
418 1671 541 1709 quisunt
562 1669 758 1699 comburendi?
781 1671 871 1699 Vincti
895 1677 990 1706 erant,

251 1719 319 1747 sicut
340 1717 456 1754 Paulus,
473 1716 587 1755 pedibus
606 1723 630 1744 et
645 1716 769 1744 manibus
791 1727 796 1742 :
819 1715 904 1744 vincti
919 1723 993 1744 erant

252 1775 304 1792 non
320 1763 416 1793 minori
428 1763 467 1791 ira
479 1769 503 1791 et
513 1763 610 1791 furore.
622 1763 691 1791 Nam
704 1768 728 1790 et
745 1761 789 1789 ille
800 1761 891 1800 injecit
906 1761 933 1789 in
948 1761 993 1789 in-

253 1811 375 1839 teriorem
391 1809 558 1843 custodiam,
576 1816 602 1837 et
622 1809 685 1836 hinc
699 1808 778 1847 jussit
802 1807 881 1836 valde
901 1818 994 1836 aceen-

254 1858 282 1886 di
297 1858 439 1886 fornacem.
452 1855 504 1885 Sed
515 1854 653 1883 videamus
666 1865 723 1892 quae
743 1861 805 1882 sunt
819 1861 991 1892 consequuta.

255 1903 312 1932 lllis
325 1903 439 1942 hymnos
452 1901 609 1930 canentibus
630 1910 772 1928 concussus
785 1907 823 1928 cst
843 1910 951 1935 carcer,
969 1908 994 1928 et

254 1955 352 1987 apertae
364 1954 424 1976 sunt
436 1954 532 1986 portae:
548 1953 573 1974 et
587 1946 629 1974 his
645 1946 761 1985 hymnos
782 1946 937 1974 canentibus
952 1956 994 1974 so-

255 1994 310 2022 luta
325 2000 386 2022 sunt
402 1993 509 2022 vincula
521 1992 619 2031 pedum
633 1998 658 2019 et
673 2002 817 2028 manuum,
833 1999 939 2030 apertus
957 1998 995 2020 est

257 2050 361 2075 carcer,
376 2046 401 2067 et
416 2045 513 2077 apertae
528 2044 590 2066 sunt
602 2043 683 2076 portae
706 2037 820 2065 fornacis
840 2049 845 2065 :
870 2037 995 2065 sibilabat

257 2086 328 2114 enim
343 2097 385 2114 ros
406 2084 532 2124 SpirituS.
559 2086 751 2113 Verumtamen
767 2093 808 2111 me
829 2083 915 2112 multa
938 2083 995 2111 eir-

257 2132 407 2160 eumssuunt
419 2143 424 2158 :
436 2130 523 2159 nescio
531 2130 659 2168 quidnam
671 2129 789 2168 primum
803 2128 904 2164 dicam,
918 2129 995 2167 quid-

259 2188 319 2205 nam
332 2177 478 2205 secundum
493 2188 499 2204 :
516 2175 576 2203 ideo
599 2185 663 2213 rogo
686 2185 717 2203 ne
732 2175 791 2212 quis
812 2186 827 2203 a
842 2185 883 2203 me
906 2176 997 2213 exigat

260 2222 399 2259 ordinen13
415 2229 453 2250 est
472 2221 542 2249 enim
557 2231 647 2249 rerum
661 2220 745 2248 multa
762 2221 892 2258 cognatio.
908 2221 996 2249 Soluti

261 2268 379 2305 suutqui
401 2268 509 2295 cumeis
521 2267 603 2295 vincti
619 2267 739 2303 fuerant,
760 2266 806 2294 sed
826 2273 913 2295 tamen
934 2266 998 2295 dor-

262 2314 380 2342 miebant
393 2325 398 2339 :
416 2313 459 2340 hic
473 2320 560 2340 autem
575 2323 622 2351 pro
635 2312 666 2340 iis
686 2312 789 2350 aliquid
806 2312 880 2340 aliud
898 2313 998 2340 sactum

263 2366 318 2387 est:
333 2358 464 2386 combusti
479 2364 539 2385 sunt
555 2358 600 2394 qui
615 2368 657 2385 eos
676 2358 840 2396 injiciebant.
859 2357 912 2387 Sed
926 2357 998 2395 quod

263 2404 386 2434 volebam
408 2403 513 2439 dicere,
528 2402 598 2431 vidit
624 2403 723 2432 solutos
742 2414 789 2432 rex
802 2426 810 2441 ,
835 2410 859 2432 et
881 2410 941 2432 ante
955 2414 998 2432 eos

296 2506 303 2512 ⁶
321 2505 415 2535 [δίει-ς.

262 2542 367 2577 sav-:3351

439 2501 515 2527 Savil.
530 2505 593 2533 ἡμεῖς
605 2505 728 2533 ἀνεξόμεθα.
746 2508 806 2533 σιγᾷν
820 2506 841 2527 ἐν
854 2505 926 2528 ἀνέσει
945 2504 1017 2535 ὑπάρ-

1030 189 1046 210 A
1054 190 1184 213 ncmEP.

1213 190 1480 214 CONSTANTINOP-

1007 251 1025 273 E
1044 248 1170 288 v‹·'›tepov;
1183 250 1316 280 Ἐνενόουν
1333 251 1371 279 ὅτι
1393 251 1438 279 καὶ
1460 251 1483 278 οἱ
1504 250 1594 281 παῖδες
1616 250 1642 277 ἐν
1663 248 1727 286 πυρὶ
1745 244 1805 287 ᾖδον

1042 294 1086 322 καὶ
1101 296 1127 322 ἐν
1142 296 1245 334 καμίνῳ
1255 308 1260 313 ·
1276 296 1336 329 ἴσως
1351 296 1510 334 ἐλογίζοντο,
1527 295 1566 323 ὅτι
1580 297 1657 332 ἡμεῖς
1667 293 1737 322 οὐδὲν
1752 305 1806 321 τοι-

1043 343 1115 369 οῦτον
1130 340 1230 369 οὐδέπω
1244 341 1421 379 πεπόνθαμεν.
1436 340 1514 369 Ἀλλὰ
1528 342 1614 372 καλῶς
1627 341 1707 368 ποιῶν
1729 341 1742 366 ὁ
1764 338 1808 366 λό-

1042 397 1085 423 γος
1100 386 1135 418 εἷς
1150 385 1251 423 ἑτέρους
1263 387 1332 423 ἡμᾶς
1343 386 1421 415 πάλιν
1438 385 1556 425 ἐξήνεγκε
1575 385 1684 424 δεσμοὺς
1703 384 1747 414 καὶ
1763 385 1807 413 δε-

1043 430 1192 469 σμωτήριον
1209 430 1303 468 ἕτερον.

1081 804 1115 833 Τί
1134 804 1223 839 πάθω;
1249 802 1376 841 βουλοααι
1399 804 1523 842 σιγῆσαι,
1543 804 1601 832 ἀλλ
1627 805 1655 832 οὐ
1680 803 1804 842 ὃυναμαι.

1040 850 1150 890 Ἵῖτερον
1178 850 1355 888 δεσμωτηριον
1371 853 1443 887 εὗρον
1468 849 1565 878 ἐκείνου
1595 851 1683 888 ποὶλῷ
1703 852 1807 887 θαυμα-

1042 896 1164 935 σιώτερον
1195 907 1239 924 και
1264 896 1516 934 ἐκπληκτικωτερον.
1538 895 1614 924 Ἀλλά
1644 907 1688 934 μοι
1715 896 1807 924 διανοί-

1041 955 1136 978 στητε,
1159 945 1194 975 ὡς
1223 945 1265 970 ν’ὖν
1292 941 1437 981 ἀρχομένου
1464 946 1508 970 τοῦ
1535 942 1628 980 λόγου,
1650 942 1694 970 καὶ
1719 944 1807 979 ἀκμα-

1041 989 1144 1022 ζούσαις
1169 988 1325 1026 προσέλθετε
1350 992 1405 1019 ταῖς
1432 987 1566 1019 διανοίαις.
1598 987 1731 1024 Βούλομαι
1752 988 1808 1015 δια-

1041 1034 1120 1073 κόψαι
1139 1034 1182 1062 τὸν
1205 1033 1290 1071 λόγον,
1315 1033 1360 1061 καὶ
1384 1034 1431 1061 οὐκ
1451 1032 1582 1071 ἀνέχεται.
1607 1033 1733 1071 Καθάπερ
1756 1032 1808 1071 γάρ

1041 1092 1080 1112 τις
1101 1079 1197 1117 μεταξὺ
1222 1079 1304 1107 πίνων
1325 1079 1372 1106 οὐκ
1394 1077 1424 1105 ἂν
1443 1077 1586 1116 ἀνάσχοιτο
1606 1077 1742 1116 διακόψαι,
1757 1077 1806 1106 κᾶν

1042 1128 1125 1154 ὁτιοῦν
1138 1137 1176 1156 τις
1189 1123 1397 1162 ἐπαγγέλληται·
1413 1122 1480 1152 οὕτω
1490 1122 1565 1161 κάγὼ
1573 1125 1620 1158 τῆς
1633 1123 1738 1156 κύλικος
1749 1125 1807 1152 ἐπι-

1041 1170 1184 1208 λαὸόμενος
1198 1171 1246 1203 τῆς
1261 1170 1414 1206 θαυμαστῆς
1440 1171 1485 1196 τοῦ
1501 1168 1680 1207 δεσμωτηρίου
1698 1171 1750 1197 τῶν
1764 1169 1807 1197 διὰ

1018 1239 1026 1247 Γ
1044 1216 1154 1256 Χριστὸν
1171 1215 1323 1253 δεδεμένων,
1343 1216 1371 1244 οὐ
1397 1214 1512 1252 δύναμαι
1536 1213 1701 1250 παύσασθαι,
1715 1215 1744 1242 οὗ
1763 1214 1808 1242 δύ-

1043 1274 1124 1300 ναμαι
1140 1263 1257 1299 σιγῆσαι.
1273 1262 1305 1289 Εἰ
1319 1260 1370 1299 γὰρ
1388 1260 1464 1292 αὐτὸς
1487 1261 1513 1287 ἐν
1533 1260 1705 1299 δεσμωτηρίῳ
1719 1260 1763 1288 καὶ
1782 1261 1808 1288 ἐν

1042 1308 1115 1337 νυκτὶ
1133 1309 1180 1336 οὐκ
1192 1307 1326 1345 ἐσίγησεν,
1339 1306 1395 1335 οὐδὲ
1411 1307 1437 1334 ἐν
1453 1305 1583 1343 μάστιξιν,
1599 1305 1650 1344 ἐγὼ
1665 1306 1810 1344 σιγήσομαι

1043 1354 1190 1392 καθήμενος
1205 1353 1305 1392 ἡμέρας
1322 1352 1416 1387 οὔσης,
1436 1351 1503 1389 μετὰ
1524 1352 1623 1385 πολλῆς
1634 1353 1680 1385 τῆς
1701 1351 1812 1384 ἀνέσεως

1043 1400 1230 1440 φθεγγόμενος,
1247 1400 1298 1426 τῶν
1314 1397 1467 1435 δεδεμένων,
1483 1399 1534 1424 τῶν
1550 1396 1808 1435 μεμαστιγωμένων,

1043 1446 1094 1472 τῶν
1109 1446 1133 1472 ἐν
1151 1443 1217 1481 μέσῃ
1227 1442 1300 1470 νυκτὶ
1311 1444 1386 1470 τοῦτο
1403 1440 1438 1479 μὴ
1453 1440 1603 1474 παθόντων;
1615 1441 1650 1469 Οἱ
1658 1441 1749 1473 παῖδες
1761 1441 1807 1468 οὐκ

1045 1490 1137 1528 ἐσίγων
1149 1491 1174 1517 ἐν
1187 1488 1290 1526 καμίνῳ
1301 1487 1345 1516 καὶ
1357 1489 1382 1515 ἐν
1394 1485 1470 1525 πυρί·
1485 1486 1530 1514 καὶ
1540 1486 1552 1500 *
1564 1489 1640 1523 ἡμεῖς
1653 1487 1700 1514 οὐκ
1715 1487 1809 1525 αἰσχυ-

1044 1536 1140 1573 νόμεθα
1152 1537 1289 1573 σιγῶντες,
1304 1532 1416 1570 Ἴδωμεν
1429 1529 1471 1560 οὖν
1487 1532 1532 1560 καὶ
1546 1536 1621 1560 τοῦτο
1631 1531 1660 1559 τὸ
1672 1532 1811 1570 δεσμωτή-

1047 1595 1110 1620 ριον.
1119 1581 1265 1615 Ἔδέθησαν
1273 1579 1316 1608 καὶ
1329 1581 1449 1613 ἐνταῦθα,
1461 1579 1518 1607 ἀλλ’
1530 1578 1622 1610 εὐθέως
1632 1578 1676 1606 καὶ
1687 1579 1717 1606 ἐκ
1726 1589 1816 1617 προοι-

1048 1629 1113 1667 μίων
1125 1627 1268 1662 ἐδείκνυτο,
1282 1626 1321 1654 ὅτι
1336 1625 1381 1653 οὐκ
1394 1624 1502 1662 ἔμελλον
1514 1623 1650 1659 καίεσθαι,
1660 1624 1717 1652 ἀλλ’
1729 1625 1764 1656 ὡς
1779 1626 1814 1656 εἰς

1047 1674 1223 1712 δεσμωτηριον
1236 1671 1352 1700 εἰσιέναι.
1367 1670 1402 1699 Τί
1417 1670 1467 1709 γὰρ
1481 1671 1584 1707 δεσμεῖς
1598 1668 1657 1702 τοὺς
1671 1669 1813 1707 μέλλοντας

1049 1720 1230 1759 φλογιζεσθαις
1248 1717 1410 1752 Ἰζδέθησαν,
1430 1715 1515 1748 καθὼς
1530 1716 1652 1750 Παῦλος,
1676 1726 1721 1743 και
1734 1714 1816 1746 πόδας

1050 1760 1093 1788 καὶ
1108 1763 1212 1797 χεῖρας
1228 1758 1352 1792 ἐοέθησαν
1368 1756 1434 1794 μετὰ
1450 1755 1571 1784 τοσούτου
1593 1757 1685 1793 θυμοῦ.
1697 1753 1749 1782 Και
1765 1753 1816 1809 γὰρ

1050 1807 1145 1836 ἐκεῖνος
1160 1816 1195 1836 εις
1205 1803 1252 1838 τὴν
1264 1801 1393 1840 ἐσωτέραν
1405 1801 1483 1829 ἔὸαλε
1496 1799 1624 1839 φυλακὴν,
1633 1811 1678 1828 και
1689 1802 1761 1830 οὗτος
1773 1798 1816 1827 ἐπὶ

1050 1850 1116 1879 πολυ
1131 1861 1226 1884 >cot-qvam
1240 1847 1288 1883 τὴν
1305 1848 1414 1884 κάμινον
1430 1846 1572 1875 ἐκέλευσεν.
1588 1845 1657 1875 Ἀλλ’
1672 1844 1768 1881 ἴδωμεν
1783 1856 1816 1872 τα

1051 1896 1118 1934 μετὰ
1131 1899 1224 1924 ταῦτα.
1237 1893 1402 1931 Ἱ“μνούντων
1429 1891 1532 1920 ἐκείνων
1551 1890 1648 1919 ἐσείετο
1662 1890 1691 1918 τὸ
1712 1890 1816 1928 δεσμω-

1050 1943 1149 1981 τήριον,
1164 1941 1208 1969 καὶ
1226 1939 1395 1978 ἀνεῴχθησαν
1405 1939 1431 1966 αἱ
1446 1937 1534 1975 θύραι·
1547 1936 1592 1964 καὶ
1603 1935 1699 1964 τούτων
1709 1935 1817 1973 ὑμνούν-

1050 2000 1101 2017 των
1114 1987 1191 2021 ἐλύθη
1206 1986 1240 2014 τὰ
1256 1984 1340 2022 δεσμὰ
1355 1996 1400 2012 χαι
1415 1985 1467 2011 τῶν
1481 1982 1567 2011 ποδῶν
1582 1994 1628 2010 και
1640 1993 1691 2009 των
1705 1983 1816 2020 χειρῶν·

1052 2033 1173 2072 &vebs-’011
1186 2043 1216 2060 το
1240 2029 1431 2068 δεσμωτήριον,
1444 2039 1489 2057 και
1514 2027 1683 2066 ἀνευ-[θησαν
1700 2029 1727 2055 αἱ
1742 2025 1818 2065 θύραι

1051 2081 1098 2114 τῆς
1110 2078 1237 2116 καμίνου
1252 2076 1341 2115 δρόσος
1354 2074 1405 2113 γὰρ
1420 2073 1565 2111 πνεύματος
1581 2072 1734 2111 διεσύριζεν.
1748 2071 1818 2100 Ἀλλ’

1052 2127 1123 2164 ὅμως
1137 2123 1223 2153 πολλά
1239 2134 1271 2160 με
1286 2123 1415 2160 περιῤῥεῑ’
1431 2121 1477 2148 οὐκ
1498 2114 1555 2146 οἰδα
1570 2122 1643 2146 ποῖον
1655 2120 1722 2146 εἴπω
1744 2119 1819 2155 πρῶ-

1053 2185 1108 2206 τον,
1125 2168 1236 2199 ποῖονδε
1253 2167 1381 2205 δευτερον
1398 2165 1446 2194 Διὸ
1464 2165 1627 2204 παρακαλω,
1644 2163 1680 2201 μή
1696 2174 1728 2200 με
1746 2161 1820 2194 τάξιν

1054 2230 1092 2249 τις
1116 2214 1272 2244 ἀπαιτείτω·
1289 2211 1373 2246 πολλὴ
1389 2210 1439 2249 γὰρ
1454 2212 1470 2244 ἡ
1488 2208 1623 2247 συγγένεια
1635 2209 1686 2236 τῶν
1698 2207 1821 2246 πραγμά-

1055 2275 1115 2292 των.
1126 2260 1274 2295 Ἐλύθησαν
1286 2260 1309 2286 οἱ
1321 2254 1498 2293 συνδεδεμένοι
1510 2255 1596 2287 αὐτοῖς
1605 2277 1613 2290 ,
1624 2254 1669 2283 καὶ
1680 2254 1751 2291 ὅμως
1764 2253 1820 2282 ἑκά·

1055 2309 1157 2338 θευόον’
1175 2307 1283 2335 ἐνταῦθα
1306 2303 1332 2331 δὲ
1352 2302 1408 2330 ἀντὶ
1428 2301 1518 2329 τούτου
1539 2299 1641 2338 γέγονεν
1669 2299 1756 2339 ἕτερόν
1780 2311 1821 2328 τι·

1055 2354 1222 2388 κατεκάησαν
1234 2353 1256 2378 οἱ
1270 2348 1428 2386 ἐμὸαλόντες
1444 2346 1547 2378 αὐτούς.
1569 2345 1649 2381 Ἀλλ’,
1665 2345 1729 2384 ὅπερ
1745 2346 1822 2374 ἐδου-

1055 2402 1138 2439 λόμην
1156 2400 1246 2432 εἰπεῖν,
1265 2391 1317 2423 εἶδε
1331 2392 1499 2431 λελυμένους,
1512 2395 1523 2407 “
1537 2391 1581 2420 καὶ
1596 2391 1758 2430 προσέπεσεν
1773 2391 1820 2419 αὖ-

1099 2507 1108 2517 ³
1128 2500 1157 2522 In
1181 2497 1308 2527 Scriptura
1330 2502 1399 2518 sacra
1419 2501 1469 2516 non
1490 2491 1586 2523 legitur,
1605 2490 1673 2524 quod
1692 2496 1750 2515 ante
1770 2496 1818 2515 tres

1067 2546 1155 2569 pueros
1167 2532 1401 2560 Nabuchodonosor
1415 2529 1560 2563 proeiderit.
