1893 2860
79 1152 102 1180 ²2
115 1144 166 1166 Cor.
179 1143 201 1166 6.

80 1182 116 1204 ¹⁴·

239 161 304 203 ¹44
586 170 615 193 s.
642 170 781 192 sommis
807 169 986 192 cunrsosr.

1016 170 1035 191 Α
1041 170 1156 194 ncutEP
1162 185 1170 193 .
1198 171 1450 195 CONSTANTINOP
1457 187 1464 194 .

233 230 329 270 pudet,
343 231 388 259 sed
413 238 499 259 tamen
521 230 610 258 dicam
622 241 628 257 :
653 230 714 258 volo
737 230 808 258 enim
832 229 967 258 ostendere
977 250 1012 268 ‚25
1023 231 1219 269 παρατεθέντος,
1233 232 1319 271 ἔλεγε·
1333 233 1574 273 δράξασθε’παιδία,
1591 233 1628 272 μή
1641 245 1704 263 ποτε
1714 232 1784 274 ὄργι-

232 287 285 314 quo
297 277 422 316 processit
437 277 538 304 malum
551 297 559 312 ,
574 285 606 303 ue
616 275 709 304 videar
723 275 757 303 de
772 275 851 304 rebus
864 274 969 314 pusillis
988 277 1004 298 Λ
1023 278 1070 315 σθῇ
1083 276 1178 305 κοιλία.
1204 277 1256 306 Καὶ
1267 278 1345 306 πάλιν
1358 278 1440 317 ἕτεροί
1453 290 1529 317 φασιν
1541 290 1546 296 ’
1571 279 1628 307 οὐαί
1639 291 1680 308 σοι
1691 301 1698 313 ,
1714 291 1784 317 μαμ-

231 333 309 361 agere
321 330 345 350 et
359 322 393 350 dc
415 333 442 349 rc
461 321 548 359 aliqua
565 332 647 360 parva
665 320 810 356 disserere,
824 321 870 349 scd
886 328 915 349 ut
928 320 970 349 vel

231 369 271 397 sic
284 368 385 406 possim
399 368 432 394 :ib
447 378 535 395 errore
549 377 596 395 vos
607 366 747 395 abducere.
757 368 812 395 Nec
821 377 863 394 me
877 366 970 394 existi-

233 421 285 441 met
307 413 440 451 quispiam
461 413 579 451 lingere,
600 411 646 441 sed
670 412 758 440 dicam
778 423 837 450 quae
861 411 968 440 audivi.

232 459 296 486 Erat
310 458 420 496 quidam
435 458 507 497 apud
523 458 638 496 aliquem
655 468 689 486 ex
704 457 737 486 iis
748 480 755 493 ‚
770 458 815 495 qui
829 457 863 485 de
879 457 968 485 scien—

233 504 269 532 tia
283 503 431 541 gloriantur
445 510 470 531 ct
483 503 534 531 sihi
547 503 650 542 placent
664 514 670 530 ε
685 509 710 531 et
724 503 778 531 scio
802 502 911 540 quidem
925 502 970 530 su-

231 555 322 577 turum
334 556 363 577 ut
377 549 463 577 risum
486 560 607 577 moveam
620 571 628 585 ,
647 548 693 577 sed
715 555 802 576 tamen
824 548 930 576 dicam:
945 547 967 576 is

231 604 320 623 mensa
332 595 452 634 apposita
467 595 576 623 dicebat
590 606 596 622 ι
620 593 820 633 Apprehendite
830 593 922 633 pueri,
935 604 967 622 ne

230 640 337 678 quando
353 642 483 669 irascatur
497 647 596 669 venter.
619 640 655 668 Et
677 650 770 668 rursus
783 640 829 668 alii
851 639 965 668 dicunt:

231 687 281 715 Vae
294 686 358 723 tibi,
370 696 537 721 mammona,
551 692 576 714 et
596 686 619 714 ei
635 686 680 724 qui
698 692 724 714 te
739 696 791 714 non
812 685 893 713 habet
906 684 912 714 ἶ
932 684 966 713 Et

231 732 315 761 multa
328 732 458 772 ejusmodi
471 732 585 760 absurda
600 731 750 760 introduxit
759 731 908 760 scurrilitas
919 742 924 758 :
938 738 967 759 ut

231 778 338 815 quando
359 777 453 806 dicunt
467 789 472 804 :
498 778 581 807 Modo
603 788 655 806 non
679 784 717 806 est
742 777 885 815 generatio.
910 776 966 805 Hoc

229 823 290 852 dico
315 823 443 852 adversus
471 823 663 852 absurditatem
685 823 819 851 malorum
841 833 946 851 morum
958 834 964 850 ε

230 876 293 897 sunt
302 870 373 898 enim
384 870 441 898 hanc
457 869 539 898 verba
554 870 649 898 animm
663 869 772 897 desertae
794 879 809 896 a
827 869 925 908 pietate
935 879 966 897 ac

230 915 388 945 reverentia,
415 917 509 943 Annon
537 914 697 943 fulminibus
717 914 799 953 digna
827 921 888 942 sunt
908 914 966 943 haec

230 960 312 987 verba
321 960 334 987 .⁰
346 960 433 988 Multa
443 960 478 988 ab
488 960 530 988 his
537 960 617 988 etiam
625 959 676 988 alia
687 959 817 998 ejusmodi
826 959 879 988 dici
891 959 964 997 quis—

230 1004 304 1042 piam
335 1004 473 1032 invenerit.
497 1004 678 1038 Quamobrem
701 1014 766 1042 rogo
790 1011 819 1032 ut
845 1003 964 1041 undique

230 1050 300 1078 malo
310 1049 361 1077 hoc
373 1060 446 1078 more
459 1050 587 1088 expulso,
601 1049 648 1077 illa
659 1049 803 1087 loquamur
817 1059 875 1087 quae
886 1048 963 1077 nobis

230 1095 404 1131 conveniunt,
421 1101 446 1123 et
457 1105 490 1123 ne
503 1105 549 1122 ora
565 1101 655 1123 sancta
669 1094 812 1132 loquantur
825 1094 906 1123 verba
918 1094 963 1123 iu—

228 1141 340 1169 famium
351 1147 376 1169 et
387 1141 581 1169 obscoenorum.
606 1141 676 1178 Quoe
694 1146 737 1168 est
755 1142 831 1168 enim
845 1142 964 1178 justitia?
981 1143 999 1166 C

226 1189 412 1225 participatio
424 1197 489 1214 cum
510 1188 664 1224 iniquitate
673 1188 686 1212 ?
696 1192 748 1214 aut
762 1196 826 1224 quoe
843 1188 966 1215 societas

230 1233 288 1261 luci
304 1243 368 1261 cum
383 1233 506 1260 tenebris
518 1235 531 1259 Ρ
547 1231 617 1259 Bene
631 1231 701 1259 enim
711 1231 851 1259 nobiscum
859 1237 964 1269 agetur,

229 1279 250 1306 si
265 1289 326 1306 cum
341 1288 388 1306 nos
408 1278 442 1305 ab
457 1277 581 1305 omnibus
600 1275 724 1305 absurdis
749 1276 943 1304 abduxerimus
955 1297 963 1313 ,

229 1325 299 1352 bona
322 1323 452 1362 promissa
470 1333 682 1360 consequamur,
703 1322 802 1350 nedum
824 1332 885 1350 cum
911 1329 966 1350 tam

230 1368 314 1396 multa
329 1366 488 1394 attrahimus
501 1389 509 1400 ,
529 1373 554 1395 et
574 1366 669 1394 mentis
681 1365 833 1405 perfectioni
851 1377 899 1404 per
912 1373 966 1395 tam

229 1413 313 1442 multa
335 1413 480 1451 perniciem
500 1412 646 1440 afferimus.
663 1413 734 1440 Nam
750 1412 796 1449 qui
818 1412 967 1441 scurriliter

230 1458 360 1496 loquitur,
379 1457 431 1486 cito
452 1457 502 1485 crit
517 1456 663 1485 maledicus
682 1466 688 1483 ε
710 1455 856 1484 maledicus
877 1463 967 1486 autem

229 1503 309 1532 etiam
331 1503 383 1531 alia
406 1502 612 1531 innumerabilia
633 1502 711 1543 mala¹
730 1502 783 1530 sibi
806 1502 966 1531 accumulat.

231 1551 280 1580 His
292 1561 354 1590 ergo
365 1550 471 1578 duobus
483 1550 578 1578 animae
599 1549 740 1588 generibus
759 1549 912 1588 compositis
923 1571 931 1586 ‚
942 1556 968 1578 et

230 1598 328 1626 rationi
349 1597 500 1636 subjunctis
515 1619 525 1634 ,
551 1603 688 1634 tamquam
713 1596 788 1634 equis
817 1596 864 1634 qui
891 1596 968 1625 facile

229 1651 346 1682 aguntur
372 1643 501 1679 habenis,
521 1653 616 1682 nempe
636 1642 784 1681 cupiditate
805 1649 831 1670 et
849 1642 905 1680 ira,
931 1642 968 1671 ita

230 1697 344 1718 mentem
352 1689 530 1728 praeficiamus
542 1689 672 1727 aurigam,
685 1695 713 1716 ut
721 1688 884 1727 accipiamus
896 1698 966 1727 prae-

231 1735 315 1763 mium
340 1745 460 1774 supernae
489 1733 637 1763 vocationis
652 1746 658 1761 ε
683 1734 756 1772 quod
784 1733 864 1762 detur
890 1733 967 1762 nobis

231 1781 356 1810 omnibus
365 1780 489 1818 consequi
500 1780 527 1808 in
537 1780 643 1808 Christo
657 1780 719 1809 Jesu
734 1779 851 1808 Domino
865 1786 965 1814 nostro,

232 1837 293 1855 cum
303 1836 356 1864 quo
371 1826 445 1854 Patri
460 1825 540 1854 simul
559 1836 619 1853 cum
634 1831 724 1854 sancto
747 1824 850 1864 Spiritu
866 1825 966 1863 gloria,

232 1872 367 1911 potentia,
381 1871 467 1900 honor
479 1894 488 1909 ‚
505 1882 576 1901 nunc
596 1878 622 1900 et
635 1881 755 1909 semper,
771 1877 796 1899 et
821 1870 848 1899 in
871 1870 966 1899 saecula

233 1918 400 1947 saeculorum.
414 1919 506 1946 Amen.

1024 325 1098 357 μωνᾶ
1108 343 1115 355 ,
1130 321 1175 349 καὶ
1186 322 1224 360 τῷ
1239 322 1276 358 μὴ
1291 322 1377 361 ἔχοντί
1390 335 1426 352 σε.
1443 324 1495 352 Καὶ
1507 324 1591 353 πολλὰ
1604 326 1712 352 τοιαῦτα
1725 325 1784 353 ἄτο-

1023 377 1060 393 πα
1074 368 1090 400 ἡ
1106 366 1263 404 εὐτραπελία
1276 368 1448 406 ἐπεισήγαγεν
1458 390 1465 403 ,
1482 371 1516 401 ὡς
1528 370 1588 399 ὅταν
1602 370 1725 408 λέγωσιν·
1737 371 1784 409 ἄρ-

1022 421 1047 437 τι
1059 412 1105 438 οὐκ
1114 410 1168 439 ἔστι
1179 411 1292 450 γένεσις;
1307 413 1359 440 Καὶ
1370 417 1444 442 τοῦτο
1454 414 1523 452 λέγω
1533 418 1577 443 τοῦ
1589 417 1697 455 αἰσχ-ροῦ
1706 416 1784 450 ἤθους

1022 455 1146 484 δεικνύων
1158 457 1205 491 τὴν
1219 457 1329 486 ἀτοπίαν
1341 469 1346 475 ·
1370 459 1456 497 ψυχῆς
1469 459 1520 497 γὰρ
1535 461 1631 498 ἐρήμου
1646 462 1783 495 εὐλαὸείας

1021 502 1094 529 ταυτὶ
1104 501 1137 530 τὰ
1149 502 1264 541 ῥήματα.
1276 498 1306 530 ἡἏ
1311 505 1333 541 ρ’
1343 503 1402 542 οὐχὶ
1410 506 1533 538 σκηπτῶν
1549 505 1608 538 ἄξια
1617 510 1699 536 ταῦτα
1708 519 1716 543 ;
1728 508 1782 537 Καὶ

1021 547 1106 575 πολλὰ
1128 548 1180 576 ἀπὸ
1191 547 1288 576 τούτων
1300 548 1345 576 καὶ
1358 547 1434 586 ἕτερα
1454 553 1560 578 τοιαῦτα
1575 552 1702 590 λεγόμενα
1713 552 1781 592 εὕροι

1020 603 1059 624 τις
1071 592 1110 620 ἄν.
1128 592 1176 621 Διὸ
1185 615 1192 628 ,
1207 594 1354 631 παρακαλῶ
1364 616 1371 629 ,
1392 593 1519 623 πάντοθεν
1532 599 1607 625 τοῦτο
1621 597 1782 636 ἐξορίσαντες

1020 637 1050 665 τὸ
1063 637 1134 672 ἔθος,
1158 639 1243 667 ἐκεῖνα
1257 638 1444 677 φθεγγώμεθα,
1471 640 1487 667 ἃ
1499 643 1562 677 ἡμῖν
1575 642 1713 680 ἁρμόττει·
1736 643 1782 672 καὶ

1021 682 1058 719 μὴ
1081 683 1114 711 τὰ
1129 683 1191 722 ἅγια
1212 684 1331 721 στόματα
1345 683 1378 712 τὰ
1404 686 1455 713 τῶν
1477 685 1577 723 ἀτίμων
1600 687 1645 715 καὶ
1665 688 1781 727 αἰσχρῶν

1020 729 1170 767 φθεγγέσθω
1192 729 1306 769 ῥήματα.
1332 729 1381 761 Τίς
1395 730 1446 770 γὰρ
1462 731 1560 770 μετοχὴ
1575 733 1725 772 δικαιοσύνῃ
1737 734 1782 762 καὶ

1021 774 1130 814 ἀνομίας
1144 774 1183 807 τίς
1195 775 1221 804 δὲ
1234 775 1355 803 κοινωνία
1369 775 1435 814 φωτὶ
1449 777 1513 814 πρὸς
1525 778 1631 814 σκότος;
1656 778 1781 818 Ἀγαπη-

1019 821 1062 849 τὸν
1076 820 1127 861 γὰρ
1141 820 1245 849 πάντων
1261 823 1312 848 τῶν
1328 820 1431 849 ἀτόπων
1446 822 1552 855 ἑαυτοὺς
1566 824 1781 862 ἅποστνῖσαντας,

1020 867 1159 901 δυνηθῆναι
1180 868 1231 894 τῶν
1253 867 1454 905 ἐπηγγελμένων
1469 872 1558 907 τυχεῖν
1572 871 1691 907 ἀγαθῶν,
1716 871 1781 909 μήτι

1019 923 1048 949 γε
1061 915 1176 940 τοσαῦτα
1194 911 1409 951 ἐπισυρομένους,
1433 913 1478 940 καὶ
1493 913 1523 941 τὸ
1537 914 1643 953 ἀκριῧὲς
1657 918 1705 950 τῆς
1722 917 1781 945 δια-

1019 957 1088 989 νοίας
1111 956 1155 985 διὰ
1167 959 1219 984 τῶν
1235 956 1366 985 τοσούτων
1385 958 1598 996 λυμαινομένους.
1625 960 1660 989 ‘O
1673 961 1725 1000 γὰρ
1739 964 1780 991 εὖ-

1017 1002 1239 1041 τραπελευόμενος
1253 1002 1399 1040 κακήγορος
1411 1002 1485 1031 ἔσται
1502 1004 1602 1043 ταχέως
1611 1017 1617 1022 ·
1632 1007 1646 1034 ὁ
1657 1005 1684 1035 δὲ
1696 1007 1781 1042 κακή-

1017 1060 1091 1086 γορος
1104 1047 1148 1076 καὶ
1162 1047 1242 1086 μυρία
1259 1049 1344 1085 ἑαυτῷ
1355 1048 1510 1087 ἐπισωρεύει
1521 1049 1598 1088 ἕτερα
1611 1051 1691 1080 κακά.
1708 1053 1780 1081 Ταῦ-

1016 1106 1049 1121 τα
1064 1093 1096 1127 δὴ
1110 1089 1152 1122 οὖν
1167 1092 1201 1120 τὰ
1214 1091 1259 1120 δύο
1280 1094 1326 1126 τῆς
1344 1094 1429 1131 ψυχῆς
1452 1094 1507 1128 εἴδη
1524 1095 1708 1133 ῥυθμίσαντες,
1734 1098 1780 1127 καὶ

1017 1138 1199 1172 ὖποζεύξαντες
1212 1139 1249 1176 τῷ
1262 1138 1381 1176 λογισμῷ
1390 1160 1397 1173 ,
1413 1138 1532 1177 καθάπερ
1547 1139 1642 1174 ἵππους
1655 1142 1780 1180 εὐηνίους,

1017 1183 1065 1219 τήν
1074 1195 1103 1212 τε
1117 1182 1257 1220 ἐπιθυμίαν
1265 1205 1273 1218 ,
1287 1182 1331 1210 καὶ
1342 1182 1384 1211 τὸν
1397 1183 1491 1220 Ουμὸν,
1503 1184 1584 1218 οὕτως
1594 1187 1780 1226 ἐπιστήσωμεν

1019 1229 1062 1258 τὸν
1084 1232 1141 1258 νοῦν
1156 1228 1275 1266 ἡνίοχον,
1300 1228 1342 1256 ἵνα
1358 1228 1403 1256 καὶ
1416 1228 1446 1256 τὸ
1460 1229 1580 1269 βραὲεῑον
1598 1231 1721 1270 λάὸωμεν
1735 1235 1783 1267 τῆς

1020 1275 1073 1303 ἅνω
1087 1274 1219 1309 κλήσεως
1243 1269 1272 1302 οῧ
1286 1273 1386 1312 γένοιτο
1406 1274 1505 1308 πάντας
1525 1277 1596 1314 ἡμᾶς
1607 1279 1740 1316 ἐπιτυχεῖν
1755 1279 1782 1307 ἐν

1018 1321 1126 1359 Χριστῷ
1149 1319 1235 1354 Ἰησοῦ
1262 1321 1299 1357 τῷ
1312 1319 1400 1358 Κυρίῳ
1415 1321 1507 1356 ἡμῶν,
1529 1323 1585 1358 μεθ’
1598 1317 1628 1350 οἷ
1642 1325 1680 1362 τῷ
1695 1324 1783 1364 Πατρὶ

1021 1366 1076 1403 ἅμα
1090 1367 1128 1404 τῷ
1151 1364 1217 1402 ἁγίῳ
1236 1363 1372 1401 Ilus-dum
1391 1364 1467 1399 δόξα,
1491 1365 1600 1404 κράτος,
1622 1368 1702 1405 τιμὴ,
1739 1371 1782 1398 νῦν

1020 1411 1065 1446 καὶ
1080 1411 1135 1447 ἀεὶ,
1148 1409 1193 1439 καὶ
1206 1410 1242 1441 εἷς
1259 1408 1316 1441 τοὺς
1328 1410 1423 1442 αἰῶνας
1436 1411 1487 1438 τῶν
1504 1409 1614 1445 αἰώνων.
1630 1411 1720 1450 Ἀμήν.
