1893 2860
238 156 300 198 ¹42
583 162 611 184 s.

231 227 294 255 etin
305 225 394 254 verbis
408 223 510 252 bellum
529 221 610 250 habes
621 243 629 257 ,
645 227 671 249 et
684 220 813 259 majorem
827 219 891 248 belli
905 230 967 259 par-

231 279 284 300 tcni
299 293 306 306 ,
318 270 386 298 hane
401 275 501 308 partem
511 267 559 296 tibi
572 266 637 294 sinis
651 275 706 294 csse
718 265 816 293 nudam
827 265 880 293 ‚⁰an
891 265 967 303 igno-

231 328 274 346 ras
290 316 361 354 quod
375 315 438 342 hinc
453 312 528 341 nobis
553 312 675 351 plurimae
697 318 824 351 parantur
837 310 941 338 insidiae
952 310 966 338 Ρ

236 362 319 391 Ludis
331 359 497 395 ,dcliciaris,
515 357 650 395 facetaque
674 363 699 385 et
722 356 824 384 urbana
837 355 923 390 dicis,
942 361 967 383 et

232 408 315 436 risum
332 414 422 433 moves
433 426 440 438 ‚
456 413 564 441 remque
576 402 644 430 nihil
659 402 817 431 existimus?
834 403 855 430 A
870 400 967 439 lepidis

231 460 257 481 et
281 451 390 480 urbanis
409 449 488 478 dictis
515 455 580 486 quot
604 448 740 487 perjuria,
758 447 831 485 quod
853 446 967 483 damna,

231 496 411 537 quammulta
432 495 512 524 verba
537 494 625 533 turpia
646 501 671 523 et
695 493 839 522 obscoena?
859 494 893 521 At
916 503 967 521 non

231 550 307 579 sunt,
324 541 430 579 inquit,
443 539 574 579 ejusmodi
588 539 659 568 dicta
675 539 788 568 urbana.
803 538 857 569 Sed
881 537 945 567 audi
959 549 964 565 :

231 599 336 617 omnem
347 587 523 616 tubanitatcm
532 593 557 614 et
569 585 737 613 dicacitatem
749 584 870 624 expellit.
888 585 967 613 Tem-

230 646 282 675 pus
295 634 360 663 belli
374 640 398 662 et
413 642 526 672 pugnae,
543 631 665 670 vigilite,
683 630 828 665 custodiae,
845 637 967 658 armatu—

230 691 266 709 1*ae
282 687 307 709 et
316 679 382 708 acici
397 676 575 706 instruendae:
573 652 695 704 t’nullum
710 675 799 704 locum
813 675 857 704 bic
871 674 968 703 habere

231 732 318 764 potest
332 732 435 763 tempus
450 722 537 751 risus:
554 722 603 750 hoe
613 721 682 749 cuim
698 727 737 749 est
749 727 853 759 tempus
864 719 967 748 mundi.

80 778 149 798 Joan.
171 777 207 800 16.
233 771 305 800 Audi
329 769 467 798 Christum
492 767 623 796 dicentem
643 779 649 794 z
673 766 802 795 Mundus
819 766 967 805 gaudebit,

82 814 122 830 ²⁰·
232 827 287 845 ‘vos
299 822 394 845 autem
414 815 667 843 comriseabimini.
681 812 804 841 Clu-istus
824 811 851 839 in
865 821 969 840 crucem

232 869 306 891 actus
315 868 353 890 est
373 866 482 899 propter
499 866 544 887 tua
555 858 625 887 mala
640 870 646 885 :
662 865 690 886 tu
711 864 800 886 autem
812 856 904 885 rides?
915 857 968 884 im-

231 914 314 946 pactte
329 913 392 935 sunt
413 905 454 933 illi
468 904 553 943 alapae
576 910 602 932 ct
623 903 748 942 colaphi,
770 909 794 931 ct
817 909 871 930 tam
886 902 970 930 multa

231 962 324 991 passus
346 958 383 980 cst
404 958 511 990 propter
525 957 598 979 tuam
618 948 812 984 calamitatem,
826 954 851 976 et
864 958 923 985 quae
945 955 970 976 te

195 1028 197 1030 ,
231 996 467 1036 comprehenderat
479 1001 680 1034 tempestatem:
698 1001 727 1022 tu
742 1000 830 1021 autem
844 991 920 1030 degis
941 993 969 1020 in

230 1042 356 1070 deliciis?
378 1041 414 1069 Et
433 1040 566 1078 quomodo
591 1049 643 1067 non
663 1049 725 1067 eum
749 1037 833 1075 magis
857 1037 969 1066 irritas?

230 1087 284 1117 Sed
300 1087 427 1125 quoniam
437 1085 544 1114 videtur
558 1083 720 1122 quibusdam
733 1093 774 1111 res
789 1093 845 1111 esse
858 1082 967 1111 indiffe-

229 1145 290 1163 rens
300 1157 307 1170 ‚
323 1144 405 1172 quam
416 1132 524 1171 quidem
538 1141 631 1160 cavere
643 1137 681 1159 est
694 1129 841 1158 admodum
864 1129 968 1158 diffici-

230 1182 255 1210 le
265 1204 274 1217 ‚
291 1192 339 1220 age
353 1181 387 1209 de
401 1191 431 1209 eo
444 1180 535 1219 paucis
550 1179 711 1207 disseramus
724 1201 731 1214 ‚
742 1177 865 1206 docentes
879 1187 967 1215 quan—

230 1235 288 1256 tum
304 1227 338 1256 sit
347 1226 456 1255 malum.
466 1225 524 1254 Hoc
535 1231 574 1253 est
584 1224 654 1253 enim
665 1234 732 1262 opus
739 1223 852 1258 diaboli,
863 1222 968 1252 efficere

229 1280 260 1302 ut
270 1273 454 1312 despiciantur
479 1281 538 1309 quae
562 1277 626 1299 sunt
661 1269 852 1298 indifferentia.
883 1269 968 1306 Atque

229 1319 349 1358 primum
363 1316 472 1355 quidem
483 1339 492 1353 ,
505 1315 527 1344 si
537 1322 604 1344 esset
617 1314 789 1350 indifferens,
805 1325 838 1343 ne
856 1315 894 1344 sic
905 1314 967 1352 qni-

229 1366 292 1395 dem
303 1366 392 1404 ipsum
400 1369 533 1404 oporteret
548 1362 698 1401 despicere,
709 1362 834 1390 scientem
850 1361 920 1400 quod
934 1372 968 1390 ex

229 1423 262 1441 eo
279 1412 364 1441 multa
390 1416 532 1439 nascantur
554 1407 643 1443 mala,
664 1414 836 1446 crescantque
859 1414 883 1436 et
898 1418 968 1447 saepe

229 1458 354 1486 desinant
366 1457 393 1484 in
402 1454 589 1484 scortationem
602 1465 608 1481 t
621 1453 696 1492 quod
712 1459 800 1481 autem
815 1464 866 1481 non
879 1453 914 1482 sit
927 1453 970 1481 in-

229 1503 375 1536 differens,
395 1501 458 1530 inde
478 1506 516 1528 est
536 1499 717 1539 perspicuum.
734 1498 884 1528 Videamus
906 1509 969 1537 ergo

230 1548 302 1577 unde
322 1553 463 1583 nascatur3
483 1545 527 1575 vel
551 1545 640 1584 potius
659 1544 799 1573 videamus
818 1545 970 1584 cujusmodi

231 1600 335 1633 oportet
356 1603 411 1621 esse
423 1598 543 1620 sanctum
555 1613 562 1626 ,
588 1590 695 1626 mitem,
710 1597 878 1618 mansuetum
889 1613 899 1628 ‚
924 1590 970 1618 lu-

80 1655 160 1676 const,
171 1662 208 1676 eos
233 1647 358 1679 gentem,
382 1639 586 1673 lamentantem,
600 1636 742 1664 afflictum.
760 1635 815 1672 Qui
831 1647 893 1675 ergo
904 1636 970 1666 dicit

82 1694 104 1712 ‘²⁴
99 1694 120 1708 ¹¹
135 1687 178 1707 sff·
175 1691 200 1707 '¹²
233 1686 335 1714 urbana
355 1691 380 1713 et
401 1684 503 1719 faceta,
517 1692 570 1710 non
592 1688 631 1709 est
654 1688 780 1710 sanctus:
808 1681 912 1710 etiamsi
935 1682 970 1711 sit

234 1732 361 1767 Graecus,
379 1729 401 1758 is
421 1736 460 1758 cst
483 1728 634 1756 ridiculus:
653 1726 685 1755 iis
706 1727 770 1756 solis
786 1727 833 1765 qui
860 1734 922 1756 sunt
942 1729 970 1757 in

232 1787 309 1806 scena
321 1776 379 1804 haec
398 1775 600 1814 permittuntm.
612 1772 667 1801 Ubi
685 1779 723 1800 est
735 1772 896 1811 turpitudo,
913 1773 971 1802 illic

232 1829 270 1851 est
289 1823 368 1850 etiam
385 1819 552 1850 scurrilitas:
573 1818 621 1846 ubi
641 1825 679 1846 est
694 1818 765 1846 risus
783 1818 970 1857 importunus,

233 1868 291 1897 illic
303 1875 342 1896 cst
353 1867 434 1896 etiam
445 1865 601 1895 scurrilitas.
617 1863 688 1892 Audi
708 1864 867 1903 proplietam
880 1864 970 1894 dicen-

234 1921 286 1943 tem
298 1926 304 1941 :
318 1914 427 1943 Servite
440 1913 567 1940 Domino
582 1912 614 1937 in
626 1911 735 1946 timore,
746 1917 774 1938 ec
788 1911 933 1939 exsultate
945 1915 971 1940 ei

234 1965 266 1990 in
280 1968 412 1990 tremore.
428 1960 498 1988 Nam
520 1957 667 1986 scurrilitas
687 1956 796 1984 mollem
815 1957 897 1986 efficit
909 1958 970 1986 ani-

234 2018 306 2036 mam
323 2006 499 2046 pigramque,
521 2002 620 2031 attollit
640 2009 665 2030 et
688 2002 811 2040 excitat,
835 2003 972 2042 multaque

232 2053 332 2094 probra
343 2050 459 2091 parturit
473 2056 498 2078 et
512 2047 686 2077 contumelias
696 2070 703 2082 ‚
719 2054 744 2076 et
758 2047 827 2076 bella
839 2048 910 2077 facit.

274 2100 302 2128 5.
313 2097 388 2133 Quid
410 2096 496 2125 vero?
509 2105 596 2123 annon
618 2094 717 2123 relatus
736 2104 763 2122 es
785 2094 852 2122 inter
876 2095 972 2124 viros?

237 2146 290 2174 Fac
301 2155 363 2183 ergo
376 2150 405 2171 ut
425 2148 526 2171 cessent
538 2152 597 2179 qnae
609 2147 670 2169 sunt
683 2140 798 2179 parvuli.
813 2141 866 2169 scd
882 2142 972 2170 samu-

237 2191 293 2218 lum
307 2189 417 2228 quidem
429 2195 506 2216 tuum
519 2197 571 2215 non
579 2186 620 2215 vis
632 2186 658 2214 in
670 2187 728 2214 soro
742 2185 830 2215 dicere
843 2198 901 2225 quae
913 2195 974 2216 sunt

238 2234 358 2269 inutilia;
372 2240 400 2261 tu
414 2239 514 2269 autem,
531 2232 576 2269 qui
588 2230 686 2259 diciste
697 2241 751 2259 csse
762 2231 812 2259 Dei
828 2231 973 2270 famulum,

238 2280 265 2308 in
284 2280 339 2307 foro
349 2277 464 2315 loqueris
478 2277 580 2305 urbana
590 2283 615 2304 et
628 2276 760 2304 scurrilia.
778 2278 906 2306 Praeclare
915 2279 975 2316 qui-

238 2324 299 2352 dem
312 2323 417 2361 agitur,
434 2322 456 2350 si
468 2322 555 2350 sobria
572 2321 662 2349 anima
675 2321 768 2349 furtim
782 2332 833 2350 non
846 2323 974 2362 rapiatur,

239 2369 331 2398 laetitia
347 2375 434 2396 autem
449 2367 576 2395 diffusam
588 2368 648 2405 quis
670 2378 721 2395 non
743 2368 830 2407 capiet
850 2376 875 2397 et
888 2380 973 2408 expu-

240 2413 369 2453 gnabit?
363 2423 419 2452 ipsa
431 2422 446 2439 a
457 2412 541 2450 seipsa
555 2413 716 2451 configetur,
729 2423 776 2441 nec
790 2424 858 2452 opus
870 2415 920 2443 mit
933 2415 973 2443 in-

239 2459 317 2489 sidiis
331 2465 356 2487 et
369 2458 469 2486 insultu
483 2457 594 2485 diaboli.
614 2459 652 2486 Ut
672 2465 761 2487 autem
785 2459 890 2495 discas,
911 2460 974 2490 vide

239 2505 319 2534 ctiam
343 2504 433 2544 ipsum
457 2513 574 2531 nomen.
595 2503 716 2531 scurrilis
739 2504 839 2532 dicitur
850 2506 923 2543 ,qui
936 2513 973 2534 est

82 1723 102 1739 »sl
125 1717 225 1738 scurrilia

81 1749 146 1769 uerba
156 1749 192 1769 di-

83 1784 144 1800 cuul-

83 1934 150 1955 Psal.
159 1938 223 1954 2.11.

640 160 778 183 JOANMS
804 159 985 182 cntu'sOS'r.

1016 160 1155 182 aucun-:P
1161 174 1170 182 .
1195 159 1448 183 CONSTANHNOP
1454 173 1461 180 .

1022 219 1126 258 ορκίοιι,
1140 219 1221 249 πόσαι
1239 220 1351 258 βλάὸαι,
1364 219 1446 249 πόσαι
1461 217 1655 257 αἰσχρολογίαις
1669 217 1739 246 Ἀλλ’
1754 218 1782 245 οὐ

1021 264 1130 292 τοιαῦτά
1141 264 1240 293 ἐστιτὰ
1251 267 1356 300 ἀστεῖα,
1370 264 1458 303 φησίν.
1474 263 1542 293 Ἀλλ’
1555 263 1631 292 ἄκουε
1644 262 1684 290 ὅτι
1695 266 1784 290 πᾶσαν

1022 309 1193 347 εὐτραπελίαν
1218 309 1333 342 ἐξέὸαλε.
1348 309 1470 347 Πολέμου
1485 308 1575 347 καιρὸς
1597 311 1640 337 νῦν
1661 307 1706 335 καὶ
1728 305 1784 344 μά·-

1021 365 1072 391 7¹¹4<
1081 375 1089 388 ‚
1103 353 1247 392 ἀγρυπνίας
1259 355 1302 383 καὶ
1315 355 1447 393 φυλακῆς,
1462 354 1590 386 ὁπλίσεως
1602 353 1647 382 καὶ
1660 351 1783 391 παρατά-

1023 397 1097 429 ξεως·
1117 396 1208 426 οὐδένα
1230 397 1308 426 τόπον
1329 400 1437 427 ἐνταῦθα
1460 400 1473 426 ὁ
1487 401 1532 426 τοῦ
1555 398 1666 436 γέλωτος
1682 395 1711 424 ἂν
1727 394 1784 434 ἔχοι

1022 442 1124 480 καιρός·
1149 446 1194 471 τοῦ
1212 443 1262 482 γὰρ
1281 442 1380 480 κόσμου
1397 438 1468 475 οῧτός
1492 444 1571 471 ἐστιν.
1594 441 1718 471 Ἄκουσον
1738 442 1784 468 τοῦ

1021 487 1138 525 Χριστοῦ
1153 487 1282 526 λέγοντος·
1294 487 1328 516 Ὁ
1340 487 1436 525 κόσμος
1447 487 1603 526 χαρήσεται,
1617 489 1690 524 ὑμεῖς
1702 485 1728 514 δὲ
1739 485 1785 513 λυ-

998 551 1004 558 ⁴
1021 532 1179 568 πηθήσεσῡε.
1199 533 1233 562 Ὁ
1249 532 1362 573 Χριστὸς
1375 532 1526 571 ἐσταυρώθη
1549 531 1592 561 διὰ
1606 531 1641 560 τὰ
1655 530 1688 560 σὰ
1701 529 1785 566 κακὰ,

1023 577 1053 607 σὺ
1069 578 1095 606 δὲ
1107 579 1197 617 γελᾷςς
1222 579 1318 611 ἐκεῖνος
1337 577 1480 617 ἐῤῥαπίσθη
1491 599 1498 613 ,
1521 576 1565 605 καὶ
1576 579 1690 605 τοσαῦτα
1705 575 1785 604 ἔπαθε

1023 621 1066 650 διὰ
1080 621 1128 657 τὴν
1143 622 1191 657 σὴν
1211 622 1346 661 συμφορὰν
1366 634 1411 650 και
1427 622 1471 650 τὸν
1484 620 1669 650 καταλαὸόντα
1684 630 1712 648 σε
1729 631 1786 658 χει-

1024 679 1111 704 μυνα·
1128 667 1159 696 συ
1174 668 1201 697 δὲ
1219 672 1331 708 τρυφᾷς
1346 667 1398 696 Και
1414 668 1469 700 πῶς
1484 668 1512 695 οὐ
1533 667 1631 704 μαλλον
1647 664 1723 693 αὐτὸν
1735 675 1788 693 πα-

1025 712 1146 752 ροξυνεις,
1158 713 1233 741 Ἀλ’λ
1246 713 1336 748 ἐπειδή
1350 724 1417 741 τισιν
1439 711 1577 751 ἀδιάφορον
1596 705 1663 739 εἰναι
1679 709 1709 739 τὸ
1719 721 1788 750 πρα-

1022 770 1078 796 γμα
1092 760 1170 794 δοκεῖ,
1186 759 1199 788 ὃ
1211 759 1256 788 καὶ
1270 758 1369 798 δυσφύλ
1371 757 1448 787 ακτόν
1463 760 1528 794 ἐστι,
1543 769 1614 796 φερε,
1623 756 1712 813 7,μικρὰ
1725 755 1786 795 περὶ

1023 816 1112 833 τουτου
1124 805 1319 843 διαλεχθῶμεν,
1332 804 1391 833 οσον
1406 803 1462 832 ἐστι
1472 803 1552 831 κακὸν
1563 801 1718 835 διδάξαντες.
1735 800 1788 830 Και

1022 849 1072 890 γὰρ
1083 861 1158 878 τουτο
1166 853 1210 879 τοῦ
1223 849 1369 880 amomo*
1355 861 1428 888 εργον
1442 848 1506 884 ἐστι,
1515 859 1544 876 το
1542 852 1638 895 ποιεῖν
1650 849 1700 875 τῶν
1712 845 1787 875 ἀδιά-

1022 895 1107 935 φόρων
1131 900 1312 934 καταφρονεῖν.
1334 896 1444 933 Πρῶτον
1467 893 1513 932 μὲν
1529 896 1571 922 οὖν
1584 893 1662 922 εἶκαὶ
1678 891 1788 931 ἀδιάφο-

1025 953 1066 978 ρον
1081 944 1126 977 ἠν,
1141 941 1199 969 οὐδε
1218 941 1298 973 οὕτως
1313 942 1393 980 ἐχρῆν
1408 941 1486 968 αὐτου
1500 942 1685 995 καταφρονεῖν,
1700 937 1786 966 εἰδότα

1021 985 1062 1014 ὅτι
1076 986 1109 1014 τὰ
1121 986 1251 1024 μεγάλα’
1237 986 1289 1014 απὸ
1303 985 1393 1014 τούτου
1406 985 1522 1013 τίκτεται
1533 983 1604 1012 κακὰ
1618 983 1663 1011 καὶ
1674 982 1790 1018 αὔξεται,

1021 1030 1066 1058 καὶ
1083 1031 1118 1064 εἰς
1132 1030 1253 1070 πορνείαν
1267 1031 1375 1068 τελευτᾷ
1386 1029 1526 1062 πολλάκις·
1542 1041 1582 1057 οτι
1597 1028 1623 1056 δὲ
1638 1027 1695 1056 οὐδὲ
1708 1028 1788 1056 ἀδια-

1022 1076 1098 1114 φορόν
1111 1077 1195 1110 ἐστιν,
1211 1077 1307 1104 εκεῖθεν
1322 1076 1408 1110 δῆλον.
1424 1074 1535 1113 Ἴδωαεν
1550 1069 1593 1103 οὖν
1607 1073 1685 1102 πόθεν
1696 1071 1787 1101 τίκτε-

1021 1133 1079 1149 ται·
1095 1121 1230 1160 namma*
1207 1133 1233 1150 οε
1245 1120 1341 1158 ἴδωμεν
1353 1122 1440 1149 ὁποῖον
1454 1123 1519 1149 εἰναι
1529 1120 1617 1149 δεῖτὸν
1625 1117 1787 1157 ἅγιον,ἥμε-

1023 1179 1065 1206 ρον
1074 1189 1081 1202 ,
1095 1172 1195 1206 πρᾶον,
1212 1169 1368 1201 πενθοῦντα,
1384 1169 1526 1205 Ορηνοῧντα
1535 1188 1542 1202 ,
1556 1164 1736 1203 τεθλιμμένον.
1751 1163 1785 1193 Ὁ

1020 1212 1104 1242 τοίνυν
1126 1212 1159 1242 τὰ
1174 1212 1320 1252 εὐτράπελοι
1333 1212 1431 1251 λέγων,
1450 1213 1500 1250 οὐχ
1512 1211 1597 1250 ἅγιος·
1617 1210 1665 1239 κᾶν
1681 1209 1785 1245 ’Έλλην

1020 1253 1053 1297 ᾗ,
1071 1258 1265 1297 καταγέλαστος
1279 1260 1292 1286 ὁ
1303 1262 1416 1290 τοιοῦτος
1425 1269 1431 1274 ·
1456 1262 1509 1289 τοῖς
1522 1257 1548 1285 ἓν
1558 1259 1591 1295 τῇ
1607 1258 1690 1295 σκηνῇ
1701 1257 1786 1284 ταῦτα

1020 1305 1121 1343 ἐφεῖται
1132 1304 1227 1342 μόνοις.
1239 1304 1324 1332 Ἔνθα
1336 1304 1492 1343 αἰσχρότης,
1501 1305 1555 1332 ἐκεῖ
1562 1303 1608 1331 καὶ
1618 1301 1785 1340 εὐτραπελία.

1019 1348 1103 1378 ἼΞνΘα
1114 1349 1196 1389 γέλως
1210 1349 1332 1388 ἄκαιρος,
1347 1351 1400 1378 ἐκεῖ
1412 1349 1456 1378 καὶ
1465 1347 1631 1388 εὐτραπελία.
1643 1346 1733 1376 Ἄκουε
1741 1349 1786 1375 τοῦ
1808 1345 1812 1348 ”

1021 1395 1155 1434 προφήτου
1167 1394 1287 1433 λέγοντος
1302 1404 1308 1410 ’
1325 1393 1489 1423 Δουλεύσατε
1500 1396 1538 1433 τῷ
1551 1393 1640 1432 Κυρίῳ
1658 1394 1684 1421 ἐν
1698 1392 1787 1432 φόὸῳ,

1022 1440 1067 1468 καὶ
1086 1441 1247 1478 ἀγαλλιᾶσθε
1268 1440 1339 1478 αὔτῷ
1355 1441 1380 1468 ἐν
1401 1438 1545 1479 τρόμῳ.“Η
1561 1437 1716 1477 εὐτραπελία
1737 1449 1788 1476 μοι·

1023 1485 1105 1521 λακὴν
1124 1489 1193 1514 ποιεῖ
1211 1485 1259 1520 τὴν
1277 1485 1363 1524 ψυχὴν
1378 1508 1386 1521 ,
1402 1484 1531 1525 ῥᾴθυμον,
1555 1486 1787 1513 ἀναπεπτωκυῖαν·

1024 1529 1089 1565 αὕτη
1107 1531 1151 1559 καὶ
1168 1530 1254 1570 ὕέρεις
1268 1530 1394 1563 πολλάκις
1405 1529 1480 1559 ὤδινε
1489 1552 1496 1566 ,
1508 1529 1552 1558 καὶ
1563 1528 1693 1567 πολέμους
1709 1532 1788 1558 ποιεῖ.

985 1365 1003 1387 Ε

1066 2094 1101 2124 Τί
1117 2095 1159 2130 δὲ;
1170 2095 1236 2127 ὅλως
1251 2094 1310 2133 οὐχὶ
1330 2095 1356 2123 ἐν
1370 2093 1479 2132 ἀνδράσι
1493 2093 1615 2133 γέγονας,
1627 2092 1728 2122 Οὐκοῦν
1740 2103 1790 2121 κα-

1026 2142 1156 2181 τάργησον
1180 2140 1213 2169 τὰ
1228 2143 1273 2168 τοῦ
1285 2139 1388 2175 νηπίου.
1415 2139 1494 2168 Ἀλλὰ
1508 2139 1551 2167 τὸν
1564 2138 1610 2194 “ii‘'
1622 2137 1726 2173 οἰκέτην
1745 2149 1789 2166 τον

1028 2188 1072 2216 σὸν
1085 2189 1110 2215 ἐν
1124 2189 1150 2215 ἀ
1148 2191 1206 2225 ,ορᾷ
1217 2186 1262 2214 οὐκ
1277 2185 1356 2218 ἀξιοῖς
1368 2186 1448 2214 εἰπεῖν
1462 2196 1488 2212 τι
1501 2185 1553 2212 τῶν
1569 2182 1741 2222 ἀσυμφόρων·
1758 2182 1790 2211 σὺ

994 2243 1010 2265 F
1029 2233 1055 2262 δε
1076 2235 1122 2260 τοῦ
1145 2233 1235 2261 Θεου
1229 2231 1311 2270 Ιεγων
1333 2230 1436 2265 οἰκέτης
1450 2233 1531 2264 εἶναι,
1555 2230 1580 2258 ἐν
1596 2231 1678 2267 ἀγορᾷ
1698 2230 1790 2256 ἀστεῖα

1028 2279 1143 2318 qoem-(23
1157 2277 1303 2315 Ἀγαπητὸν
1318 2276 1365 2311 τὴν
1383 2276 1514 2314 νήφουσαν
1531 2274 1618 2313 ψυχὴν
1635 2273 1671 2312 μὴ
1686 2274 1790 2308 κλαπῆ-

1027 2336 1087 2353 ναι·
1099 2324 1146 2359 τὴν
1162 2323 1189 2352 δὲ
1205 2322 1396 2361 ὀιακεγωμένην
1407 2321 1446 2352 τίς
1458 2320 1506 2358 οὐχ
1518 2320 1635 2359 αἱρήσει;
1649 2318 1741 2353 αὐτ-η’
1730 2330 1790 2347 εαυ-

1027 2382 1059 2409 τῃ
1074 2368 1284 2408 περιπαρήσεται
1293 2389 1300 2402 ,
1322 2367 1366 2394 καὶ
1378 2368 1406 2394 οὖ
1419 2365 1540 2400 δεήσεται
1552 2377 1598 2399 της
1609 2376 1653 2393 του
1666 2363 1787 2393 διαὸόλου

983 2440 1018 2459 1ηὸ
1027 2416 1168 2449 ἐπιδουλῆς
1186 2426 1230 2442 και
1244 2411 1376 2450 ἐπηρείας.
1389 2411 1449 2440 Ἵνα
1465 2410 1491 2439 δὲ
1504 2422 1548 2439 και
1563 2410 1647 2448 μάθῃς
1659 2431 1666 2445 ,
1684 2408 1732 2449 ὅρα
1743 2409 1788 2438 καὶ

991 2470 1011 2491 Α
1028 2460 1090 2490 αὐτὸ
1099 2460 1228 2497 τοῦνομα
1241 2457 1396 2498 εὐτράπελος
1408 2457 1512 2496 λέγεται
1524 2458 1537 2484 ὁ
1551 2455 1668 2487 ποικίλος
1679 2475 1686 2489 ‚
1697 2457 1711 2483 ὁ
1722 2466 1788 2483 παν-

1027 2505 1137 2537 τοοαπὸς
1148 2527 1156 2542 ,
1180 2506 1193 2533 ὃ
1209 2503 1319 2535 ἅστατος
1331 2525 1338 2539 ,
1352 2504 1386 2531 ὃς
1377 2502 1522 2537 εὔκολος,
1513 2512 1525 2530 ο
1537 2501 1624 2530 πάντα
1638 2499 1785 2538 ῑινόμενος
