1893 2860
76 1530 134 1558 Quis
146 1531 174 1550 sit
185 1537 222 1549 ve-

78 1569 115 1581 rus
126 1564 218 1582 amicus.

82 2302 210 2323 Christiana

81 2336 184 2353 :unicium

80 2365 208 2392 exemplum
220 2380 225 2384 -

232 164 298 198 506

226 237 335 275 quidem
358 237 477 270 lucrum3
494 233 558 262 dare
582 240 669 261 autem
692 233 821 267 animam,
843 232 917 270 quod
936 232 971 260 ad

225 282 413 310 difficultatem
439 280 545 315 attinet,
570 285 609 307 est
631 279 678 306 ilto
701 279 797 317 majus.
822 279 881 306 Non
910 284 972 306 sunt

227 328 297 355 enim
313 327 388 365 paria
404 325 550 364 praedicare
564 331 588 352 et
601 324 666 352 dare
677 324 796 352 animam
808 335 815 351 :
830 334 892 352 nam
902 323 971 352 illud

226 372 336 410 quidem
352 378 390 400 est
411 370 612 405 honorabilius,
628 370 678 398 hoc
692 377 782 398 autem
803 377 842 399 est
863 370 972 408 majoris

224 417 403 445 difficultatis.
425 417 582 451 Yellemus,
605 416 704 454 inquit,
720 416 742 444 si
766 416 874 451 liceret,
891 416 971 443 etiam

224 463 326 491 animas
350 462 427 490 vobis
444 461 591 490 effundere.
609 462 744 496 Quoniam
763 472 827 500 ergo
849 461 973 490 laudavit

224 515 249 536 ct
273 507 376 544 laudat,
394 514 534 546 propterca
550 507 656 546 inquit,
671 508 730 536 Non
751 507 878 546 pecunias
895 518 971 545 quae-

578 174 605 195 S.
635 173 774 195 JotNNts
801 173 982 194 cntu'sosT.

225 562 322 588 rentes,
342 564 395 583 non
409 554 486 582 vobis
511 554 668 590 adulantes,
687 564 739 582 non
754 554 868 593 gloriam
883 564 969 593 appe-

226 607 308 629 tentes
326 600 376 628 hoc
388 600 510 628 facimus.
524 599 596 629 Vide
604 600 677 628 enim
690 611 696 627 t
709 600 731 628 si
745 600 831 628 multa
846 601 967 628 consece-

226 653 286 673 rant
301 645 444 674 certamina
458 667 466 679 ‚
477 652 503 673 et
517 645 636 684 impense
649 645 791 684 oportebat
804 656 849 674 cos
865 645 971 674 laudari

224 698 250 718 ct
266 691 359 719 haberi
378 691 406 719 in
421 690 608 726 admiratione,
627 697 656 718 ut
670 690 792 719 fortiores
811 691 971 727 evaderen13

226 736 342 765 habebat
366 737 425 765 laus
447 736 635 775 suspicionem.
657 738 817 775 Propterea,
844 747 972 765 amovens

227 783 405 822 suspicionem
418 805 424 816 ,
442 782 509 810 dicit
531 782 661 821 pericula.
677 782 711 810 Et
726 793 829 820 rursus,
846 793 879 810 ne
897 789 972 821 pute-

228 835 271 856 tur
285 828 403 867 pericula
419 827 522 859 dicere,
537 834 674 865 tamquam
693 838 741 866 pro
760 827 826 867 ipsis
839 827 972 863 laborans,

225 880 251 901 et
269 880 405 911 tamquam
421 873 455 900 ab
471 872 538 911 ipsis
553 872 650 900 debens
668 872 811 909 honorari,
826 872 886 900 ideo
900 879 972 911 post—

226 929 306 956 quam
322 918 441 957 pericula
457 917 627 953 memoravit,
641 918 785 956 subjunxit
801 929 806 944 :
829 918 974 955 Quoniam

228 966 374 992 carissimi
386 965 468 991 nobis
479 964 555 1001 sacti
564 965 632 991 estis
641 975 652 996 ,·
663 963 800 991 declarans
812 962 885 1001 quod
895 963 976 991 etiam

227 1009 331 1037 animas
354 1015 459 1037 nostras
486 1008 609 1036 lubenter
634 1008 713 1036 vobis
737 1007 921 1045 dedissemus,
946 1018 976 1037 eo

229 1054 301 1092 quod
323 1054 400 1083 vobis
416 1053 495 1083 valde
515 1053 599 1082 simus
614 1053 743 1083 devincti.
761 1056 848 1092 Atque
862 1063 977 1092 evange·

231 1100 299 1128 lium
321 1099 432 1138 quidem
446 1122 453 1135 ‚
467 1099 595 1137 quoniam
622 1100 695 1128 Deus
715 1099 807 1138 jussit,
833 1099 978 1128 annuntia-

230 1156 305 1182 mus;
320 1152 425 1173 tantum
448 1152 539 1173 autem
560 1155 608 1173 vos
624 1144 781 1183 diligimus,
796 1151 825 1173 ut
839 1145 861 1173 si
876 1145 977 1180 liceret,

229 1192 311 1220 etiam
326 1192 428 1220 animas
445 1191 622 1220 dedissemus,
634 1192 680 1221 Sic
694 1198 800 1231 oportet
820 1192 977 1231 diligentem

230 1236 357 1275 diligere,
373 1244 402 1265 ut
419 1237 442 1265 si
458 1237 493 1265 ab
508 1248 539 1265 eo
560 1244 667 1276 petatur
681 1238 782 1275 anima,
801 1244 827 1266 et
841 1238 899 1266 fieri
915 1248 977 1277 pos-

228 1283 281 1320 sit,
300 1294 352 1311 non
375 1290 490 1312 recuset.
505 1283 579 1318 Quid
599 1283 677 1319 dico,
693 1283 714 1312 si
732 1284 925 1323 petatur?imo
948 1290 978 1312 ut

230 1327 287 1366 ipse
306 1327 421 1366 arripiat
436 1327 517 1366 hujus
529 1327 593 1355 doni
606 1327 782 1356 occasionem.
795 1327 873 1356 Nihil
886 1328 958 1356 enim
967 1349 975 1363 ‚

230 1371 299 1400 nihil
328 1371 486 1410 hujusmodi
512 1382 603 1400 amore
627 1372 705 1400 suerit
726 1372 886 1412 jucundius,
909 1373 978 1401 nihil

231 1415 289 1444 illic
307 1416 448 1454 contigerit
472 1415 623 1444 molestum.
642 1416 742 1445 Fidelis
762 1417 864 1444 amicus
886 1427 978 1446 revera

232 1468 270 1489 est
292 1462 353 1490 vitae
368 1461 593 1490 medicamentum
607 1473 613 1488 :
631 1461 718 1490 fidelis
739 1463 841 1491 amicus
857 1470 896 1491 est
911 1463 981 1492 vali-

233 1508 299 1537 dum
325 1516 519 1547 tegumentum.
535 1509 609 1544 Quid
632 1510 704 1538 enim
724 1521 777 1539 non
792 1511 884 1539 fecerit
899 1522 980 1541 verus

233 1562 258 1583 et
272 1565 413 1593 germanus
429 1555 554 1583 amicus?
576 1565 656 1592 quam
679 1566 732 1584 non
755 1556 875 1584 attulerit
897 1557 979 1586 volu-

235 1598 357 1637 ptatem?
370 1609 452 1636 quam
469 1609 520 1627 non
537 1599 698 1627 utilitatem?
716 1609 798 1636 quam
824 1610 877 1628 non
900 1611 979 1629 secu-

234 1644 364 1672 ritatem?
378 1644 490 1672 Etiamsi
515 1644 652 1673 thesauros
673 1645 776 1674 dixeris
797 1646 979 1675 innumerabi-

233 1690 279 1725 les,
296 1689 365 1717 nihil
380 1700 442 1718 vero
457 1695 482 1717 et
501 1700 626 1728 germano
647 1690 732 1718 amico
754 1698 840 1729 potest
863 1692 979 1730 aequipa-

234 1736 296 1764 rari.
313 1736 435 1764 Primum
451 1743 541 1764 autem
562 1736 684 1764 dicamus
706 1744 834 1774 quantam
850 1737 980 1776 volupta-

235 1790 287 1811 tem
301 1782 380 1810 habet
399 1782 517 1810 amicitia
531 1794 536 1809 ε
551 1783 630 1820 gestit
645 1783 744 1821 gaudio
756 1784 873 1812 amicum
888 1784 981 1812 videns

235 1836 260 1857 et
272 1828 436 1856 diffunditur
449 1840 455 1855 :
472 1839 534 1856 cum
549 1839 578 1856 eo
591 1830 766 1868 conjungitur
779 1830 896 1868 quadam
913 1841 980 1860 cou-

232 1875 387 1914 juncssone,
403 1886 462 1913 quae
477 1875 643 1903 ineffabilem
660 1877 750 1904 animo
763 1877 844 1905 habet
858 1877 981 1916 volupta-

236 1928 306 1949 tem:
321 1921 381 1949 etsi
400 1921 488 1949 solum
504 1921 561 1959 ejus
576 1921 738 1958 meminerit,
756 1929 844 1950 mente
864 1923 981 1962 assurgit

233 1973 259 1995 et
271 1966 411 1995 attollitur.
427 1966 468 1994 De
482 1966 616 2004 germanis
631 1966 726 2004 loquor
739 1967 844 2005 amieis,
859 1967 907 2006 qui
919 1975 981 1997 sunt

235 2011 373 2040 unanimes
387 2033 395 2048 ,
409 2011 455 2049 qui
472 2021 519 2050 pro
534 2011 627 2039 amicis
640 2012 709 2040 mori
726 2012 864 2051 elegerint,
880 2013 927 2052 qui
939 2024 981 2042 ar-

234 2058 328 2086 denter
342 2064 441 2085 amant.
455 2058 495 2085 Ne
509 2057 589 2094 mihi,
606 2059 751 2096 cogitantes
773 2069 817 2087 eos
842 2060 889 2098 qui
911 2060 981 2089 levi-

236 2111 276 2132 ter
291 2110 392 2139 amant,
407 2110 432 2132 et
445 2110 507 2131 sunt
525 2114 620 2131 mensae
639 2114 714 2141 soen,
731 2111 755 2133 et
769 2106 850 2134 amici
861 2106 979 2144 nomine,

237 2149 395 2178 existimetis
405 2159 517 2187 arguere
533 2149 561 2177 id
572 2149 647 2187 quod
660 2150 769 2179 dicitur.
786 2152 816 2180 Si
830 2153 890 2190 quis
900 2152 982 2181 habet

237 2195 354 2223 amicum
373 2195 480 2233 qualem
500 2194 572 2232 dieo,
587 2196 670 2224 verba
690 2205 815 2235 agnoscet
826 2210 832 2225 :
845 2205 870 2227 et
881 2199 904 2227 si
919 2210 982 2228 eum

238 2241 358 2279 quotidie
373 2240 482 2278 viderit,
494 2251 546 2269 non
560 2241 689 2270 satiatur:
702 2241 794 2271 eadem
808 2243 860 2282 ipsi
875 2255 935 2282 quae
950 2245 983 2274 si·
1002 2260 1019 2282 1:

237 2287 319 2326 biipsi
335 2294 409 2326 optat
423 2294 448 2315 et
463 2294 599 2326 precatur.
614 2288 685 2317 Novi
710 2299 759 2327 ego
776 2290 921 2328 quemdam
934 2292 982 2330 qui

239 2343 286 2370 pro
300 2332 385 2360 amico
399 2333 472 2361 viros
484 2340 589 2362 sanctos
603 2334 715 2372 rogabat
730 2341 758 2363 ut
773 2346 822 2374 pro
839 2337 897 2375 ipso
920 2337 981 2376 pri-

240 2389 313 2406 mum
329 2387 446 2413 orarent,
459 2379 556 2408 deinde
570 2391 619 2419 pro
634 2391 670 2409 se.
687 2381 775 2410 Tanta
790 2393 832 2411 res
844 2390 883 2411 est
897 2383 982 2413 bonus
993 2378 1028 2427 Δΐ

240 2425 352 2461 amicus,
367 2433 431 2454 utet
448 2426 504 2455 loca
521 2434 546 2455 et
562 2434 681 2467 tempora
692 2436 802 2468 propter
816 2430 887 2469 ipsos
897 2441 985 2460 amen-

1015 172 1154 194 ancum?
1162 188 1168 194 .
1197 173 1259 195 com
1266 174 1322 196 STA
1330 174 1450 197 NTtNOP
1458 189 1464 195 .

1027 232 1145 264 πλείονος
1167 234 1306 266 δυσκολίας
1323 230 1365 269 ἧν,
1392 234 1591 272 Ἐδουλόμεθα,
1614 235 1702 273 φησὶν,
1726 235 1749 263 εἷ
1769 247 1798 273 γε

1028 278 1098 311 ἐν’ῆν,
1109 277 1154 305 καὶ
1166 278 1213 311 τὰς
1224 279 1313 317 ψυχὰς
1322 280 1358 312 εἷς
1369 282 1436 318 ὑμᾶς
1451 282 1573 309 κενῶσαι.
1590 279 1667 308 Ἐπεὶ
1682 275 1726 308 οὖν
1737 280 1800 318 ἐτι-ξ,-

1027 335 1085 351 νεσε
1101 323 1146 351 καὶ
1167 325 1284 359 ἐπαινεῖ,
1303 325 1345 353 διὰ
1360 328 1437 354 τοῦτο
1449 325 1520 364 λε’γει
1532 348 1538 360 ,
1558 326 1598 354 ὅτι
1617 327 1646 354 οὗ
1672 325 1799 364 χρήματα

1027 370 1163 403 ζητοῦντες
1173 389 1179 399 ,
1195 370 1223 398 οὐ
1235 370 1419 402 κολακεύοντες
1434 373 1501 408 ὑμᾶς
1511 394 1518 405 ,
1529 373 1557 400 οὔ
1571 372 1646 406 δόξης
1659 372 1798 410 ἐφιέμενοι,

1026 417 1101 443 viiito
1110 418 1246 452 ποιοῦμεν.
1258 415 1328 454 ”Ορα
1338 416 1402 455 γάρ·
1418 418 1439 444 εἷ
1451 417 1537 445 πολλὰ
1546 414 1612 452 ἦσαν
1626 418 1796 452 οὶῡλῆσαντες,

1026 461 1070 489 καὶ
1085 461 1239 500 παραδόξως
1260 461 1312 489 ἔῗει
1338 462 1430 495 αὐτοὺς
1453 464 1621 498 ἐπαινεθῆναι
1636 464 1681 492 καὶ
1697 466 1799 500 θαυμα-

1027 510 1136 542 σῡῆναι,
1153 508 1221 537 ὥστε
1237 508 1421 547 στεῤῥοτέρους
1432 509 1553 547 γενέσθαι
1563 532 1569 544 ,
1585 506 1654 549 εἶχεν
1667 513 1681 539 ὁ
1695 510 1799 541 ἔπαινος

1026 554 1149 592 ὑποψίαν.
1161 554 1212 583 Διὰ
1223 557 1300 582 τοῦτο
1319 555 1528 594 ἀποκρουόμενος
1545 555 1592 590 τὴν
1603 556 1726 594 ὑποψίαν,
1739 554 1798 587 τοὺς

1026 600 1160 632 κινδύνους
1173 600 1252 639 λέγει.
1271 600 1323 628 Καὶ
1335 601 1425 637 πάλιν,
1437 600 1479 629 ἵνα
1492 600 1528 638 μὴ
1543 603 1654 639 νομισθῇ
1669 601 1711 630 διὰ
1722 603 1798 629 τοῦτο

1026 646 1086 678 τοὺς
1102 645 1234 679 κινδύνους
1255 647 1352 686 λέγειν,
1371 648 1406 679 ὡς
1428 648 1537 685 κάμνων
1561 646 1627 686 ὑπὲρ
1649 649 1742 683 αὐτῶν,
1754 647 1800 675 καὶ

1027 692 1136 731 ὀφείλων
1162 695 1307 729 τιμηθῆναι
1329 693 1394 731 παρ’
1414 694 1509 729 αὐτῶν,
1523 692 1590 731 ὑπὲρ
1610 692 1715 729 τούτου,
1732 692 1799 730 μετὰ

1026 738 1056 766 τὸ
1073 739 1155 766 εἰπεῖν
1170 738 1228 770 τοὺς
1243 739 1389 771 κινδύνους,
1420 738 1538 778 ἐπήγαγε
1550 751 1555 756 ’
1572 738 1647 767 Διότι
1668 738 1800 776 ἀγαπητοὶ

1027 785 1091 820 ἡμῖν
1104 783 1260 821 γεγένησθε,
1277 785 1362 819 δηλῶν
1372 786 1412 813 ὅτι
1433 784 1476 813 διὰ
1497 788 1573 814 τοῦτο
1593 783 1638 813 καὶ
1653 783 1700 816 τὰς
1713 784 1800 824 ψυχὰς

1028 828 1111 862 ἡδέως
1137 829 1166 857 ἂν
1181 832 1242 865 ὑμῖν
1257 830 1358 868 ἔδομεν,
1373 831 1413 860 ὅτι
1440 831 1540 870 σφόδρα
1555 832 1616 868 ὑμῖν
1635 829 1799 869 amneio-t.-

1029 886 1086 911 μεν.
1102 874 1142 902 Τὸ
1154 874 1201 912 μὲν
1217 871 1260 904 οἶν
1274 877 1434 915 εὐαγγέλιον,
1451 876 1542 911 ἐπειδὴ
1554 879 1567 905 ὁ
1582 877 1650 909 Θεὸς
1664 876 1782 905 ἐκέλευσε
1793 899 1800 911 ,

1029 920 1260 959 καταγγέλλομεν·
1277 925 1399 951 τοσοῦτον
1419 923 1445 951 δὲ
1465 924 1533 960 ὑμᾶς
1555 924 1690 961 φιλοῦμεν,
1714 923 1755 951 ὅτι
1779 924 1801 951 εἷ

1030 968 1099 1002 ἐνῆν,
1114 966 1217 999 καὶτὰς
1229 967 1316 1006 ψυχὰς
1336 968 1367 996 ἂν
1383 968 1530 1005 ἐδώκαμεν.
1558 968 1638 996 Οὕτω
1658 969 1696 996 δεῖ
1719 972 1800 1007 φιλεῖν

1029 1012 1073 1040 τὸν
1089 1013 1229 1051 φιλοῧντα,
1241 1015 1292 1049 ὡς,
1311 1015 1333 1042 εἷ
1348 1015 1393 1042 καὶ
1409 1014 1457 1049 τὴν
1471 1013 1559 1054 ψυχὴν
1572 1016 1680 1053 αἷτηθῇ,
1699 1014 1744 1042 καὶ
1761 1015 1803 1043 δυ-

1030 1059 1107 1087 νατὸν
1120 1054 1138 1097 ᾗ
1146 1082 1153 1094 ,
1172 1059 1208 1094 μὴ
1221 1061 1348 1089 κωλῦσαι.

1172 1086 1176 1096 γ
1371 1060 1406 1088 Τί
1427 1060 1511 1098 λέγω,
1536 1062 1631 1099 aime}
1641 1071 1649 1097 ;
1663 1061 1722 1089 ἀλλ’
1734 1059 1803 1089 ὥστε

1031 1104 1109 1133 αὐτὸν
1126 1105 1275 1145 ἐπιτρέχειν
1288 1108 1321 1144 τῇ
1337 1106 1447 1145 τοιαύτῃ
1464 1106 1542 1135 δόσει.
1559 1106 1644 1135 Οὐδὲν
1654 1106 1716 1145 γὰρ,
1730 1105 1802 1136 οὐδὲν

1030 1153 1077 1185 τῆς
1102 1151 1224 1187 τοιαύτης
1249 1152 1355 1190 ἀγάπης
1374 1153 1530 1191 γλυκύτερον
1555 1152 1649 1191 γένοιτ’
1668 1153 1712 1181 ἄν·
1729 1152 1801 1181 οὐδὲν

1030 1199 1084 1226 ἐκεῖ
1102 1198 1219 1238 λυπηρὸν
1232 1203 1416 1236 συμπεσεῖται.
1432 1197 1537 1232 Ὄντως
1546 1198 1619 1238 φίλος
1629 1198 1722 1232 πιστὸς
1734 1198 1802 1238 φάρ-

1031 1255 1114 1280 μακον
1138 1246 1218 1278 ζωῆς·
1234 1244 1314 1276 ὄντως
1334 1244 1407 1284 φίλος
1421 1245 1513 1277 πιστὸς
1528 1244 1613 1280 σκέπη
1627 1244 1751 1284 κραταιᾶ.
1765 1244 1802 1273 Τί

1030 1288 1081 1328 γὰρ
1094 1290 1141 1318 οὐκ
1157 1289 1187 1318 ἂν
1203 1290 1343 1329 ἐργάσαιτο
1369 1291 1441 1329 φίλος
1461 1290 1582 1329 γνήσιος,
1597 1290 1681 1326 πόσην
1696 1289 1743 1328 μὲν
1755 1291 1802 1319 οὔκ

1032 1334 1061 1362 ἂν
1078 1336 1244 1372 ἐμποιήσειεν
1259 1337 1366 1372 ἦδονήνς
1383 1336 1468 1371 πόσην
1479 1336 1505 1364 δὲ
1519 1336 1660 1375 ὠφέλειανς
1674 1336 1758 1370 πόσην
1773 1334 1802 1363 δὲ

1033 1382 1192 1420 ἀσφάλειαν,
1208 1382 1264 1410 Κᾶν
1280 1383 1387 1421 μυρίους
1407 1382 1551 1421 θησαυροὺς
1566 1383 1655 1419 εἴπῃς,
1674 1382 1746 1411 οὐδὲν
1758 1382 1801 1410 ἆν-

1032 1427 1118 1460 τᾶξιον
1130 1427 1237 1466 γνησίου
1254 1428 1337 1466 φίλου.
1357 1428 1410 1456 Καὶ
1425 1427 1458 1456 τὰ
1473 1430 1553 1463 αὖτῆς
1567 1429 1670 1467 πρῶτον
1685 1427 1801 1466 εἴπωμεν

1032 1474 1079 1507 τῆς
1094 1473 1181 1511 φιλίας
1195 1473 1278 1507 πόσην
1299 1474 1354 1512 ἔχει
1377 1473 1425 1509 τὴν
1442 1473 1548 1509 ἡδονήν.
1569 1473 1699 1503 Γᾶννυται
1715 1472 1804 1512 ”ὁρῶν

1035 1518 1111 1547 αὐτὸν
1127 1519 1172 1547 καὶ
1194 1520 1341 1558 διαχεῖται,
1357 1521 1538 1558 συμπλέκεται
1564 1519 1720 1559 συμπλοκὴν
1733 1521 1804 1559 αὐτῷ

1034 1576 1092 1592 τινα
1108 1563 1176 1592 κατὰ
1201 1563 1248 1598 τὴν
1270 1565 1357 1603 ψυχὴν
1378 1565 1491 1604 οἴρῥητιιν
1507 1564 1618 1604 ἔχουσαν
1629 1565 1678 1601 τὴν
1691 1564 1804 1600 ἡδονήν

1034 1608 1083 1637 κᾶν
1097 1611 1252 1647 ἀναμνησθῇ
1263 1610 1341 1647 μόνον
1353 1612 1431 1639 αὐτοῦ
1439 1633 1446 1646 ,
1457 1610 1580 1646 διανέστη
1589 1613 1622 1647 τῇ
1639 1610 1739 1650 διανοίᾳ
1759 1610 1805 1639 καὶ

1035 1654 1213 1693 ἀνεπτερώθη.
1228 1656 1294 1695 Περὶ
1307 1658 1359 1684 τῶν
1372 1656 1452 1695 φίλων
1468 1656 1538 1694 λέγω
1549 1657 1600 1684 τῶν
1611 1656 1737 1695 γνησίων,
1752 1658 1805 1685 τῶν

1034 1700 1187 1739 ὃμοξαύχων,
1205 1704 1257 1729 τῶν
1273 1703 1434 1741 αἱρουμένων
1447 1702 1493 1731 καὶ
1514 1705 1731 1741 ὑπεραποθανεῖν,
1753 1704 1806 1731 τῶν

1035 1748 1137 1784 θερμῶς
1152 1746 1305 1785 φιλούντων.
1319 1747 1365 1781 Μή
1379 1758 1423 1784 μοι
1436 1747 1494 1779 τοὺς
1509 1748 1599 1780 ἁπλῶς
1615 1749 1753 1787 φιλοῦντας
1766 1749 1808 1776 ἓν·

1000 1796 1018 1819 Ε
1035 1796 1164 1828 νοοῦντες,
1174 1793 1219 1821 καὶ
1231 1793 1367 1826 κοινωνοὺς
1379 1795 1430 1822 τῶν
1443 1796 1587 1832 τραπεζῶν,
1602 1794 1647 1822 καὶ
1660 1794 1713 1823 ἀπὸ
1725 1805 1807 1833 προσ-

1035 1838 1144 1876 ηγορίας
1156 1838 1254 1877 φίλους,
1262 1839 1381 1877 νομίζετε
1392 1839 1435 1868 τὸν
1450 1840 1525 1877 λόγον
1538 1839 1702 1878 ἐλέγχεσθαι.
1720 1839 1756 1868 Εἴ
1768 1851 1808 1872 τις

1036 1883 1092 1922 ἔχει
1106 1884 1180 1922 φίλον
1196 1879 1248 1913 οἷον
1262 1885 1332 1922 λέγω
1343 1908 1350 1920 ,
1365 1884 1539 1923 ἐπιγνώσεται
1560 1886 1594 1913 τὰ
1617 1885 1725 1925 ῥήματα
1736 1897 1742 1902 ·
1758 1885 1807 1914 κᾶν

1036 1929 1077 1968 ἴδῃ
1094 1934 1183 1958 τοῦτον
1207 1932 1265 1958 καθ’
1283 1931 1397 1965 ἑκάστην
1419 1931 1531 1969 ἡμέραν,
1555 1932 1602 1959 οὔκ
1626 1931 1808 1969 ἐμπίπλαται·

1035 1977 1118 2003 ταῦτα
1141 1976 1211 2013 αὐτῷ
1229 1975 1382 2014 ἐπεύχεται,
1404 1975 1471 2014 ἅπερ
1484 1976 1529 2003 καὶ
1545 1977 1640 2015 ἑαυτῷ.
1669 1971 1738 2004 Οἶδα
1757 1975 1808 2014 ἐγώ

1036 2032 1110 2056 τινα,
1132 2020 1159 2053 ὂς
1172 2020 1239 2059 ὑπὲρ
1259 2021 1334 2060 φίλου
1349 2021 1409 2054 τοὺς
1423 2021 1511 2060 ἁγίους
1526 2021 1623 2061 ἄνδρας
1635 2023 1809 2061 παρακαλῶν,

1036 2068 1181 2108 παρεκάλει
1193 2068 1316 2106 εὔχεσθαι
1338 2068 1464 2108 πρότερον
1487 2067 1553 2107 ὑπὲρ
1577 2070 1668 2100 αὗτοῧ,
1690 2068 1736 2097 καὶ
1750 2068 1809 2097 τότε

1037 2113 1103 2152 ὓπὲρ
1128 2115 1229 2142 ἑαυτοῦ.
1255 2113 1386 2143 Τοσοῖὶτόν
1407 2115 1463 2142 ἐστι
1482 2114 1556 2152 φίλος
1572 2114 1684 2152 ἀγαθὸς,
1705 2115 1740 2146 ὡς
1763 2113 1809 2143 καὶ

1037 2159 1131 2192 τόπους
1142 2159 1187 2187 καὶ
1201 2159 1308 2198 χρόνους
1322 2160 1454 2199 φιλεῖσθαι
1466 2160 1498 2187 δι’
1515 2159 1602 2188 αὐτόν.
1618 2159 1747 2199 Καθάπερ
1758 2159 1810 2199 γὰρ

1038 2205 1071 2234 τὰ
1100 2205 1212 2244 λαμπρὰ
1231 2207 1283 2233 τῶν
1306 2205 1438 2243 σωμάτων
1464 2205 1540 2238 ἄνθος
1560 2206 1671 2244 ἄπορῥεῖ
1694 2206 1731 2238 εἷς
1751 2205 1810 2238 τοὺς

1038 2250 1150 2286 πλησίον
1165 2251 1274 2286 τόπους,
1290 2251 1357 2280 οὕτω
1381 2251 1426 2279 καὶ
1441 2253 1464 2280 οἱ
1480 2251 1550 2289 φίλοι
1561 2273 1568 2286 ,
1587 2247 1624 2283 οἷς
1649 2251 1680 2279 ἂν
1693 2251 1809 2290 παραγέ-

1039 2306 1135 2324 νωνται
1157 2295 1262 2329 τόποις,
1279 2294 1328 2330 τὴν
1347 2296 1447 2323 ἑαυτῶν
1468 2295 1546 2334 χάριν
1560 2295 1661 2334 ἀφιᾶσι.
1680 2294 1733 2324 Καὶ
1747 2296 1811 2323 πολ-

1038 2341 1114 2373 λάκις
1134 2341 1216 2379 χωρὶς
1236 2340 1318 2380 φίλων
1333 2341 1487 2373 ἐπιστάντες
1502 2345 1555 2373 τοῖς
1574 2340 1663 2373 τόποις
1685 2340 1809 2377 ἐκείνοις,

1040 2385 1220 2425 ἐδακρύσαμεν
1236 2387 1288 2414 τῶν
1299 2388 1406 2425 ἡμερῶν
1418 2386 1642 2425 ἀναμνησθέντες,
1658 2387 1685 2414 ἐν
1697 2381 1738 2419 αἶς
1752 2398 1812 2415 συν-

1041 2432 1197 2471 εγενόμεθα,
1210 2433 1254 2460 καὶ
1276 2432 1459 2469 ἐστενάξαμεν,
1481 2433 1538 2461 Οὔκ
1560 2432 1597 2461 ἔνι
1613 2434 1650 2472 τῷ
1665 2431 1735 2471 λόγῳ
1761 2444 1813 2461 πα-

276 2530 286 2545 1·
306 2527 347 2551 Sic
362 2527 523 2552 Coun-ninus
538 2538 598 2553 unus
611 2536 686 2554 recte.
701 2531 769 2556 Editi
780 2541 838 2557 vero
852 2537 908 2567 ὀρῶν
922 2538 998 2566 αὐτὴν,
1019 2534 1087 2567 quod
1104 2544 1159 2559 cum
1174 2541 1241 2560 recta
1258 2535 1317 2559 serie
1330 2532 1468 2567 pugnabat.
