1887 2855
563 148 593 170 ΙΝ
623 145 892 182 Qt'xTnlnt'mt'M
921 145 1094 169 LAZARUM.
1125 145 1159 168 ll.

79 211 211 242 τεθείκατε
226 211 319 246 αὖτόν;
338 209 372 239 H
395 209 422 239 δὲ
444 209 554 249 Μαρία,
569 208 689 256 Ἔργου,
709 207 785 259 φησὶ,
799 207 845 236 καὶ

79 252 133 287 ἴδε,
149 252 238 299 Κύριε.
257 250 310 280 Καὶ
334 250 474 289 εδοὶκρυσεν
496 251 510 278 6
525 250 635 284 Ιησους.
652 248 701 280 Τίς
721 247 747 277 δὲ
768 246 845 286 γρεία

79 291 215 330 δακρύειν,
243 289 271 318 ὃν
296 290 405 327 ἔμελλεν
430 292 538 328 ἀνιστᾶν
562 290 619 327 μετ’
650 288 752 335 ὀἸί(ον;
774 287 844 315 ’m’

78 331 220 370 ἐδάκρυσεν
233 332 246 358 6
260 330 400 366 Ιησοῦς,”
391 341 431 358 ινα
451 329 481 358 56
502 321 636 366 συμπαθὲς
652 339 697 356 και
711 327 740 355 τὸ
755 326 846 365 othiv-

78 373 182 408 θρωπον
197 370 259 408 περὶ
273 369 332 402 τοὺς
346 369 446 408 ὁμοφύ)
448 381 490 400 ους
504 371 567 406 ἡμῖν
583 367 722 405 ὑποδείξῃ·
739 366 846 415 ἐδάκρυ-

79 421 122 438 σεν
139 412 153 438 6
167 409 284 444 Ἰησους,
297 409 341 437 ἵνα
365 409 396 437 τὸ
418 408 519 437 κλαίειν
535 407 601 445 μετὰ
616 407 760 435 κἸαιόντων
778 405 846 453 ἔργῳ

80 449 179 486 μᾶλλον
205 448 222 483 ἢ
242 450 312 488 Ἰόγῳ
330 448 439 487 διδάξῃ·
454 448 596 495 εδάκρυσεν
617 449 631 475 6
652 446 771 480 Ιησοῦς·
786 445 846 473 ἐδά-

79 500 188 528 κρυσεν,
203 489 250 517 οὐκ
271 489 415 524 ἐπένθησε,
435 488 465 516 56
480 487 526 525 μὲν
543 486 688 535 ἀδάκρυτον
711 485 846 516 παντεὶῶς

78 530 114 560 ὡς
131 528 229 563 ἀπηνὲς
254 528 298 556 καὶ
321 528 495 577 ἀπάνθρωπον
515 525 750 575 παραιτούμενος,
763 523 794 552 τὸ
818 523 845 551 δὲ

79 567 230 606 φιλοπενθὲς
254 570 289 600 ὡς
312 566 401 606 ἀγεννε
404 579 415 600 ς
442 566 486 595 καὶ
511 566 636 613 ἄνανδρον
659 563 844 600 διωθούμενος·

78 607 182 640 τάξιν
168 608 194 636 οὲ
211 607 336 639 ε’πιτιθεις
348 619 380 646 τῃ
402 606 566 645 συμπαθεία,
586 604 737 643 ἐδάκρυσεν.
748 603 847 641 Ἔρχε-

78 659 123 676 ται
137 647 182 676 ἐπὶ
202 647 232 676 τὸ
252 647 397 683 σπήλαιον,
419 657 464 674 και
483 648 574 684 θεωρεῖ
591 644 661 673 λίθον
682 642 845 680 ἐπικείμενον

77 698 116 726 τῳ
141 687 269 725 μνήματι.
302 685 409 715 Κελεύει
439 690 492 718 τοῖς
516 695 682 731 παρεστωσιν
710 681 846 714 Ἰουδαίοις

78 728 238 756 ἀποκυλῑσαι
258 726 302 754 τὸν
327 726 427 754 λίθον
413 725 466 754 απὸ
489 727 534 752 τοῦ
558 723 698 771 στόματος
708 725 753 751 τοῦ
774 733 846 757 σπη-

77 766 161 796 λαίου.
176 766 210 794 Ὁ
225 765 308 804 λέγων
318 764 406 799 ,Ἐὰν
417 764 508 792 πίστιν
520 775 599 802 εχητε
613 765 648 795 ὡς
666 761 761 791 κόκκον
776 761 846 790 σινά-

77 817 161 842 πεως,
175 806 258 843 ἐρεῖτε
272 806 310 832 τῶ
325 804 380 842 ὄρει
393 803 478 843 τούτῳ
487 803 603 842 ,ἄρθητι
618 801 662 830 καὶ
679 802 791 840 βλήθητι
810 801 846 833 εἷς

78 844 126 879 τὴν
143 845 292 879 θάἸαο-σαν,
313 855 359 872 και
373 843 512 881 γενήσεται
534 845 612 880 υμῖν·
628 854 683 874 πως
703 843 746 869 ν’ὖν
770 840 847 873 αὐτὸς

78 885 212 916 ἇδυνατεῖς
227 885 388 912 ἀποκυλῖσαι
404 883 448 911 τὸν
469 882 557 917 λίθον;
573 881 642 910 Ἀλλ’
643 893 712 932 ουχ
725 883 760 913 ὡς
782 881 847 908 ἀδυ-

77 927 163 953 νατῶν
183 927 259 953 τοῦτο
277 925 359 959 ποιῶ,
379 934 473 962 φησιν,
488 921 571 951 ἀλλ’”
561 933 602 950 ινα
618 920 654 959 μὴ
670 920 764 954 δόξωσι
783 931 847 958 φαν-

77 964 172 994 τασίαν
184 967 250 992 εἶναι
265 963 294 992 56
307 962 456 1001 γινόμενον,
469 962 605 990 επιτάσσω
618 962 704 993 αὐτοῖς
717 964 770 993 τοῖς
785 959 847 989 Ἰου-

78 1004 160 1037 δαίοις
173 1003 250 1035 ἰδίαις
269 1014 360 1042 Δχερσιν
382 1003 542 1030 ἀποκυλῖσάι
562 1000 606 1029 τὸν
627 1001 715 1035 λίθον,
729 1000 759 1028 τὸ
774 998 848 1037 μέγι-

78 1054 140 1072 στον
168 1047 278 1081 σημεῖοι
310 1043 417 1080 ἐμαυτῳ
443 1041 672 1079 καταλιμπάνων·
703 1040 746 1068 ινα
775 1039 848 1068 αὐτοὶ

79 1082 209 1129 μάρτυρες
222 1082 349 1133 γένωνται
363 1084 415 1110 τῶν
429 1082 472 1110 ὑπ’
488 1082 552 1129 ἐμοῦ
564 1080 710 1119 γενομένων
721 1078 848 1116 σημείων.

78 1118 147 1151 Εἶτα
171 1122 239 1160 μετὰ
259 1122 289 1150 τὸ
308 1123 466 1150 ἀποκυλῑσαι
488 1121 531 1149 τὸν
553 1121 640 1155 λίθον,
663 1119 767 1148 ἀναὸλέ
763 1120 815 1158 let:
835 1121 849 1148 6

79 1160 181 1197 Ἰησοῦς
193 1163 228 1194 εἷς
243 1162 286 1190 τὸν
303 1161 427 1199 οὐρανὸν,
443 1164 530 1189 εἰπεν·
545 1161 589 1189 F6
584 1161 707 1207 χαριστῶ
717 1170 772 1194 σοι,
766 1132 850 1187 Ἰ,Ποί-

78 1212 142 1249 τερ,
161 1201 188 1231 δ”.
183 1214 202 1230 -ι
226 1201 340 1236 ἤκουσάς
365 1213 422 1239 μου.
444 1201 501 1229 110‘:
504 1212 516 1229 ε
538 1199 566 1228 δὲ
591 1198 849 1238 7FOW6Z²T031NUV

79 1241 215 1280 λαμὸανε
238 1241 359 1289 ἀγάπη-,ὲ
370 1264 378 1276 ,
400 1253 448 1275 την
470 1240 522 1279 πρὸ
536 1239 664 1291 βραγεος
687 1238 849 1272 ζητουμέντν

79 1282 154 1320 παρὰ
175 1284 220 1310 σοῦ
242 1280 316 1310 Ἰύσιν
339 1293 383 1309 του
405 1282 504 1328 ρητοῧ·
526 1279 569 1308 ὅτε
588 1279 639 1318 γαρ
657 1278 801 1317 ἐνεὲριμησ
804 1289 851 1307 ατο

80 1323 118 1360 τῷ
141 1320 288 1359 πνεύματι,
302 1319 362 1349 τότε
383 1319 559 1358 προσηύξατο.
576 1319 629 1348 Καὶ
651 1321 734 1347 ταῦτα
755 1317 850 1354 εἰπὼν,

79 1360 173 1399 ἔκραξε
195 1363 268 1409 φωνῇ
290 1361 409 1398 μεγάλῃ,
430 1360 532 1409 Ἰεγων,
554 1359 676 1407 Λάζαρε,
697 1359 772 1396 δευρο
792 1357 850 1391 εςω.

80 1401 135 1429 Και
154 1400 272 1432 εὐθέως
261 1412 286 1433 ες
275 1399 365 1434 ’ἦἸθεν
380 1410 394 1428 ο
408 1398 539 1434 τεθνηκὼς
554 1398 688 1436 οεοεμένος
700 1397 747 1430 τὰς
760 1402 851 1448 χεῖρας

81 1439 126 1468 καὶ
146 1439 205 1472 τους
230 1439 313 1472 πόδας
339 1439 459 1478 κειρίαις.
486 1439 521 1467 Ὠ
545 1439 633 1476 φωνῆς
654 1438 762 1475 δύναμις
786 1437 851 1476 ᾅδην

81 1480 140 1508 δια’
127 1479 259 1519 ρρήξασοι,
288 1478 372 1511 πύλας
400 1479 503 1517 χαλκᾶς
529 1477 709 1526 συντρίρασα,
738 1468 852 1515 μογἸους

81 1520 203 1559 σιδηροῦς
220 1518 404 1554 συνθλάσασα,
420 1517 541 1546 ὃιάῧολον
557 1516 786 1566 καταστρώσασα,
802 1517 851 1545 θά-

81 1571 159 1588 νατον
179 1558 389 1610 καταργήσασα,
414 1557 504 1596 νεκρὸν
530 1556 705 1606 ἀνεγείρασα
720 1556 742 1584 ὢ
765 1558 852 1595 φωνῆς

81 1598 204 1636 δύναμις,
219 1611 252 1627 τα
267 1599 394 1627 διεστῶτα
414 1597 482 1635 με’λη
505 1598 540 1630 εἷς
559 1596 586 1625 ἓν
609 1598 793 1638 συναγαγοῧσα
806 1607 852 1624 και

83 1640 242 1687 ἀνορθοῦσα,
255 1650 299 1666 και
313 1638 365 1666 56-
355 1637 379 1671 ἒξ
394 1639 440 1666 οὐκ
451 1637 531 1666 ὄντων
547 1637 583 1669 εἷς
602 1637 632 1665 τὸ
651 1639 716 1665 εἶναι
730 1647 852 1675 παραγα-

83 1682 184 1730 γοῖὶσα·
205 1691 226 1706 ω
249 1690 336 1716 φωνης
355 1677 478 1715 δύναμις,
496 1676 540 1704 τὸν
558 1676 760 1726 τετραήμερον
761 1676 851 1714 νεκρὸν

83 1720 119 1751 ὥς
130 1717 158 1751 ἐξ
170 1718 251 1748 ὕπνου
265 1717 412 1756 ἐγείρουσα,
428 1728 473 1745 και
487 1717 531 1745 τὸν
544 1728 655 1755 κειριαις
667 1715 801 1754 οεοεμένον
816 1717 852 1748 ὡς

84 1758 189 1787 εὔλυτον
204 1770 249 1786 και
259 1758 319 1791 ὀξυο
337 1758 403 1795 ομέα
414 1769 458 1786 του
470 1756 553 1795 τάφου
564 1767 648 1795 προα
644 1769 669 1784 ια
671 1759 761 1794 γοῧσα.
795 1755 853 1783 πί-

84 1809 199 1833 στησον,
207 1800 349 1849 ἀγαπητε,
371 1796 415 1825 τὸν
435 1808 494 1825 νουν
515 1808 561 1825 σου
582 1799 615 1834 τῇ
637 1798 726 1835 φωνῇ,
743 1807 787 1824 και
808 1807 851 1823 ευ-

85 1850 173 1876 ρησεις
185 1838 262 1866 αὐτὸν
274 1838 318 1866 τὸν
329 1837 405 1887 λόγον
419 1836 463 1865 τὸν
475 1836 505 1865 )5'
493 1848 584 1875 εγοντα
597 1838 622 1865 ἐν
637 1848 669 1874 τῃ
682 1834 853 1874 κοσμοποιία,

86 1877 225 1913 Ιενηθητω
241 1880 308 1916 Φῶς,
327 1889 373 1905 και
387 1876 489 1915 ἐγένετο
493 1878 570 1926 Ηφῶς,
590 1875 782 1910 Γενηθήτωσαν
799 1886 853 1912 φω-

85 1919 179 1965 στῆρες
195 1918 220 1945 ἐν
235 1929 274 1956 τῳ
288 1916 453 1965 στερεώματι
465 1927 510 1944 του
524 1917 647 1954 οὐρανου,
662 1927 708 1944 και
723 1914 855 1952 ἐγένοντο,

85 1957 129 1986 τὸν
144 1957 221 1985 αὐτὸν
234 1947 280 1985 καὶ
293 1959 336 1985 νῧν
348 1955 387 1984 λέ
386 1967 476 1993 (οντα,
490 1955 608 1994 Λάζαρε,
630 1955 704 2005 δεῦρο
725 1954 785 1988 ἔξω.
803 1953 855 1982 Και

85 1998 109 2026 οἱ
132 1998 170 2025 ἀπ
162 1996 340 2044 οῤῥεύσαντες
359 1997 453 2043 ἷγιιρες
473 1996 526 2022 τῶν
548 2006 654 2033 σαρκων
675 1993 721 2025 τὰς
745 1993 856 2027 κοτύλας

85 2036 165 2065 πάλιν
191 2035 368 2083 ἀνεπλήρουν,
387 2046 433 2062 και
451 2036 478 2062 αἱ
498 2036 679 2063 ἀποπεσοῦσαι
698 2034 786 2072 τρίγες
807 2032 856 2067 τὴν

86 2075 185 2105 οἰκείαν
200 2075 272 2108 τάξιν
293 2074 479 2113 ἐπεγίνωσκον,
495 2086 539 2102 και
561 2075 586 2102 ἐν
601 2077 655 2107 τοῖς
670 2073 761 2111 μέἸεσι
778 2084 856 2101 κατε-

86 2115 233 2155 φυτεύοντο.
256 2115 376 2153 ἱάζαρε,
398 2114 473 2152 δεῦρο
491 2113 558 2146 ἔξω
582 2125 628 2142 και
647 2116 661 2142 6
684 2113 774 2151 νεκρὸς
798 2112 856 2140 ’ἰνί-

87 2166 182 2191 στα-το,
204 2154 249 2184 καὶ
268 2158 420 2192 τεταρταῖος
435 2153 489 2185 ἴσος
503 2156 535 2188 ἠν
554 2155 591 2182 τώ
613 2152 680 2191 μήτε
702 2152 749 2188 τὴν
771 2151 857 2192 ἀργὴν

86 2197 218 2224 τεθνεῶτι,
224 2194 354 2243 Λάζαρε,
377 2194 453 2232 δεῦρο
473 2205 541 2226 εςω“
556 2193 601 2222 καὶ
624 2195 642 2227 ἡ
662 2192 734 2231 ὐχὴ
758 2193 788 2221 ἐκ
805 2194 856 2220 τῶν

87 2233 266 2274 κατα-χθονίων
282 2234 450 2266 ἀνάσπαστος
464 2233 576 2271 ἐγίνετο,
593 2232 629 2270 μὴ
649 2232 800 2261 οιαδόλου’
786 2243 858 2260 αντι-

86 2274 219 2313 λέγοντος,
235 2273 272 2311 μὴ
290 2273 400 2302 θανάτου
415 2273 649 2306 ἀντιπαἸοιίοντος,
661 2284 706 2300 και
727 2283 858 2311 γαιρουσα

86 2314 116 2344 τὸ
135 2314 201 2343 ἴδιον
217 2314 329 2364 οἴκημα,
343 2313 515 2351 ἐπεγίνωσκε.
542 2312 652 2341 Τούτων
677 2323 728 2340 των
756 2314 857 2349 θαυμα-

87 2353 295 2405 τουργημάτων,
316 2354 435 2391 ἀγαπητε
444 2375 451 2387 ,
472 2352 501 2380 56
523 2354 590 2380 θεῖον
611 2351 686 2390 ἔργον
706 2351 856 2390 θεωρησας,

87 2393 161 2429 τὴν’
147 2394 290 2423 ανάστασιν
304 2392 340 2431 μὴ
362 2392 531 2431 ἇιιρίυαλΙε
545 2392 657 2430 γενέσθω
673 2403 712 2419 σοι
730 2391 856 2441 ἔσοπτρον

87 2437 101 2462 6
125 2433 260 2482 Λάζαρος,
275 2445 320 2461 και
341 2433 367 2460 ἐν
390 2433 482 2460 ἐκείνω
506 2431 612 2460 σεαυτὸν
633 2431 786 2481 θεωρήσας,
808 2430 855 2465 τὴν

89 2472 222 2523 ἀνέγερσιν
242 2473 357 2502 πίστευε.
373 2471 405 2500 ll
420 2473 468 2500 αὐτ
460 2471 486 2507 ,ὴ
508 2471 559 2518 γὰρ
573 2470 644 2510 φωνὴ
664 2472 765 2503 πάντας
786 2473 857 2508 ἡμᾶς

88 2513 244 2548 αναστήσει,
261 2512 295 2544 ώς
309 2524 359 2540 750³
375 2511 418 2540 καὶ
433 2514 447 2540 6
464 2511 629 2543 αποστοὶος
623 2511 709 2548 Ιένει·
726 2510 856 2539 Σαλπίσει

88 2553 152 2591 γὰρ,
164 2552 208 2581 καὶ
221 2555 243 2581 οἳ
256 2564 340 2590 νεκροι
355 2551 546 2586 rium-sema«
562 2551 751 2590 1?0“?·»‘¹‘'-?·
767 2550 858 2590 χάριτι

1568 134 1640 181 945

898 207 1065 246 lacrymatus
1082 213 1120 235 est
1140 206 1229 243 Jews,
1241 211 1271 234 ut
1289 205 1375 245 magis
1396 216 1425 234 re
1446 215 1529 244 quam
1553 206 1642 235 verbis

900 257 1007 285 doceret
1031 256 1150 285 flendum
1165 266 1220 285 esse
1238 266 1299 284 cum
1314 255 1439 284 flentibus
1453 268 1459 283 :
1477 255 1642 295 lacrymatus

901 314 939 337 est
953 309 1040 343 JesuS,
1057 318 1109 337 non
1123 307 1196 336 luxit
1215 319 1221 335 :
1240 317 1303 335 nam
1320 306 1376 336 sine
1390 306 1519 346 lacrymis
1534 306 1643 335 omnino

901 369 957 387 csse
971 365 1000 387 ut
1013 359 1190 387 inhumanum
1211 358 1322 398 respuit,
1336 358 1429 397 lugere
1445 368 1509 387 vero
1524 364 1553 386 ut
1567 358 1644 397 igna-

901 419 967 437 vum
989 409 1076 449 rejicit
1092 421 1100 445 ;
1118 415 1147 437 ut
1167 408 1278 437 modum
1295 407 1516 437 commiserationi
1535 414 1644 443 statuat,

901 458 1077 498 lacrymatur.
1097 458 1180 488 Venit
1205 459 1231 487 in
1257 458 1424 497 speluncam,
1439 465 1463 486 et
1486 458 1559 487 videt
1575 458 1645 498 lapi-

866 528 883 550 F
901 509 961 538 dem
976 510 1132 550 impositum
1148 516 1329 538 monumento.
1343 509 1424 539 Jubet
1437 508 1544 538 ,ludaeos
1558 521 1645 539 remo-

902 568 964 586 vere
983 557 1100 597 lapidem
1119 558 1154 587 ab
1174 559 1242 587 ostio
1260 557 1502 591 monumenti.Qui
1519 557 1645 594 dicis,Si
1658 560 1744 581 M-¹¹¹'¹›
1764 566 1798 587 ¹7·

898 603 989 643 fidem
998 604 1133 633 habeatis
1143 611 1174 633 ut
1188 615 1314 644 granum
1328 605 1451 642 sinapis,
1465 603 1567 631 dicetis
1577 604 1645 633 huic
1662 597 1697 620 ¹9-

906 651 1009 685 monti,
1026 650 1140 679 Tollere
1156 656 1183 679 et
1203 652 1317 679 mittere
1332 651 1363 678 in
1381 658 1473 686 mare,
1487 648 1576 687 elfiet
1591 660 1645 677 vo-

857 710 892 730 8³2
904 695 947 724 bis
960 707 966 723 z
980 695 1114 734 quomodo
1126 706 1197 725 nunc
1211 706 1263 725 non
1273 702 1349 735 potes
1360 705 1497 723 removere
1508 694 1647 734 lapidem?

865 742 884 765 Α
903 741 955 771 Sed
975 752 1027 783 non
1051 742 1125 780 quod
1143 753 1196 771 non
1211 743 1323 782 possim,
1339 743 1375 771 ita
1395 751 1455 780 ago,
1471 741 1558 780 inquit
1573 755 1582 782 3
1600 740 1647 770 sed

903 798 936 816 ne
954 795 1047 827 putent
1067 799 1123 817 rem
1149 799 1204 818 esse
1224 789 1394 828 phantasiam
1411 813 1418 827 ,
1432 789 1560 829 proecipio
1582 787 1648 828 ipsis

904 833 1008 863 Judaeis
1021 840 1050 862 ut
1067 833 1122 863 suis
1142 834 1268 863 manibus
1282 834 1400 874 lapidem
1412 840 1576 869 removeant,
1588 844 1647 861 ma·-

903 878 1008 908 ximum
1022 879 1130 918 signum
1151 880 1219 909 mihi
1232 890 1382 918 reservans,
1394 887 1424 908 ut
1438 880 1489 920 ipsi
1504 886 1581 908 testes
1595 879 1649 908 sint

902 924 1041 964 signorum
1058 936 1074 954 a
1085 935 1127 954 me
1142 933 1317 965 patratorum.
1333 925 1437 955 Deinde
1450 932 1592 965 postquam
1607 934 1648 953 re-

903 972 1012 1000 volutus
1032 972 1084 1000 fuit
1105 972 1186 1011 lapis,
1199 973 1344 1012 respiciens
1355 974 1433 1003 Jesus
1447 973 1475 1001 in
1493 972 1588 1001 caelum
1605 971 1648 1000 di-

904 1017 961 1046 xit:
977 1018 1098 1047 Gratias
1115 1020 1168 1047 tibi
1179 1029 1244 1058 age,
1262 1020 1363 1055 Pater,
1379 1021 1519 1058 quoniam
1537 1018 1648 1046 audisti
1660 1015 1718 1035 ‘⁰¹¹¹'
1740 1022 1775 1036 ¹¹·

904 1075 957 1093 me.
980 1064 1160 1099 Quandonam
1187 1071 1276 1093 autem
1301 1066 1389 1094 oravit
1404 1065 1418 1094 Ξ)
1440 1066 1519 1094 Nunc
1537 1063 1645 1103 accipe,

903 1111 1012 1149 dilecte,
1026 1122 1108 1150 quam
1127 1111 1208 1141 modo
1222 1112 1362 1150 quaerebas
1375 1112 1452 1141 verbi
1467 1111 1626 1141 solutionem
1641 1122 1647 1137 :

905 1168 967 1186 cum
978 1158 1049 1187 enim
1066 1158 1205 1187 infremuit
1218 1158 1328 1198 spiritu,
1341 1165 1406 1188 tunc
1418 1165 1540 1198 precatus
1554 1164 1603 1187 est.
1613 1156 1650 1186 Et

905 1205 967 1233 haec
983 1215 1047 1233 cum
1063 1205 1194 1240 dixisset,
1209 1205 1350 1234 clamavit
1364 1215 1438 1234 voce
1454 1214 1576 1243 magna,
1592 1204 1650 1232 La-

906 1261 986 1288 zare,
1001 1253 1072 1279 veni
1077 1251 1179 1290 foras.
1196 1251 1237 1279 Et
1250 1253 1351 1280 statim
1368 1252 1477 1290 prodiit
1489 1253 1540 1290 qui
1542 1251 1651 1290 suerat

907 1303 1056 1335 mortuus,
1074 1298 1182 1336 ligatus
1199 1298 1286 1336 pedes
1310 1304 1338 1326 et
1358 1307 1463 1326 manus
1486 1298 1606 1325 institis.
1625 1295 1651 1323 O

906 1342 981 1371 vocis
1014 1342 1072 1371 vim
1100 1343 1199 1371 inferos
1221 1342 1435 1382 dirumpentem,
1459 1348 1550 1381 portas
1570 1351 1650 1369 aereas

907 1395 1095 1426 conterentem,
1101 1396 1189 1418 vectes
1200 1389 1297 1417 ferreos
1303 1388 1386 1417 confri
1390 1394 1505 1427 gentem,
1510 1386 1651 1416 diabolum

907 1442 1129 1475 prosternentem,
1141 1442 1255 1464 mortem
1267 1434 1301 1464 de
1315 1434 1405 1464 medio
1421 1434 1569 1469 tollentem,
1582 1443 1651 1462 mor-

907 1492 985 1513 tuum
1006 1484 1178 1512 suscitantem
1198 1482 1205 1512 l
1230 1494 1246 1512 o
1269 1483 1344 1513 vocis
1363 1482 1438 1518 vim,
1454 1493 1515 1521 quae
1540 1481 1650 1510 diducta

907 1530 1028 1559 membra
1047 1530 1075 1558 in
1090 1540 1175 1558 unum
1189 1530 1260 1569 cogit
1274 1536 1301 1558 et
1318 1529 1409 1568 erigit,
1425 1535 1450 1557 et
1469 1539 1505 1557 ex
1524 1538 1577 1556 non
1602 1537 1652 1555 ex-

907 1576 1040 1605 stantibus
1058 1576 1093 1604 ad
1115 1586 1171 1605 esse
1192 1575 1321 1615 producit
1336 1573 1343 1603 !
1356 1585 1371 1603 o
1392 1574 1467 1604 vocis
1494 1573 1567 1608 vim,
1591 1583 1650 1612 quae

907 1621 1118 1660 quatriduanum
1141 1628 1279 1649 mortuum
1294 1620 1370 1659 quasi
1391 1631 1406 1649 a
1425 1630 1518 1649 somno
1539 1619 1649 1656 excitat,

907 1675 932 1697 ct
960 1668 1059 1697 institis
1086 1667 1225 1702 vinctum,
1247 1667 1323 1706 quasi
1351 1667 1471 1695 solutum
1493 1672 1518 1694 et
1538 1666 1650 1694 celerem

907 1725 1061 1749 cursorem,
1077 1724 1111 1742 ex
1135 1713 1278 1753 sepulchro
1299 1712 1409 1742 educit!
1436 1712 1566 1740 Animum
1591 1711 1650 1740 voci

906 1760 1023 1796 adhibe,
1043 1759 1150 1795 dilecte,
1169 1766 1195 1788 et
1221 1759 1340 1788 invenies
1365 1758 1455 1798 ipsum
1483 1757 1598 1787 verbum
1622 1758 1650 1786 in

908 1808 1002 1838 mundi
1022 1807 1155 1837 creatione
1179 1806 1332 1847 prolatum,
1348 1808 1419 1835 Fiat
1436 1807 1500 1841 lux,
1517 1812 1547 1835 et
1563 1806 1650 1845 facta
1664 1811 1722 1832 Gen.
1733 1817 1752 1832 ι,
1766 1810 1788 1832 3.

871 1856 890 1879 C
908 1862 950 1884 est
982 1855 1034 1883 lux
1062 1865 1070 1880 .-

908 1901 974 1930 caeli
989 1922 997 1937 ,
1017 1906 1043 1928 et
1065 1900 1132 1928 facta
1153 1905 1243 1935 sunt3
1266 1898 1376 1937 ipsum,
1394 1897 1524 1936 inquam,
1537 1897 1651 1934 dicens,

908 1948 1033 1981 Lamre,
1049 1947 1119 1974 veni
1129 1945 1230 1986 joras
1242 1944 1277 1973 Et
1289 1943 1375 1973 sanies
1387 1954 1421 1972 ex
1433 1943 1558 1972 carnibus
1570 1943 1655 1972 fluens

910 2003 975 2021 cava
990 1992 1089 2020 iterum
1110 1990 1231 2030 replebat
1246 2001 1254 2027 ;
1269 1996 1292 2018 et
1309 1989 1357 2028 qui
1374 1988 1529 2018 deciderant
1552 1988 1637 2017 crines
1648 2010 1657 2024 ,

910 2050 989 2068 suum
1008 2037 1131 2067 ordinem
1143 2035 1410 2076 agnoverunt,inque
1425 2034 1553 2064 membris
1568 2034 1658 2063 denuo

910 2085 1244 2125 plantabantur.Lazar-e‚
1255 2084 1326 2111 veni
1334 2083 1427 2122 foras.
1437 2081 1473 2110 Et
1483 2088 1606 2110 mortuus
1615 2092 1657 2110 re-

912 2131 1040 2166 surrexit,
1048 2137 1073 2159 et
1086 2128 1283 2169 quatriduanus
1299 2139 1348 2168 par
1361 2134 1417 2156 erat
1429 2127 1452 2156 ei
1468 2127 1513 2165 qui
1525 2137 1573 2156 nec
1582 2138 1657 2155 mor-

912 2185 975 2207 tuus
984 2177 1089 2206 suisset.
1101 2177 1225 2211 Lazare,
1233 2177 1304 2203 veni
1310 2175 1410 2214 sorus:
1422 2180 1446 2202 et
1453 2173 1542 2202 anima
1551 2184 1586 2202 ex
1594 2173 1659 2202 infe-

912 2224 948 2253 ris
957 2223 1065 2252 reducta
1076 2229 1115 2251 est
1125 2232 1178 2251 non
1189 2220 1388 2250 contradicente
1396 2219 1572 2256 diabolo‚n0n
1582 2229 1656 2258 repu-

912 2277 1009 2310 gnante
1019 2270 1131 2306 inferno,
1141 2275 1165 2297 et
1178 2267 1296 2307 gaudens
1307 2266 1476 2295 domicilium
1489 2276 1569 2295 suum
1580 2275 1658 2304 agno-

911 2317 961 2346 vit.
970 2317 1027 2345 Hoc
1039 2314 1231 2345 miraculorum
1241 2324 1308 2353 opus
1319 2312 1443 2341 divinum
1455 2312 1658 2351 contemplatus,

911 2364 1009 2393 dilecte
1018 2385 1026 2399 ,
1038 2362 1072 2391 de
1087 2360 1280 2391 resurrectione
1295 2370 1328 2388 ne
1348 2358 1465 2388 dubites.
1479 2358 1521 2387 Sit
1532 2358 1581 2387 tibi
1595 2368 1657 2398 spe-

911 2410 1003 2439 culum
1016 2409 1134 2438 Lazarus
1153 2413 1179 2435 et
1200 2406 1226 2435 in
1250 2405 1296 2434 illo
1317 2405 1433 2444 teipsum
1447 2404 1603 2444 respiciens,
1617 2415 1658 2433 re-

912 2456 1103 2486 surrectionem
1121 2453 1207 2483 crcdc.
1228 2452 1331 2481 Eadem
1352 2451 1423 2480 enim
1447 2450 1504 2491 ipsa
1530 2462 1586 2480 vox
1609 2461 1657 2480 nos

912 2513 1003 2531 omncs
1015 2499 1167 2537 suscitabit,
1180 2505 1208 2527 ut
1225 2498 1367 2538 Apostolus
1390 2497 1427 2526 ait
1443 2509 1448 2524 :
1468 2498 1550 2526 Tubu
1569 2504 1655 2526 canet
1673 2515 1689 2529 .,
1705 2509 1745 2530 sm

912 2551 987 2578 cm'm
998 2571 1005 2583 ,
1023 2554 1048 2577 et
1071 2548 1178 2575 mortui
1205 2551 1354 2584 resurgent
1377 2546 1538 2583 ιἰιιυιϊιψιί
1548 2567 1554 2580 ,
1571 2544 1655 2583 gratia
1669 2540 1706 2561 ''²-

1100 1854 1191 1881 Fiant
1218 1853 1380 1881 luminaria
1409 1854 1441 1880 in
1463 1853 1651 1890 firmamento
1667 1844 1702 1870 '4'
