1893 2860
122 1617 188 1638 llvlux
207 1624 223 1638 1.
240 1624 260 1639 2.

282 157 352 201 (3:⁵14
622 170 649 190 s.
679 169 817 192 somnis
846 170 1026 193 cunrsosr.

282 232 478 267 lutei-regennis
492 239 554 267 ergo
571 229 719 259 haerctieos.
736 229 805 258 Ecce
817 230 878 258 soli
893 231 956 258 Deo
974 231 1018 259 di-

283 275 340 307 xit,
363 275 398 302 dc
421 275 499 302 Patre
521 274 632 312 loquens
652 286 658 302 :
681 285 777 313 ergone
797 275 881 303 Filius
902 286 954 304 non
980 284 1018 305 est

282 320 371 348 Dens?
381 326 416 355 et,
430 319 491 348 Soli
505 321 720 358 incorruptibili
731 332 739 350 ,·
754 330 851 358 ergone
864 321 950 351 Filius
964 333 1016 351 non

280 365 512 404 incorruptibilis3l
532 373 557 394 et
579 365 651 403 quod
672 366 728 404 ipse
750 373 839 404 postea
862 366 909 396 dat
930 368 1016 404 nobis,

279 411 335 449 ipse
353 421 404 439 non
427 411 525 439 habet?
541 411 642 447 Etiam,
658 411 793 448 inquiunt,
808 419 832 440 et
847 413 919 441 Deus
933 420 959 442 et
976 414 1016 442 in-

278 456 459 495 corruptibilis
474 463 522 491 est,
537 457 582 485 sed
597 467 649 485 non
666 457 726 485 talis
740 457 826 495 qualis
842 458 930 487 Pater.
943 458 1016 494 Quid

278 502 368 530 dicis?
384 513 435 530 non
451 502 522 539 talis,
535 510 561 531 et
581 503 692 531 minoris
707 502 862 532 substantiae
880 505 939 533 est?
953 516 1015 543 crgo

279 556 302 576 et
323 549 434 577 minoris
456 549 663 587 incorruptionis
686 549 745 577 erit.
769 549 844 585 Quid
864 557 953 579 autem
977 559 1016 580 est

278 594 362 632 major
385 601 409 622 ct
428 594 516 623 minor
543 594 735 633 incorruptio?
751 595 917 634 incorruptio
943 597 1013 625 enim

277 638 345 666 nihil
360 638 434 667 aliud
450 646 487 667 est
506 650 585 677 quam
605 649 657 667 nou
674 640 820 679 corrumpi.
835 642 930 670 Gloria
947 642 1011 680 qui-

277 684 338 712 dem
354 685 438 723 major
450 691 475 713 et
490 685 573 722 gloria
587 686 674 713 minor
682 692 730 722 est,
744 686 909 726 incorruptio
924 694 1014 716 autem

276 730 360 769 major
377 738 402 759 et
424 731 510 759 minor
531 741 672 768 nusquam,
689 731 756 759 sicut
775 742 822 760 nec
839 733 937 761 sanitas
959 733 1010 761 ini-

275 786 323 804 uor
343 782 367 804 et
388 777 473 815 major
491 789 496 804 :
514 783 560 804 aut
580 777 716 816 corrumpi
735 777 875 816 quidpiam
898 785 1011 817 oportet,

274 830 320 851 aut
342 823 449 851 omnino
466 833 518 851 non
541 823 686 861 corrumpi.
702 824 777 857 Quid
799 835 861 862 ergo
875 847 882 861 ‚
902 825 1011 863 inquit?

275 879 355 897 nosue
376 868 499 896 similiter
512 868 730 906 incorruptibiles
752 869 876 898 erimus?
905 871 983 899 Absit
1004 883 1009 898 :

275 914 349 942 nullo
370 913 458 942 modo.
482 914 592 948 Quare?
605 914 676 948 Quia
703 915 761 953 ipse
780 925 813 943 ex
832 922 927 944 natura
944 917 1012 946 illud

274 959 354 987 habet
367 970 375 995 3
392 959 468 987 nobis
483 965 570 987 autem
589 958 617 986 id
637 959 730 987 datum
744 970 951 998 concessumque
964 970 1012 991 est.

275 1004 380 1042 Ergone
391 1004 468 1032 etiam
483 1004 509 1033 in
524 1005 593 1034 Filio
607 1015 647 1033 res
658 1005 696 1033 sic
708 1005 806 1034 habet?
819 1007 992 1045 Nequaquam
1003 1021 1010 1045 ;

274 1050 321 1078 sed
334 1057 359 1079 et
376 1050 432 1089 ipse
445 1057 539 1079 natura
555 1051 617 1079 talis
635 1058 682 1079 est.
698 1052 728 1079 In
748 1061 801 1089 quo
818 1062 880 1089 ergo
898 1060 936 1081 est
954 1053 1011 1082 dif-

273 1096 405 1124 ferentia?
420 1097 490 1131 Quia
503 1097 550 1124 ille
569 1096 687 1134 quidem,
701 1097 804 1135 inquit,
819 1108 835 1126 a
851 1098 956 1127 nemine
972 1100 1010 1128 fa·

274 1149 332 1171 ctus
355 1149 393 1170 est
412 1142 472 1170 talis
487 1154 495 1179 3
513 1143 597 1171 Filius
618 1149 705 1171 autem
726 1154 740 1171 a
761 1144 839 1172 Patre
864 1143 954 1173 habet.
977 1145 1012 1174 Et

275 1198 322 1216 nos
343 1188 394 1215 hoc
413 1188 582 1225 confitemur,
608 1198 692 1225 neque
720 1198 848 1226 negamus
874 1189 947 1226 quod
967 1191 1012 1219 Fi-

272 1236 324 1264 lius
335 1246 369 1264 ex
384 1236 460 1263 Patre
475 1235 714 1274 incorruptibiliter
726 1243 804 1265 natus
816 1238 860 1266 sit.
875 1238 951 1275 Ideo,
966 1239 1011 1267 in—

273 1282 380 1320 quiunt,
397 1282 502 1310 Patrem
520 1282 700 1320 glorificamus
711 1305 718 1318 ,
734 1283 805 1320 quod
824 1283 904 1313 talem
923 1285 1012 1323 ipsum

273 1327 400 1364 genuerit.
416 1327 515 1356 Vidcn’
530 1327 602 1365 quod
625 1334 688 1356 tunc
710 1328 827 1357 maxime
848 1329 1013 1367 glorificetur

274 1379 360 1410 pater,
371 1383 429 1400 cum
447 1372 519 1400 filius
531 1383 626 1410 magna
635 1373 766 1411 peregerit
776 1373 827 1401 ‚⁰ad
840 1374 928 1413 ipsum
940 1376 1010 1404 enim

274 1417 363 1445 omnia
389 1428 448 1455 quae
467 1418 518 1446 filii
539 1424 600 1446 sunt
619 1418 780 1447 referuntur.
801 1419 888 1457 Igitur
909 1431 968 1451 cum
987 1428 1013 1449 et

274 1469 408 1500 potentem
422 1464 552 1502 genuerit,
565 1470 589 1491 et
604 1463 683 1492 talem
699 1464 786 1501 qualis
798 1464 854 1503 ipse
868 1472 917 1502 est,
934 1467 1012 1504 [non]

275 1508 360 1546 inagis
379 1509 463 1546 gloria
481 1509 531 1537 filii
551 1516 589 1537 est
602 1519 682 1546 quam
703 1509 797 1548 patris,
813 1520 874 1538 cum
891 1511 942 1539 sihi
960 1511 1011 1550 ipsi

278 1554 466 1590 sufficientem,
484 1565 545 1583 cum
570 1554 642 1583 haud
661 1555 808 1583 infirmunr
832 1556 904 1585 Illud
928 1568 1011 1593 vero,

276 1600 346 1638 Regi
359 1600 544 1636 soeculorum,
559 1600 639 1629 etiam
653 1600 687 1628 de
698 1600 767 1629 Filio
780 1601 884 1630 dictum
899 1609 946 1637 est,
955 1604 1013 1632 Per

276 1646 445 1685 quemfecit
466 1652 493 1674 et
511 1646 630 1674 soecula.
647 1646 770 1685 ldipsum
787 1654 825 1676 est
838 1647 882 1675 hic
895 1659 1010 1687 quoquc.

275 1690 356 1729 Apud
382 1701 428 1719 nos
454 1691 562 1729 quidem
591 1698 703 1730 utraque
728 1703 768 1721 res
796 1693 921 1723 distincta
949 1703 1009 1733 est,

275 1736 397 1765 formatio
430 1747 524 1776 nempe
550 1744 575 1765 et
604 1737 721 1775 creatio,
751 1744 777 1766 et
802 1739 871 1767 alius
902 1740 1010 1778 quidem

273 1783 413 1820 construit,
430 1790 569 1822 operatur,
583 1783 687 1812 laborat
702 1795 710 1821 5
725 1784 794 1813 alius
807 1795 871 1815 vero
886 1786 1009 1826 imperat.

274 1830 384 1864 Quare}>
398 1830 469 1868 Quia
490 1831 535 1868 qui
557 1831 687 1859 construit
705 1831 793 1860 minor
814 1839 860 1861 cst.
876 1834 935 1863 Illic
947 1845 1010 1864 vero

274 1875 382 1903 minime
404 1889 409 1904 :
432 1886 484 1904 non
506 1876 615 1904 alterius
638 1883 677 1905 est
698 1877 856 1917 dominatio,
873 1889 920 1908 nec
941 1881 1010 1909 alte-

273 1921 329 1949 rius
348 1922 454 1950 creatio.
468 1922 559 1959 Neque
577 1922 648 1950 enim
668 1932 730 1950 cum
745 1923 834 1958 audio,
846 1926 905 1953 Per
926 1936 1010 1965 quem

272 1967 341 2002 fecit
365 1974 391 1996 et
413 1968 533 2003 soeculaez,
553 1968 643 1996 aufero
665 1979 680 1996 a
702 1969 780 1997 Patre
800 1969 1008 2009 sorinationcm3

273 2022 356 2049 neque
380 2023 441 2040 cum
462 2013 543 2041 audio
569 2014 676 2041 Patrem
701 2024 756 2042 esse
778 2015 876 2054 Regem
899 2018 1008 2046 saeculo-

273 2068 346 2093 rum,
361 2069 376 2086 a
394 2059 464 2087 Filio
483 2059 649 2087 dominatum
665 2060 756 2088 aufero
773 2073 779 2088 ε
797 2061 854 2090 liaec
871 2062 972 2102 quippe
985 2070 1010 2092 et

272 2104 336 2132 huic
356 2112 380 2133 ct
407 2105 446 2133 illi
476 2105 625 2134 communia
650 2113 733 2143 sunt,
757 2113 867 2145 utraque
895 2109 923 2137 in
948 2120 1009 2138 am-

273 2150 359 2178 bobus
373 2157 442 2180 sunt.
460 2151 566 2179 Creavit
580 2152 658 2180 Pater
667 2173 675 2188 ,
690 2152 760 2190 quod
776 2153 946 2183 formatorem
960 2155 1009 2183 Fi-

273 2195 339 2223 lium
357 2196 477 2234 genuerit
492 2208 498 2223 z
514 2203 608 2234 regnat
622 2197 705 2225 Filius
717 2219 725 2233 ,
738 2197 809 2236 quod
825 2199 957 2228 Dominus
977 2201 1010 2229 sit

272 2248 459 2270 creaturarum.
472 2243 562 2280 Neque
580 2243 649 2271 enim
669 2254 717 2281 pro
735 2244 856 2273 mercede
874 2252 1008 2284 operatur,

275 2292 302 2313 ιιι
317 2285 388 2325 apud
403 2297 449 2314 nos
464 2286 504 2321 fit,
522 2298 605 2325 neque
619 2288 695 2316 alteri
713 2289 880 2329 obediensiut
896 2301 953 2329 nos,
964 2292 1010 2320 sed

274 2343 319 2368 pei
341 2332 475 2371 1›1··op1iam
495 2333 639 2363 bonitatem
667 2342 691 2363 et
716 2335 856 2365 hominum
879 2348 1006 2367 amorem.
1030 2340 1046 2362 F

273 2377 345 2410 <mid
366 2379 473 2406 nuem''
494 2379 578 2407 lilius
604 2380 677 2408 visus
702 2387 739 2408 cst
764 2380 931 2419 aliquando?
952 2383 1007 2411 Ne-

276 2431 317 2447 mo
341 2422 366 2450 Μ
386 2423 472 2452 dicem
495 2425 584 2463 possit
600 2425 673 2461 Quid
691 2436 752 2465 eigo
771 2426 821 2455 sibi
851 2427 909 2457 vult
928 2428 1009 2461 illud

1031 1459 1050 1482 D

1051 172 1500 200 ARC111EP.CONSTANT1NOP.

1074 246 1136 272 ρηκε
1151 246 1210 275 περι
1224 237 1328 275 Πατρὸς
1342 237 1441 275 λέγων·
1463 249 1513 275 αρα
1528 238 1556 265 οὐ
1580 236 1671 269 Θεὸς
1662 248 1674 265 r,
1690 238 1720 265 Υ’
1715 248 1765 268 zoe·
1760 259 1767 271 ‚
1782 248 1836 271 και,

1071 279 1152 318 Μόνῳ
1175 280 1313 320 ἀφθάρτῳ·
1339 285 1390 321 ἀρα
1408 283 1454 311 oto:
1476 282 1605 321 ἄφθαρτος
1626 284 1639 310 ὁ
1660 283 1739 317 ὶῖός;
1758 293 1802 309 και
1823 282 1836 310 ’ὁ

1071 324 1175 353 δίδωσιν
1201 328 1265 363 ἡμῖν
1291 325 1358 363 μετὰ
1382 330 1484 362 ταῦτα,
1508 328 1583 359 αὐτὸς
1603 329 1650 356 οὐκ
1671 327 1744 366 ἔχει;
1770 327 1835 359 Nou,

1071 370 1149 408 φ,ησὶ
1164 382 1208 398 και
1222 370 1290 402 Θεὸς
1302 393 1309 405 ‚
1322 370 1367 399 καὶ
1380 371 1518 409 ἄφθαρτος,
1532 374 1590 401 ἀλλ’
1606 374 1634 401 οὐ
1647 375 1770 408 τοιούτος,
1785 375 1836 403 οἷος

1070 418 1083 444 ὁ
1096 415 1200 454 Πατηρ.
1221 415 1257 444 Τί
1272 427 1338 454 φῃς·
1332 438 1339 451 ,
1355 416 1383 444 οὐ
1395 420 1519 453 τοιοῦτος,
1536 418 1580 446 καὶ
1599 418 1733 450 ἐλάττονος
1746 417 1834 449 οὐσίας

1070 460 1158 497 ἐστίν;
1183 462 1274 490 οὐκοῦν
1291 461 1336 489 καὶ
1351 461 1496 500 ἀφθαρσίας
1509 462 1652 496 ἐλάττονος,
1677 464 1713 492 T·.'
1727 464 1754 492 δέ
1769 465 1833 497 ἐστι,

1071 506 1165 543 μείζων
1181 506 1225 535 καὶ
1240 506 1325 541 ἥττων
1347 506 1494 546 ἀφθαρσία;
1514 509 1530 542 ἡ
1549 507 1599 547 γὰρ
1613 509 1744 547 ἀφθαρσία
1762 508 1833 537 οὐδὲν

1070 552 1161 580 ἄλλο’
1150 552 1231 587 εστὶν,
1251 552 1267 586 ἢ
1285 552 1314 580 τὸ
1342 552 1378 589 μὴ
1403 552 1606 591 διαφθείρεσθαι.
1631 553 1699 586 Δόξα
1720 554 1766 592 μὲν
1783 554 1833 592 γὰρ

1070 596 1164 633 μείζων
1192 596 1236 624 καὶ
1260 607 1345 630 ηττων
1371 595 1458 631 ἐστιν,
1452 595 1605 652 ωοἷφθαρσία
1627 596 1653 624 δὲ
1674 597 1767 634 μείζων
1789 598 1832 625 καὶ

1068 641 1153 675 ἥττων
1168 642 1213 670 οὐκ
1229 641 1312 678 ἔστιν,
1334 640 1424 679 ὥσπερ
1439 644 1481 669 οὖν
1506 641 1563 670 οὐδὲ
1584 641 1656 679 ὑγεία
1678 642 1764 676 ἥττων
1789 643 1832 670 καὶ

1068 686 1179 714 πλειων·
1194 685 1211 720 ἢ
1234 686 1285 725 γὰρ
1300 686 1385 725 φθείρε
1376 686 1448 715 εσθαί
1473 698 1498 714 τι
1520 687 1557 714 δεῖ
1565 709 1572 721 ,
1588 686 1604 721 ἢ
1620 687 1682 724 μηδ’
1696 687 1771 720 ὅλως.
1796 687 1832 715 Τί

1067 731 1120 763 οὖν,
1134 728 1229 766 φησίν;
1249 731 1325 767 ἡμεῖς
1342 729 1386 758 καὶ
1408 730 1535 769 ἄφθαρτοι
1559 729 1698 767 ὡσαύτως,
1713 729 1759 765 Μὴ
1785 730 1831 768 γέ-

1067 785 1153 802 voire·
1168 774 1296 812 οὐδαμῶς
1311 774 1361 802 Διὰ
1376 774 1416 810 τί;
1431 774 1495 803 “Ort
1510 775 1585 808 αὐτὸς
1605 775 1652 813 μὲν
1667 775 1742 814 φύσει
1757 779 1831 804 τοῦτο

1067 818 1138 857 ἔχει,
1154 822 1230 857 ἡμεῖς
1251 819 1277 847 δὲ
1305 820 1476 852 ἐπεισάκτοις.
1503 815 1559 860 Ἆρ’
1575 816 1617 849 οὖν
1645 820 1690 848 καὶ
1717 820 1761 848 ἐπὶ
1786 823 1831 849 τοῦ

1066 864 1130 892 Υἱοῧ
1144 864 1241 900 οὕτως
1255 866 1385 903 Οὐδαμῶς
1396 878 1401 882 ·
1415 866 1481 894 ἀλλὰ
1496 866 1540 894 καὶ
1560 866 1635 899 αὐτὸς
1646 865 1729 904 φύσει.
1753 866 1832 897 Τίνος

1066 904 1109 937 οῧν
1125 909 1211 938 ἕνεκεν
1223 913 1239 946 ἠ
1256 910 1382 949 διαφορά;
1397 910 1460 939 ζΌτι
1476 911 1552 943 αὐτὸς
1578 911 1640 948 μὲν,
1665 911 1744 950 φησὶ,
1766 914 1829 950 παρ’

1066 955 1167 987 οὐδενὸς
1180 955 1281 993 ἐγένετο
1297 959 1426 991 τοιοῦτος,
1435 958 1448 984 ὁ
1459 955 1486 984 δὲ
1497 955 1558 988 Υἱὸς
1572 956 1645 994 παρὰ
1659 959 1703 984 τοῦ
1716 957 1830 996 Πατρός.

1066 1001 1118 1029 Καὶ
1132 1004 1208 1038 ἡμεῖς
1224 1005 1300 1030 recto
1323 1003 1499 1041 ὁμολογοῦμεν
1510 1013 1516 1019 ·
1532 1002 1588 1030 οὐδὲ
1612 1001 1664 1041 γὰρ
1685 1005 1761 1039 ἡμεῖς
1779 1004 1830 1041 ἀρ-

1065 1047 1179 1084 νούμεθα
1190 1068 1196 1081 ,
1210 1046 1249 1076 ὅτι
1266 1049 1296 1076 ἐκ
1308 1050 1353 1076 τοῦ
1366 1047 1471 1086 Πατρὸς
1485 1050 1499 1076 ὃ
1512 1047 1576 1080 Υἱὸς
1589 1047 1725 1087 ἀφθάρτως
1739 1047 1829 1086 γεγένἼ

1066 1104 1151 1127 νηται.
1165 1092 1248 1132 Ὑπὲρ
1270 1093 1366 1122 τούτων
1376 1116 1383 1127 ,
1403 1093 1482 1132 φησὶ,
1494 1093 1538 1122 τὸν
1551 1093 1658 1132 Πατέρα
1674 1093 1811 1131 δοξάζομεν
1823 1117 1832 1129 ,

1066 1137 1106 1166 ὅτι
1125 1141 1241 1167 τοιοῦτον
1270 1139 1346 1167 αὐτὸν
1362 1138 1507 1178 ἐγέννησεν.
1535 1138 1616 1178 (Ορᾶγς
1639 1139 1679 1167 ὅτι
1698 1138 1757 1167 τότε
1777 1139 1828 1176 μά-

1064 1184 1142 1212 λιστα
1157 1183 1291 1217 δοξάζεται
1304 1186 1318 1213 ὁ
1332 1184 1435 1224 πατὴρ,
1451 1184 1513 1213 όταν
1537 1185 1638 1223 μεγάλα
1653 1180 1670 1223 ᾗ
1685 1187 1829 1224 κατωρθω-

1066 1228 1118 1261 κὼς
1132 1230 1145 1256 ὃ
1159 1234 1237 1264 παῖς;
1256 1231 1291 1261 εἷς
1317 1229 1394 1258 αὐτὸν
1405 1229 1459 1284 γὰρ
1472 1231 1553 1268 ἀναφε
1557 1242 1629 1269 ρεται
1649 1229 1682 1258 τὰ
1697 1241 1741 1258 του
1761 1231 1826 1258 υιοῧ.

1066 1276 1203 1310 Οὐκοῦν,<
1194 1274 1255 1303 όταν
1277 1275 1383 1303 δυνατὸν
1404 1277 1419 1313 ᾐ
1444 1286 1619 1313 γεγεννηκως,
1643 1275 1687 1303 καὶ
1714 1286 1829 1304 τοιουτον

1066 1323 1117 1348 οἷον
1132 1320 1221 1355 αὐτὸς,
1235 1322 1251 1354 ἠ
1270 1320 1329 1353 δόξα
1340 1322 1400 1349 ἔ’του
1414 1322 1469 1348 υἱοῦ
1487 1319 1610 1357 μᾶλλόν
1599 1331 1667 1349 εστιν
1681 1333 1697 1354 η
1709 1323 1754 1349 τοῦ
1774 1333 1829 1349 πα-

1065 1365 1139 1404 τρὸς,
1149 1365 1210 1394 ὅταν
1222 1366 1339 1403 αὐτάρκη
1350 1388 1357 1400 ,
1371 1365 1431 1394 ὅταν
1447 1367 1530 1403 ἑαυτῷ
1557 1367 1700 1404 ἀρκοῦντα,
1716 1366 1777 1394 ὅταν
1790 1365 1827 1403 μὴ

1066 1412 1170 1445 ἀσθενῆ.
1187 1412 1235 1449 Τῷ
1253 1411 1296 1445 δὲ,
1312 1411 1421 1439 Βασιλεῖ
1435 1413 1485 1439 τῶν
1502 1410 1613 1445 αἰώνων,
1632 1411 1677 1439 καὶ
1699 1411 1759 1450 περὶ
1783 1414 1828 1439 τοῦ

1066 1456 1129 1484 Υἱοῧ
1142 1455 1261 1494 εἴρηται,
1276 1456 1308 1483 δι’
1331 1451 1361 1483 05
1375 1456 1419 1484 καὶ
1446 1456 1505 1489 τοὺς
1531 1457 1624 1488 αἰῶνας
1650 1457 1765 1491 ἐποίησε.
1789 1457 1829 1485 Τὸ

1066 1501 1128 1530 αὐτό
1149 1503 1218 1530 ἐστιν
1241 1502 1360 1530 ἐνταῦθα,
1382 1502 1461 1540 Παρὰ
1486 1504 1533 1539 μὲν
1553 1501 1605 1541 γὰρ
1624 1505 1687 1540 ἡμῖν
1705 1502 1828 1542 διῄρηται

1065 1546 1217 1585 ἀμφότερα,
1238 1549 1254 1581 ἧ
1276 1547 1445 1586 δημιουργία,
1458 1547 1543 1585 λέγω,
1566 1547 1611 1575 καὶ
1628 1550 1644 1582 ἡ
1660 1547 1760 1582 κτίσις,
1784 1548 1828 1576 καὶ

1064 1592 1150 1631 ἔτερος
1165 1592 1211 1630 μὲν
1226 1592 1413 1625 κατασκευάζει
1437 1592 1482 1620 καὶ
1500 1596 1614 1621 ποιεῖται
1631 1593 1675 1621 καὶ
1692 1594 1829 1621 ταλαιπω-

1066 1642 1117 1676 ρεῖ,
1130 1637 1216 1677 ἕτερος
1227 1638 1253 1666 δὲ
1269 1642 1367 1676 κρατεῖ.
1384 1638 1434 1666 Διὰ
1448 1637 1491 1673 τί;
1506 1638 1571 1666 ξΌτι
1589 1641 1602 1666 ὁ
1625 1639 1826 1672 κατασκευάζων

1065 1681 1180 1710 ἐλάττων
1195 1682 1274 1710 ἐστίν.
1291 1681 1364 1710 Ἐκεῖ
1384 1681 1411 1710 δὲ
1427 1682 1551 1720 οὐδαμῶς
1562 1693 1567 1699 ·
1581 1683 1630 1720 οὐχ
1651 1681 1738 1721 ἑτέρου
1752 1682 1826 1720 μὲνὴ

1065 1726 1201 1756 δεσποτεία
1211 1750 1219 1762 ,
1233 1726 1321 1766 ἑτέρου
1335 1726 1360 1755 δὲ
1369 1729 1385 1762 ἡ
1395 1726 1560 1766 δημιουργία.
1569 1726 1638 1755 Οὐδὲ
1653 1727 1713 1766 γὰρ,
1724 1726 1827 1756 ἐπειδὰν

1064 1771 1167 1800 ἀκούσω
1181 1794 1188 1807 ,
1203 1773 1245 1800 Δι’
1266 1767 1295 1800 οἷ
1314 1771 1358 1800 καὶ
1372 1771 1431 1804 τοὺς
1445 1773 1540 1804 αἰῶνας
1560 1771 1697 1809 ἐποίησεν,
1723 1774 1827 1811 ἀφαιρῶ

1063 1817 1107 1845 τὸν
1119 1818 1228 1857 Πατέρα
1242 1817 1271 1846 τὸ
1292 1817 1477 1856 δημιουργικόν
1488 1829 1494 1835 ·
1509 1817 1567 1846 οὔτε
1589 1817 1616 1846 δὲ
1628 1817 1688 1846 ὅταν
1704 1817 1808 1847 ἀκούσω
1819 1840 1826 1852 ,

1063 1865 1076 1891 ὁ
1094 1862 1189 1901 Πατὴρ
1213 1862 1333 1901 βασιλεὺς
1356 1865 1407 1891 τῶν
1433 1863 1545 1899 αἰώνων,
1569 1863 1612 1892 τὸν
1638 1863 1701 1893 Υἷὸν
1722 1864 1825 1902 ἀφαιρῶ

1063 1906 1109 1942 τὴν
1125 1906 1290 1935 δεσποτείαν·
1316 1906 1390 1935 κοινὰ
1408 1906 1458 1945 γὰρ
1481 1907 1526 1935 καὶ
1547 1907 1646 1936 ἐκείνου
1669 1907 1714 1935 καὶ
1733 1907 1824 1936 τούτου

1064 1963 1159 1981 ταυτα·
1176 1952 1312 1991 ἀμφότερα
1336 1951 1387 1990 γὰρ
1413 1951 1544 1990 ἑκατέροις
1562 1952 1642 1981 ἐστίν.
1665 1952 1788 1982 Ἔκτισεν
1812 1955 1825 1982 ὁ

1063 1996 1204 2050 Πατὴρωγτῧ
1217 1997 1372 2035 ’δημιουργὸν
1385 1997 1427 2025 Y‘
1412 2008 1447 2025 ιον
1461 1997 1655 2036 γεγεννηκέναι·
1668 1997 1801 2036 βασιλεύει
1812 1999 1826 2025 ὁ

1062 2041 1105 2071 Y‘*
1089 2053 1124 2074 ιος
1135 2054 1172 2070 τι)
1188 2041 1283 2081 Κυριος
1297 2044 1425 2070 εἶναιτῶν
1441 2042 1658 2080 κτισμάτων.οὖ
1670 2042 1720 2081 γὰρ
1732 2044 1825 2080 μισθοῖ)Ι

1063 2087 1214 2126 ἐργάζεται,
1234 2087 1353 2126 καθάπερ
1368 2090 1391 2116 οἱ
1412 2090 1474 2128 παρ’
1492 2090 1566 2126 ἡμῖν,
1588 2087 1673 2117 οὐδὲ“
1663 2087 1744 2127 ετέρῳ
1759 2089 1826 2117 ὑπα-

1063 2132 1157 2169 κούων,
1182 2133 1299 2172 καθάπερ
1322 2129 1407 2168 οὗτοι,
1423 2133 1491 2162 ἀλλὰ
1515 2134 1547 2162 δι’
1562 2134 1658 2163 οἰκείαν
1677 2134 1826 2172 ἀγαθότητα

1064 2182 1108 2211 καὶ
1130 2181 1336 2222 φιλανθρωπίαν.
1350 2181 1387 2210 Τί
1403 2182 1431 2210 δέ
1443 2193 1450 2217 ;
1464 2184 1477 2210 ὁ
1491 2182 1553 2215 Υἱὸς
1567 2182 1657 2222 ὡράθη
1674 2182 1754 2217 nez-5¹3
1769 2183 1827 2211 Οὐκ

1063 2232 1094 2260 ἄν
1108 2243 1147 2264 τις
1157 2231 1213 2270 ἔχοι
1227 2231 1321 2270 λέγειν.
1334 2231 1371 2260 Τί
1389 2226 1432 2259 οῧν
1448 2234 1527 2268 ἐστιν,
1537 2232 1671 2272 Ἀφθοίρτῳ
1683 2254 1690 2268 ,
1706 2232 1827 2271 ἀοράτῳ,

1065 2281 1135 2321 μόνῳ
1149 2282 1220 2320 σοφῷ
1235 2282 1316 2320 Θεῷ;
1339 2281 1364 2309 τί
1380 2280 1407 2309 δὲ
1425 2281 1486 2310 ὅταν
1506 2281 1569 2320 λέγῃ
1582 2303 1589 2317 ,
1606 2281 1675 2310 Οὐδὲ
1689 2281 1740 2321 γάρ
1757 2283 1827 2310 ἐστιν

1064 2331 1145 2368 ὄνομα
1170 2330 1267 2371 ἕτερον,
1282 2332 1308 2359 ἓν
1323 2326 1344 2369 ᾧ
1361 2331 1398 2360 δεῖ
1418 2334 1533 2366 σωθῆναι
1553 2334 1640 2369 ἡμᾶς;
1665 2331 1710 2360 καὶ
1734 2331 1826 2367 πάλιν,

1063 2380 1121 2408 Οὐκ
1144 2379 1213 2408 ἔστιν
1241 2381 1266 2408 ἐν
1294 2379 1366 2408 ἄλλω
1384 2380 1466 2408 οὐδενὶ
1491 2382 1507 2414 ἡ
1529 2380 1661 2419 σωτηρία;
1681 2379 1756 2417 Τιμὴ
1781 2391 1826 2408 και

1741 2428 1747 2437 ι
1766 2428 1805 2438 *ιν

1064 2429 1105 2461 δότ,
1108 2441 1138 2462 α,
1155 2440 1241 2467 φισιν,
1262 2430 1297 2461 εἷς
1315 2441 1371 2462 τους
1386 2431 1488 2463 αἷωνας.
1506 2429 1595 2467 Ἀμήν.
1617 2428 1691 2467 'lust->1
1706 2441 1750 2458 και
1763 2439 1823 2461 οοςα

309 2532 316 2535 -
337 2519 415 2546 ffurr
429 2523 451 2544 oa
464 2525 499 2546 ro]
513 2526 555 2547 ιω,
577 2523 631 2546 Mox
645 2524 750 2549 Dunaeus
761 2530 785 2551 τὸ
794 2528 823 2555 δὲ,
837 2533 866 2558 τῷ
877 2530 972 2558 βασιλεῖ,
983 2526 1068 2559 ηοω]
