1893 2860
123 407 134 415 ο

159 400 210 422 (ον,
225 410 244 423 2-

126 431 159 453 ¹6.

120 2012 259 2042 Psi1l.37‚6.

278 137 349 181 548
628 150 655 171 s.
685 149 824 172 somnis
851 150 1030 173 cum'sos'r.

277 220 310 237 ex
328 209 445 241 Perside.
460 209 504 237 sed
519 219 552 237 cx
568 209 624 248 ipso
637 210 700 238 emto
713 210 846 246 delatum;
862 210 934 248 quod
948 211 1014 239 enii-

278 262 321 283 tur
331 277 339 291 ,
354 265 404 282 non
417 265 495 287 auro,
508 254 552 282 sed
562 254 708 283 voluntatis
722 255 845 290 arbitrio,
858 263 883 285 et
897 255 951 285 fide
961 267 1014 285 non

277 300 409 327 simulata.
424 300 479 327 lloc
495 307 659 337 unguentum
675 311 742 335 eine,
754 303 831 340 cujus
842 302 908 331 odor
922 302 1013 331 orbem

277 346 386 384 implere
406 352 491 384 potest
513 357 519 373 :

275 391 431 420 emittebant
447 403 452 419 :
470 393 549 420 Odor
564 393 650 430 enim,
673 394 773 432 inquit,
796 396 951 423 suavitatis
965 405 1014 423 su-

275 447 346 471 mus,
367 438 435 466 aliis
459 438 574 476 quidem
599 441 630 467 in
654 446 785 473 mortem,
807 441 877 469 aliis
895 443 1014 469 veroin

273 485 376 511 vitant.
400 483 475 518 Quid
498 490 586 512 autem
606 484 656 513 hoc
673 485 739 513 cst?
758 486 854 514 Fertur
867 486 946 515 etiam
967 497 1014 515 sus

273 528 416 566 fragrantia
441 528 531 557 odoris
558 529 695 558 suffocari.
726 530 785 559 Non
810 541 906 570 corpus
932 531 1013 561 modo

271 574 472 612 apostolorum,
492 574 539 603 sed
557 575 638 603 etiam
659 576 817 605 vestimenta
845 584 1011 615 unguentum

271 619 413 658 spirituale
423 620 570 659 spirabant.
581 621 620 649 Ita
633 621 743 660 pulchre
751 633 865 660 namque
874 622 1012 662 spirabant

274 666 350 694 Pauli
365 666 518 696 indumenta
532 690 539 703 ‚
561 675 591 696 ut
609 667 743 697 daemonas
766 670 904 709 pellerent.
928 670 1009 705 Quod
1018 689 1054 707 5⁶0

272 711 384 748 solium,
401 723 481 751 quam
501 713 614 751 casiam,
627 725 706 752 qnam
722 715 862 754 myrrham
880 715 938 744 ltaee
956 716 1009 745 sra-
1026 716 1044 738 Α

271 758 375 796 grantia
389 759 520 787 suavitate
534 769 585 788 non
603 767 708 799 superet
719 761 732 788 ἶ)
754 761 822 789 Nam
837 761 859 789 si
874 761 1010 790 daemonas

270 803 398 841 fugabat,
412 804 479 842 quid
498 805 574 833 aliud
588 815 640 833 non
656 806 808 844 praestiterit
818 807 831 834 ἶ)
854 806 912 834 Ηοο
926 817 1011 845 appa-

271 859 359 877 remus
376 856 542 887 unguentum
553 862 559 877 ε
570 857 680 889 apparat
696 858 786 879 autem
799 851 867 880 illud
884 862 930 891 per
945 852 1010 881 elee-

271 905 409 933 mosynam
422 895 570 934 spiritualis
584 895 680 933 gratia.
698 896 773 925 Hane
787 897 878 925 odoris
891 897 1010 936 fragran-

270 941 335 968 tiam
357 941 422 968 illue
442 941 570 969 abeuntes
591 941 719 980 spiraturi
739 952 847 979 sumus,
864 949 889 971 et
903 950 1008 972 sanctos

268 985 302 1014 ad
318 997 365 1014 nos
377 987 529 1015 conversuri
549 998 554 1014 :
569 992 595 1015 et
608 987 677 1016 sicut
696 987 741 1016 hic
754 999 845 1017 omnes
865 989 892 1017 in
906 999 933 1017 se
945 1000 1010 1018 con-

268 1038 375 1059 vertunt
390 1031 425 1068 ii,
448 1032 494 1070 qui
510 1032 651 1071 unguentis
666 1032 778 1062 delibuti
802 1041 883 1071 sunt;
906 1041 932 1063 et
954 1035 1010 1064 sive

268 1078 295 1106 in
309 1078 436 1107 balneum
446 1101 454 1116 ‚
468 1079 525 1108 sive
539 1079 566 1107 in
581 1079 734 1116 eeclesiam,
749 1080 806 1109 sive
818 1081 845 1109 in
860 1080 944 1109 alium
958 1091 1010 1110 nu-
1026 1085 1044 1107 B

268 1136 402 1155 merosum
425 1133 522 1154 coetum
542 1137 569 1155 se
590 1127 769 1164 contulerint,
792 1138 884 1157 omnes
904 1128 1010 1157 abillis

268 1171 384 1209 pendent
395 1194 402 1207 ,
415 1182 505 1200 omnes
517 1172 552 1200 ad
562 1172 641 1200 illum
654 1183 682 1201 se
693 1180 803 1201 vertunt
818 1185 824 1200 :
836 1173 874 1202 sic
885 1180 910 1202 et
924 1173 951 1202 in
962 1174 1010 1203 illo

269 1217 380 1253 mundo,
394 1228 455 1246 cum
464 1217 558 1246 anima:
569 1218 704 1257 spirituali
716 1219 863 1258 fragrantes
876 1218 957 1248 odore
968 1219 1009 1248 in-

270 1273 365 1301 gressae
380 1263 495 1298 fuerint,
509 1274 600 1293 omnes
614 1271 721 1303 stupent
732 1272 759 1293 et
773 1265 879 1294 cedunt.
888 1265 938 1294 Hic
948 1277 1010 1295 vero

266 1309 399 1339 daemones
407 1317 432 1339 et
445 1310 510 1339 vitia
532 1310 621 1339 omnia
636 1311 760 1340 accedere
772 1322 826 1340 non
843 1311 951 1348 audent,
963 1322 1010 1341 nec

268 1355 414 1393 sustinent5
439 1356 604 1385 suffocantur
627 1357 707 1386 enim.
728 1357 778 1386 Illa
794 1357 877 1396 igitur
891 1365 1010 1387 aromata

267 1401 494 1431 circumferamus.
514 1403 577 1431 Haec
594 1403 665 1431 enim
683 1410 802 1431 aromata
816 1403 933 1432 lasciviae
947 1404 1010 1443 opi-

267 1448 375 1475 nionem
389 1448 466 1476 nobis
481 1448 605 1486 pariunt,
620 1448 666 1476 illa
677 1458 740 1476 vero
752 1448 918 1477 fortitudinis
930 1456 1010 1487 atque

268 1492 409 1529 miraculi,
422 1494 588 1531 multamque
599 1493 676 1522 nobis
689 1493 818 1522 fiduciam
831 1493 935 1523 indunt.
946 1495 1010 1523 Haee

267 1546 386 1567 aromata
409 1548 461 1567 non
487 1545 557 1567 terra
579 1538 729 1577 germinat,
756 1538 803 1567 sed
823 1539 909 1568 virtus
923 1540 1010 1579 parit;

268 1596 320 1614 non
336 1592 521 1619 marcescunt,
538 1585 583 1614 sed
597 1586 691 1614 florent
702 1608 709 1620 ,
722 1592 746 1614 et
762 1586 794 1614 iis
805 1593 911 1615 ornatos
926 1597 1010 1616 vene-

268 1631 366 1660 rabiles
381 1631 505 1660 reddunt.
520 1631 577 1659 Hoc
593 1631 720 1670 ungimur
735 1638 870 1670 unguento
885 1643 946 1661 cum
958 1633 1011 1661 ba-

269 1677 402 1716 ptizamur
424 1689 430 1704 :
454 1684 517 1705 tunc
537 1677 636 1705 bonam
657 1677 830 1715 fragrantiam
854 1678 1010 1707 emittimus.

269 1723 402 1762 Deinceps
420 1733 483 1751 vero
497 1733 530 1751 ex
545 1722 633 1751 studio
648 1730 737 1751 nostro
752 1723 847 1762 pendet
862 1730 892 1752 ut
907 1724 1009 1752 bonum

269 1779 406 1798 servemus
429 1768 546 1797 odorem.
573 1768 638 1798 Ideo
658 1769 753 1808 priscis
774 1770 940 1808 temporibus
955 1780 1009 1798 un—

269 1822 367 1853 guento
387 1815 586 1853 inungebantur
598 1815 764 1852 sacerdotes,
780 1815 889 1844 virtutis
904 1817 1011 1854 symbo-

269 1861 327 1889 lum
350 1860 442 1889 dantes
457 1882 466 1898 ‚
492 1860 555 1898 quia
581 1860 744 1889 sacerdotem
768 1861 868 1889 bonum
892 1861 1012 1890 emittere

270 1906 379 1935 odorem
393 1913 504 1945 oportet.
516 1907 626 1935 Peccato
639 1913 728 1935 autem
743 1907 812 1935 nihil
826 1906 948 1946 putidius
963 1915 1010 1937 est.

271 1952 343 1981 Vide
355 1950 488 1990 quomodo
503 1952 560 1990 ejus
574 1958 696 1980 naturam
711 1950 839 1990 depingat
853 1952 983 1991 propheta
1001 1964 1008 1980 τ

275 1999 451 2027 Putruernnt
468 2004 495 2025 et
522 2003 663 2037 corruptae
684 2004 750 2026 sunt
770 2000 921 2027 cicatrices
933 2009 1011 2027 meoe.

275 2044 344 2073 Vere
355 2053 471 2080 namque
482 2042 622 2081 putredine
633 2042 706 2070 omni
716 2043 791 2081 pejor
803 2049 841 2071 est
852 2049 877 2071 et
891 2042 1011 2071 foetidius

272 2096 419 2128 peccatum.
433 2088 507 2122 Quid
521 2088 592 2116 enim
602 2110 609 2123 ,
624 2098 713 2126 quaeso
723 2110 731 2124 ‚
748 2095 855 2127 peccato
870 2089 987 2118 foetidius
999 2089 1012 2117 Ξ)

272 2134 355 2171 Quod
369 2134 392 2162 si
411 2133 439 2162 id
453 2144 504 2162 non
523 2134 620 2162 sentias
639 2133 704 2162 dum
723 2141 861 2173 peccatum
875 2141 1012 2173 perpetra-

270 2187 330 2215 tur,
352 2187 413 2219 post
427 2186 610 2219 perpetratum
627 2180 713 2218 cogita
724 2202 733 2217 ,
747 2186 772 2208 et
787 2187 850 2208 tune
861 2181 919 2219 ejus
933 2181 1012 2209 soeto-

271 2234 328 2252 rem
340 2223 457 2260 videbis,
479 2230 541 2252 tunc
554 2223 756 2252 immunditiam
769 2223 934 2259 immissam,
948 2231 1011 2252 tunc

272 2270 418 2308 piaculum,
430 2276 494 2299 tunc
508 2270 724 2298 exsecrationem.
739 2270 826 2298 Tanta
841 2281 881 2298 res
896 2277 934 2298 est
948 2281 1010 2309 pee-

271 2321 360 2343 catum
381 2325 460 2344 omne
483 2327 489 2342 :
511 2322 653 2353 antequam
667 2315 729 2351 fiat,
745 2314 911 2354 voluptatem
931 2315 1011 2344 habet

273 2359 431 2397 quamdam3
445 2367 586 2400 postquam
609 2366 788 2399 perpetratum
805 2366 859 2395 est,
886 2360 1013 2400 voluptas

309 2467 320 2478 ⁸
339 2467 414 2499 [ch.
437 2471 447 2492 ὸ
467 2470 544 2494 τούτου
566 2473 690 2500 ἀποπνέων,
709 2475 734 2493 ιιι
746 2470 825 2502 paulo
837 2476 896 2494 ante
913 2471 1030 2503 legimus.

276 2506 391 2530 Duuaeus.
415 2505 494 2537 Supra
520 2515 565 2537 pro
596 2508 661 2540 vulg.
687 2513 870 2542 :zvazsxpwpae'aot
892 2509 1030 2542 recepimus

541 346 696 385 hujusmodi
711 348 885 385 fragrantiam
899 349 1013 387 apostoli
1033 355 1049 376 1³

1060 153 1214 176 aucun-11¹.
1242 154 1304 176 CON
1310 154 1507 177 STANTINOP.

1069 212 1174 249 Ἰζστιν,
1193 215 1214 242 εἷ
1235 214 1336 252 βούλει,
1358 215 1447 255 μύρον,
1468 216 1538 244 ἔστιν
1559 215 1671 254 ἀρωμα,
1689 210 1712 254 ᾧ
1733 214 1831 253 δυνήσῃ

1067 262 1158 296 χρῖσαι
1170 258 1217 294 τὴν
1232 259 1381 298 ψυχὴν,οὖκ
1392 260 1418 293 ἐξ
1430 260 1562 299 Ἀραδίοις,
1571 260 1628 289 οὐδὲ
1643 259 1669 293 ἐξ
1681 259 1830 292 Αἰθιοπίας,

1068 304 1120 331 οὐδ’
1134 304 1186 332 ἀπὸ
1202 305 1344 343 Περσίδος,
1358 307 1415 334 ἀλλ’
1430 306 1455 339 ἐξ
1470 307 1549 335 αὐτοῦ
1565 306 1708 345 φερόμενον
1722 308 1767 334 τοῦ
1783 307 1830 334 οὖ-

1070 352 1161 388 ρανοῧ,
1184 349 1353 387 πωλούμενον
1378 352 1406 378 οὗ
1425 351 1548 390 χρυσίου,
1563 352 1631 380 ἀλλὰ
1653 351 1831 390 προαιρέσεως

1068 396 1167 432 ἀγαθῆς
1180 394 1224 422 καὶ
1239 395 1352 427 πίστεως
1365 395 1548 434 ἀνυποκρίτου.
1560 398 1646 425 Τοῦτο
1658 397 1786 452 ἀγόρασαι
1801 397 1830 425 τὸ

1068 440 1158 497 μύρον,
1170 437 1198 470 οἷ
1211 443 1227 475 ἡ
1242 441 1311 478 ὀσμὴ
1326 440 1373 476 τὴν
1387 441 1541 479 οἰκουμένην
1556 444 1625 479 ἐμπ)
1627 446 1690 478 ἧσαι
1705 443 1828 472 δύναται·

1066 487 1157 515 τούτου
1186 487 1285 516 ἀπέπνε
1289 498 1315 515 ον
1337 489 1361 516 οἵ
1382 487 1536 516 ἀπόστολοι·
1560 487 1648 526 Ὀσμὴ
1677 490 1729 528 γάρ
1750 491 1829 528 ἐσμεν

1067 532 1189 568 εὐωδίας,
1204 544 1293 571 φησιν,
1308 528 1343 565 οἷς
1360 532 1406 570 μὲν
1421 534 1458 565 εἷς
1473 532 1592 568 Θάνατον,
1606 537 1642 566 οἷς
1657 534 1683 563 δὲ
1698 537 1734 568 εἷς
1750 535 1828 570 ζωήν.

1066 578 1102 606 Τί
1115 577 1146 613 δὴ
1157 579 1232 607 τουτό
1244 589 1328 613 εστιν;
1342 577 1408 607 e'Ort
1421 590 1466 606 και
1478 581 1506 610 ὓς
1522 578 1711 616 ἀποπνίγεσθαι
1724 580 1828 618 λέγεται

1066 624 1117 653 ἀπὸ
1132 625 1179 658 τ’ἧς
1193 624 1312 657 εὐωδίας.
1329 625 1369 652 Οὐ
1383 624 1413 653 τὸ
1425 625 1502 662 σῶμα
1518 624 1544 652 δὲ
1558 624 1635 663 μόνον
1646 627 1698 653 τῶν
1712 626 1826 655 ἀποστό-

1064 670 1126 705 λων,
1138 670 1206 698 ἀλλὰ
1221 670 1265 698 καὶ
1279 670 1312 698 τὰ
1326 670 1421 708 ἱμάτια
1435 672 1480 698 τοῦ
1497 670 1578 708 μύρου
1591 673 1636 698 τοῦ
1651 675 1828 708 πνευματικοῦ

1065 715 1203 743 ἀπέπνεον.
1214 715 1293 744 Οὕτω
1308 715 1359 754 γὰρ
1378 715 1451 744 ἔπνει
1465 716 1544 744 καλὸν
1559 715 1592 744 τὰ
1603 715 1697 753 ἱμάτια
1707 716 1829 752 Παύλου,

1063 761 1098 792 ὡς
1112 759 1237 797 δαίμονας
1249 760 1415 789 ἀπελαύνειν,
1424 760 1505 789 Ποίου
1521 760 1628 799 φύλλου,
1638 760 1715 794 ποίας
1725 761 1829 798 κασίας,

1063 804 1140 838 ποίας
1152 805 1268 844 σμύρνης
1282 806 1339 845 οὐχι
1352 818 1397 834 και
1411 806 1491 841 ἡδίων
1503 818 1548 835 και
1559 806 1749 846 χρησιμωτέρα
1762 819 1827 843 αυτη

1063 852 1079 885 ἡ
1104 852 1214 887 εὐωδίας
1231 853 1264 880 Εἰ
1288 851 1339 890 γὰρ
1362 851 1487 889 δαίμονας
1510 852 1662 886 ἀπήλαυνε,
1683 851 1709 880 τί
1730 854 1777 881 οὐκ
1798 854 1828 882 ἂν

1063 896 1149 936 ἕτερον
1163 897 1317 959 εἰργάσατο;
1332 899 1417 927 Τοῦτο
1430 897 1666 935 κατασκευάζωμεν
1685 897 1715 926 τὸ
1733 898 1828 938 μύρον·

1063 943 1251 975 κατασκευάζει
1265 943 1291 971 δὲ
1308 943 1370 971 αὐτὸ
1385 944 1417 971 δι’
1438 943 1616 981 ἐλεημοσύνης
1629 944 1646 977 ἡ
1661 945 1828 982 πνευματικὴ

1062 988 1148 1028 χάρις.
1160 988 1261 1018 Τούτου
1284 988 1330 1017 καὶ
1354 991 1408 1018 ἐκεῖ
1430 990 1586 1023 ἀπελθόντες
1609 990 1740 1029 μέλλομεν
1764 992 1830 1020 ἀπο-

1062 1039 1147 1068 πνεῖν,
1162 1034 1207 1062 καὶ
1221 1033 1278 1066 τοὺς
1290 1034 1378 1073 ἁγίους
1392 1035 1456 1073 πρὸς
1470 1035 1577 1068 ἑαυτοὺς
1589 1036 1756 1076 ἐπιστρέφειν
1765 1048 1772 1054 ·
1784 1037 1830 1066 καὶ

1063 1079 1182 1118 καθάπερ
1195 1081 1304 1109 ἐνταῦθα
1314 1080 1415 1112 πάντας
1424 1080 1623 1120 ἐπιστρέφουσιν
1638 1084 1662 1111 οἱ
1673 1083 1829 1121 ἀνακεχρω-

1063 1124 1154 1163 σμένοι
1171 1130 1229 1158 ταῖς
1248 1125 1384 1161 εὐωδίαις,
1396 1126 1444 1154 κᾶν
1467 1138 1496 1155 τε
1516 1128 1552 1159 εἷς
1573 1128 1720 1166 βαλανεῖον,
1730 1129 1780 1157 κᾶν
1800 1140 1829 1158 τε

1063 1173 1099 1204 εἷς
1113 1171 1265 1206 ἐκκλησίαν,
1276 1172 1324 1200 κᾶν
1337 1183 1365 1200 τε
1381 1174 1416 1204 εἷς
1429 1172 1517 1212 ἕτερον
1531 1173 1736 1214 πολυάνθρωπον
1750 1174 1829 1204 τόπον

1064 1217 1164 1254 ἀπέλθῃ
1181 1218 1213 1246 ’ὁ
1233 1220 1308 1246 τοῦτο
1324 1218 1472 1253 ἀποπνέων,
1484 1218 1580 1251 πάντες
1601 1221 1680 1248 αὐτοῦ
1703 1220 1830 1259 ἐξαρτῶν-

1064 1276 1122 1300 ται,
1138 1264 1183 1292 καὶ
1198 1264 1294 1297 πάντες
1315 1264 1532 1304 ἐπιστρέφονται·
1547 1265 1616 1294 οὕτω
1635 1266 1680 1294 καὶ
1694 1267 1721 1295 ἐν
1738 1267 1830 1307 ἐκείνῳ

1063 1312 1100 1349 τῷ
1114 1310 1207 1349 κόσμῳ
1220 1312 1272 1339 τῶν
1286 1312 1470 1339 ἀποπνεουσίῦν
1485 1312 1576 1350 ψυχῶν
1589 1313 1638 1346 τῆς
1651 1316 1830 1351 πνευματικῆς

1063 1356 1170 1388 εὐωδίας
1193 1357 1337 1392 εἰσιουσῶν,
1349 1355 1445 1388 πάντες
1468 1356 1654 1389 ὑπεξίστανται
1675 1358 1720 1386 καὶ
1741 1370 1829 1398 παρα-

1062 1403 1188 1440 χωροῧοι,
1205 1401 1257 1429 Καὶ
1281 1402 1392 1430 ἐνταῦθα
1414 1401 1441 1429 δὲ
1460 1401 1504 1430 καὶ
1526 1401 1647 1439 δαίμονες
1666 1403 1712 1431 καὶ
1733 1403 1825 1433 κακίαι

1062 1451 1145 1474 πᾶσαι
1167 1447 1319 1485 προσελθεῖν
1344 1446 1373 1475 οὐ
1395 1447 1529 1483 τολμῶσιν
1556 1446 1612 1476 οῦδὲ
1637 1449 1827 1486 ὑπομένουσιν·

1063 1491 1252 1530 ἀποπνίγονται
1274 1492 1333 1531 γάρ.
1354 1491 1457 1520 Ἐκεῖνο
1480 1491 1564 1521 τοίνυν
1587 1492 1617 1521 τὸ
1639 1493 1735 1533 ἄρωμα
1755 1506 1827 1534 περι-

1063 1537 1177 1575 θώμεθα.
1198 1539 1284 1566 Τοῦτο
1306 1536 1353 1574 μὲν
1375 1537 1427 1577 γὰρ
1449 1537 1494 1566 καὶ
1519 1538 1644 1576 βλακείας
1666 1539 1742 1572 δόξαν
1763 1543 1828 1578 ἡμῖν

1063 1582 1236 1621 περιτίθησιν,
1247 1584 1330 1612 ἐκεῖνο
1347 1582 1373 1611 δὲ
1391 1583 1510 1622 ἀνδρείας
1525 1583 1574 1612 καὶ
1586 1583 1718 1622 Οαύματος
1733 1585 1828 1619 ὄντως·

1063 1629 1107 1657 καὶ
1127 1628 1276 1668 παρρησίαν
1299 1628 1326 1657 δὲ
1347 1631 1411 1667 ἡμῖν
1431 1629 1543 1669 παρέχει
1565 1630 1675 1665 πολλήν.
1693 1632 1780 1661 Τοῦτο
1798 1631 1828 1661 τὸ

1063 1675 1159 1714 ἅρωμα
1176 1676 1204 1703 οὐ
1218 1677 1252 1713 γῆ
1269 1674 1436 1710 ἀναδίδωσιν,
1449 1675 1508 1703 ἀλλ’
1524 1676 1605 1715 ἀρετὴ
1621 1676 1720 1711 τίκτει,
1731 1678 1759 1706 οὖ
1775 1690 1830 1716 μα-

1066 1721 1194 1761 ραίνεται,
1218 1723 1275 1750 ἀλλ’
1301 1722 1386 1749 ἀνθεῖ·
1409 1725 1484 1750 τοῦτο
1509 1721 1612 1760 τιμίους
1635 1722 1694 1756 τοὺς
1721 1723 1830 1763 ἔχοντας

1063 1771 1143 1796 ποιεῖ.
1169 1766 1264 1806 Τούτῳ
1287 1766 1433 1805 χριόμεθα,
1454 1766 1516 1796 ὅταν
1543 1768 1744 1806 βαπτιζώμεοα·
1769 1770 1829 1799 τότε

1064 1811 1143 1840 καλὸν
1157 1812 1332 1849 ἀποπνέομεν.
1345 1812 1385 1841 Τὸ
1397 1812 1424 1841 δὲ
1439 1812 1483 1841 καὶ
1499 1815 1533 1846 εἷς
1546 1813 1576 1841 τὸ
1589 1813 1647 1848 ἑξῆς
1659 1814 1750 1844 τούτου
1763 1817 1830 1844 ἀπο-

1064 1862 1147 1893 πνεῖν,
1159 1860 1206 1892 τῆς
1220 1859 1296 1895 ἡμῶν
1312 1859 1367 1886 ἐστι
1380 1859 1506 1892 σπουδῆς.
1520 1858 1571 1886 Διὰ
1585 1861 1660 1888 τοῦτο
1674 1860 1719 1888 καὶ
1733 1861 1763 1889 τὸ
1776 1873 1830 1890 πα·

1065 1903 1137 1931 λαιὸν
1158 1902 1232 1943 μύρῳ
1253 1902 1370 1941 ἐχρίοντο
1383 1905 1406 1931 οἱ
1421 1905 1515 1943 ἱερεῖς,
1530 1906 1576 1939 τῆς
1590 1906 1684 1944 ἀρετ-’ῆς
1699 1906 1829 1944 σύμὸολον

1065 1948 1240 1985 &Edu-:efficite
1255 1948 1298 1976 τὸν
1324 1948 1396 1987 ἱερέα
1412 1949 1492 1978 καλὸν
1515 1950 1640 1979 ἀποπνεῖν
1662 1951 1711 1980 δεῖ.
1727 1953 1785 1986 Τῆς
1802 1952 1830 1982 δὲ

1065 1994 1195 2034 ἁμαρτίας
1209 1994 1281 2023 οὐδέν
1297 1995 1352 2023 ἐστι
1367 1994 1569 2035 δυσωδέστερον.
1584 1995 1658 2035 “Ὀρα
1677 1998 1757 2032 αὐτῆς
1775 1999 1831 2031 πῶς

1065 2041 1204 2080 διαγράφει
1227 2040 1273 2076 τὴν
1294 2039 1371 2079 φύσιν
1393 2043 1407 2070 ὁ
1425 2041 1575 2080 προφήτης.
1591 2042 1766 2081 Προσώζεσαν
1785 2044 1830 2073 καὶ

1065 2086 1201 2122 ἐσάπη-,σαν
1224 2089 1248 2115 οἱ
1270 2086 1400 2124 μώλωπές
1422 2099 1485 2124 μου.
1502 2085 1606 2120 Ὄντως
1624 2089 1676 2127 γὰρ
1691 2090 1830 2124 σηπεδόνος

1064 2132 1160 2171 χείρων
1181 2132 1236 2161 ἐστὶ
1257 2131 1301 2160 καὶ
1322 2132 1503 2171 δυσωδεστέρα
1520 2135 1537 2167 ἡ
1561 2133 1688 2172 ἁμαρτία.
1709 2134 1745 2163 Τί
1763 2135 1828 2175 γὰρ,

1065 2178 1124 2207 εἰπέ
1138 2190 1198 2216 μοι,
1213 2177 1333 2216 πορνείας
1350 2177 1554 2215 δυσωδέστερον;
1568 2179 1602 2207 Εἷ
1621 2178 1648 2208 δὲ
1665 2179 1702 2217 μὴ
1719 2181 1829 2220 αἰσθάνῃ

1065 2223 1253 2263 ἐργαζομένης,
1268 2222 1388 2258 ἐννόησόν
1411 2234 1454 2260 μοι
1469 2223 1508 2255 τίς
1529 2225 1546 2258 ἡ
1561 2224 1678 2264 ἁμαρτία
1699 2226 1768 2264 μετὰ
1783 2227 1830 2263 τὴν

1065 2269 1199 2309 ἐργασίαν,
1221 2268 1266 2297 καὶ
1284 2268 1343 2296 τότε
1363 2269 1444 2302 αὐτ-ἧς
1467 2269 1525 2307 ὄψει
1547 2269 1595 2304 τὴν
1617 2271 1757 2307 δυσωδίαν,
1771 2273 1830 2301 τότε

1065 2315 1112 2350 τὴν
1132 2313 1333 2353 προστριὸεῖσαν
1355 2314 1527 2353 ἀκαθαρσίαν,
1544 2314 1603 2344 τότε
1617 2316 1664 2344 “rb
1678 2316 1739 2355 ἄγος
1749 2339 1757 2354 ,
1771 2318 1830 2347 τότε

1066 2360 1096 2389 τὸ
1109 2359 1196 2397 μύσος.
1208 2358 1325 2393 Τοιαύτη
1342 2363 1415 2387 πᾶσα
1430 2359 1561 2398 ἁμαρτία·
1576 2361 1636 2400 πρὶν
1658 2360 1674 2396 ἢ
1690 2361 1737 2400 μὲν
1754 2363 1831 2402 ἔργα·

1080 2474 1274 2505 ἀναιεχρωσμένοι
1287 2478 1315 2494 cx
1328 2470 1437 2501 Comm.‚
1452 2471 1529 2497 Suvil.
1543 2478 1568 2496 et
1579 2471 1671 2504 Colb.]

1113 2517 1122 2528 ε
1141 2509 1149 2542 l
1160 2509 1239 2534 Iidem
1250 2513 1276 2535 τὸ
1287 2515 1352 2541 υἷ’-[ος.
1366 2517 1412 2541 pro
1425 2513 1490 2542 &2705
1502 2510 1571 2543 quod
1582 2510 1733 2544 legebatur]
