1893 2860
122 1605 182 1624 Ulun
203 1613 261 1630 vera,

122 1636 177 1655 lmnn
192 1644 231 1663 pru

122 1667 183 1685 nul„
198 1675 231 1687 re·

121 1697 227 1724 pendere.

292 144 355 179 156

286 224 479 256 persequentes.
499 224 526 245 nt
542 218 578 245 eis
591 217 778 253 condonantes,
795 228 888 246 eorum
913 217 1020 245 morde-

285 273 343 290 mus
358 263 468 291 animos.
481 261 610 300 pudorem
624 262 790 291 incutientes.
806 264 875 291 Nam
896 263 943 291 illo
956 262 1020 301 qui-

282 307 343 335 dem
360 307 437 335 niodo
461 317 545 344 neque
568 307 644 335 nobis
669 307 733 345 ipsis
749 318 832 345 neque
848 307 901 336 illis
922 318 1021 347 prosu-

284 363 352 382 mus.
370 352 414 379 sed
431 352 548 389 utrisque
562 352 700 388 obsumus,
718 360 747 381 ut
763 353 809 391 qui
825 363 876 381 non
892 364 967 382 scens
979 361 1020 382 at—

284 397 495 434 1pu·.lml.eorum
510 397 653 436 principes,
667 409 858 437 persequamur
871 409 1021 428 remunera-

283 444 393 475 tionem,
420 449 444 470 et
468 444 493 471 in
509 443 562 471 illis
576 444 643 472 iram
658 445 832 473 accendamus
851 457 856 472 :
879 445 918 473 sin
934 452 1021 474 autem

282 489 387 516 lenitate
408 495 432 516 et
454 489 591 517 clementia
613 489 790 528 rependamus
815 490 956 528 injuriam,
980 501 1021 519 so-

609 158 636 179 S.
667 157 746 179 ,tom
755 158 805 180 le
831 157 1011 180 cum‘sos'r.

281 534 336 562 luta
351 535 422 562 omni
446 535 502 574 ejus
524 536 577 570 ira,
596 535 667 575 apud
689 536 776 575 ipsum
802 537 892 565 sedere
911 538 1021 567 fecimus

277 579 428 617 judicium,
444 591 493 619 pro
517 581 594 609 nohis
618 582 701 610 serens
723 583 891 620 sententiam,
913 590 938 612 et
958 594 1020 622 gra—

280 627 341 654 vius
365 627 453 666 ipsum
485 639 565 665 quam
597 639 644 657 nos
677 629 867 658 condemnans.
896 631 1018 669 Seipsum

280 673 349 700 enim
362 673 562 709 condemnabit,
577 681 601 702 et
613 685 717 703 omnem
733 683 831 712 quaeret
847 676 1019 713 occasionem,

280 729 422 756 perquam
445 730 506 748 eum
532 720 626 759 majori
642 731 763 749 mensura
787 721 878 749 reddet
904 722 1020 750 lenitatis

280 771 304 792 et
330 765 464 803 patientia:
479 772 581 804 partem
605 777 662 803 quae
684 767 735 794 suit
757 767 808 795 sibi
825 767 886 795 data
900 768 1017 796 soenori:
1040 778 1047 787 ἰ

281 817 309 837 111
325 810 370 847 qui
393 811 457 839 sciat
479 811 564 849 quod,
578 812 600 839 si
623 823 670 850 par
684 812 793 850 quidem
805 812 968 849 reddiderit,
989 824 1019 842 co

281 862 367 883 tamen
381 863 420 884 est
435 857 545 885 inferior
559 857 630 895 quod
647 868 698 886 non
715 858 772 896 ipse
791 859 899 897 cceperit
909 879 916 892 ‚
932 858 977 887 sed
989 870 1018 888 eo

280 900 352 937 quod
368 902 520 940 exemplum
535 912 549 929 a
565 902 642 930 nobis
660 903 805 942 acceperit,
821 903 909 931 minus
925 904 1016 932 serens.

279 946 406 974 Studium
419 957 481 984 ergo
490 955 568 986 ponet
577 955 605 976 ut
618 948 718 976 semina
730 956 835 987 superet
848 960 980 985 mensura,
990 956 1019 978 ut

278 991 465 1020 detrimentum
474 994 543 1030 :prod
553 994 654 1032 patitur
665 1005 698 1022 ex
708 1004 737 1022 co
749 995 819 1032 quod
830 995 962 1023 secundus
975 1006 1018 1023 ve—

279 1037 344 1065 nerit
357 1037 390 1065 ad
400 1039 650 1075 remunerationem,
666 1039 741 1067 tollat
752 1040 955 1078 exsuperatione
976 1051 1019 1068 re-

278 1085 476 1122 munerationis,
488 1093 513 1114 et
522 1087 593 1123 quod
608 1097 641 1114 ex
651 1093 768 1125 tempore
777 1087 875 1115 suctum
887 1094 925 1115 est
937 1087 1019 1116 detri-

278 1138 396 1158 mentum
411 1131 466 1169 ejus
480 1132 527 1169 qui
552 1132 626 1170 prius
649 1132 718 1160 male
734 1143 827 1170 passus
841 1140 889 1166 est,
904 1133 933 1162 id
946 1144 1018 1162 com-

277 1186 355 1203 mune
368 1177 447 1205 saciat
461 1187 495 1205 ex
509 1188 613 1206 summa
626 1178 734 1206 leuitate
747 1185 773 1206 et
787 1179 934 1208 clementia.
952 1181 1019 1208 Nam

277 1222 411 1257 homines,
429 1223 534 1260 quando
546 1231 607 1252 sunt
623 1225 691 1263 grati
701 1232 725 1253 et
739 1235 868 1254 memores
880 1226 1001 1254 beneficii
1012 1249 1019 1263 ‚

275 1278 326 1296 non
341 1275 393 1296 tam
407 1269 583 1308 ingemiscunt
594 1271 628 1299 ob
640 1271 723 1305 mala,
740 1282 820 1309 quam
835 1272 869 1300 ob
882 1272 949 1301 bona
960 1284 1018 1311 quae

275 1322 433 1352 acceperunt
448 1316 482 1343 ab
498 1315 531 1343 iis
545 1316 590 1353 qui
606 1323 667 1345 sunt
681 1317 769 1345 affecti
790 1317 896 1356 injuria.
913 1318 1019 1347 Etenim

275 1359 344 1388 illud
361 1361 490 1399 nequitia,
505 1362 556 1390 hoc
573 1363 718 1401 opprobrio
733 1370 759 1392 et
773 1364 827 1392 risu
841 1364 950 1402 plenum
965 1372 1016 1402 est,

275 1405 370 1433 cumis
381 1406 426 1443 qui
438 1407 600 1436 beneficium
615 1408 726 1447 accepit,
741 1419 792 1437 non
803 1409 934 1448 rependit.
950 1412 1019 1440 Nam

274 1449 325 1478 hoe
341 1451 450 1488 quidem
462 1452 543 1481 habet
557 1453 679 1488 laudem,
696 1454 821 1493 plausum
841 1462 865 1484 et
884 1466 1019 1485 commen-

273 1495 408 1524 dationem
422 1498 455 1525 ab
468 1498 601 1534 omnibus,
621 1499 693 1536 quod
709 1500 776 1527 male
790 1511 884 1539 passus
898 1512 946 1539 par
960 1502 1018 1540 pari

274 1551 325 1569 non
347 1542 503 1570 reddiderit.
520 1543 632 1582 Propter
646 1544 696 1572 hoe
715 1545 833 1573 maxime
849 1546 1016 1575 mordentur.

275 1587 471 1625 Quamobrem⁷
482 1588 504 1616 si
515 1589 581 1617 velis
598 1589 706 1625 ulcisci,
721 1590 772 1618 hoc
781 1590 861 1619 modo
873 1591 1017 1620 ulciscere:

274 1634 344 1662 mala
362 1634 477 1673 repende
490 1635 576 1671 bonis,
592 1643 620 1664 ut
632 1647 693 1664 eum
708 1637 804 1665 reddas
819 1637 965 1667 debitorem
979 1646 1018 1674 ,et

274 1679 428 1708 admirabili
444 1681 534 1709 vincas
550 1681 670 1711 victoria.
692 1682 765 1711 Male
779 1694 872 1721 passus
885 1684 931 1712 es?
948 1685 1018 1713 Bene

273 1725 314 1752 sac
330 1736 335 1750 ι
356 1725 392 1753 113
410 1725 548 1754 inimicum
571 1726 705 1755 ulciscere.
723 1728 791 1756 Nam
818 1728 840 1756 si
860 1729 938 1758 11111111
956 1730 1016 1768 qui-

272 1771 333 1798 dem
347 1771 522 1809 persequaris,
534 1782 623 1799 omnes
639 1778 663 1799 et
678 1779 703 1800 te
717 1779 741 1801 et
753 1773 832 1801 illum
845 1774 969 1803 similiter
980 1776 1018 1803 ri-

273 1823 395 1855 tuperant
412 1828 418 1843 ι
440 1817 481 1845 sin
509 1824 598 1845 autem
625 1817 702 1853 seras,
721 1818 801 1847 aliter
828 1819 878 1848 tibi
906 1821 1016 1858 quidem

272 1862 470 1901 applaudentet
485 1869 509 1890 te
521 1862 736 1900 admirabuntur,
751 1864 830 1892 illum
839 1872 927 1894 autem
941 1877 1016 1895 accu-

273 1907 378 1936 sabunt.

311 1956 338 1983 5.
362 1954 439 1990 Quid
459 1962 548 1983 autem
563 1956 649 1994 majus
674 1956 732 1985 sieri
754 1958 870 1996 potuerit
885 1959 1013 1994 inimico,

272 2009 353 2036 quam
368 1999 459 2028 videre
473 2000 613 2028 inimicum
634 2011 689 2029 esse
706 2002 733 2030 111
751 2003 930 2033 admiratione
940 2005 1015 2043 apud

271 2056 362 2074 omnes
371 2046 426 2074 etei
437 2047 587 2085 applaudi?
596 2047 662 2085 quid
671 2048 780 2077 inimico
788 2050 920 2085 acerbius,
934 2062 1014 2089 qnam

272 2091 363 2119 videre
377 2103 404 2120 se
417 2092 514 2130 probro
531 2099 555 2120 et
569 2094 729 2122 contumelia
741 2094 812 2123 affici
826 2095 860 2123 ab
873 2097 998 2125 omnibus
1007 2120 1014 2133 ,

272 2136 379 2165 vidente
393 2137 523 2166 inimic-o?
538 2137 567 2167 Si
587 2138 676 2177 ipsum
692 2139 847 2177 ulciscaris,
866 2148 891 2169 et
905 2142 1015 2171 fortasse

270 2181 425 2217 damnaris,
449 2189 474 2211 et
490 2190 519 2211 tu
541 2183 612 2212 solus
627 2184 764 2213 u!cisce1-is
789 2197 795 2212 ε
818 2186 859 2214 sin
879 2194 967 2216 autem
991 2188 1014 2216 ei

273 2228 407 2264 remittas,
425 2240 516 2258 omnes
531 2241 580 2268 pro
595 2237 620 2258 te
634 2230 722 2269 ipsum
739 2231 904 2261 ulciscuntur
919 2245 924 2260 :
942 2235 1014 2272 quod

271 2273 381 2310 quidem
395 2281 433 2302 est
445 2275 554 2312 gravius
565 2286 646 2313 quam
661 2277 730 2305 male
744 2278 815 2316 pati,
830 2279 902 2316 quod
914 2280 1014 2309 scilicet

273 2319 397 2347 inimicus
416 2320 510 2349 babeat
528 2328 581 2350 tam
599 2323 700 2351 multos
712 2324 757 2361 qui
774 2324 862 2363 ipsum
877 2326 1014 2354 ulciscun-

273 2371 325 2392 tur.
340 2365 369 2392 51
397 2372 424 2393 tu
444 2376 472 2393 os
495 2367 616 2404 aperias,
633 2368 670 2396 illi
688 2370 813 2398 tacebunt
832 2382 837 2397 ε
853 2371 894 2399 sin
926 2379 1015 2400 autem

273 2417 302 2438 tu
314 2417 412 2447 tace357
427 2422 478 2439 non
499 2412 589 2450 utique
609 2424 660 2441 uno
683 2425 728 2442 ore
740 2437 747 2450 ,
763 2416 808 2443 scd
822 2416 937 2445 aliorum
954 2429 1014 2446 eum

273 2457 350 2485 series
365 2457 605 2487 innumerabilibus
617 2483 623 2495 ‚
640 2468 663 2489 et
676 2463 760 2501 magis
776 2464 920 2493 ulcisceris.
940 2465 975 2493 Et
989 2473 1013 2493 te

273 2502 379 2538 quidem
403 2503 500 2542 probro
512 2511 535 2532 et
560 2507 718 2535 contumelia
733 2515 917 2546 appetentem,
934 2510 1012 2538 multi

275 2553 411 2579 arens-mn
425 2547 516 2575 dieunt
528 2549 597 2577 enim
609 2560 662 2577 esse
671 2551 750 2579 rerba
765 2552 874 2580 affectus
890 2553 1014 2591 :qnando

1043 158 1060 178 A
1067 158 1182 180 ncumt’
1189 173 1196 180 .

1032 738 1064 756 119

1225 160 1287 182 (1οΝ
1293 161 1352 182 §TA
1359 161 1479 183 Nrtxot’
1486 176 1493 183 .

1076 218 1215 256 ὠνήσαμεν
1225 240 1232 253 ,
1248 221 1305 249 ἀλλ’
1316 221 1476 260 ἀμφοτέρους
1491 221 1658 260 ἐὸλσίψαμεν,
1683 223 1757 252 αὐτοί
1770 237 1798 253 τε
1812 224 1842 252 τὸ

1078 263 1248 302 ἀνταπόδομα
1261 265 1397 299 διώξαντες
1409 267 1477 295 κατὰ
1492 267 1550 300 τοὺς
1564 268 1636 307 παρὰ
1650 269 1786 302 Ἰουδαίοις
1796 270 1842 308 ἄρ-

1077 321 1186 348 χοντας,
1201 311 1245 338 καὶ
1259 311 1301 339 τὸν
1312 313 1338 340 ἐν
1353 312 1461 346 ἐκείνοις
1472 313 1645 347 ἐκκαύσαντες
1659 315 1738 352 θυμόν
1749 327 1755 333 ·
1773 315 1802 343 ἂν
1815 316 1842 344 δὲ

1077 355 1205 394 ἐπιεικείᾳ
1216 356 1262 391 τὴν
1275 358 1377 385 ἀδικίαν
1395 358 1581 397 &melodus-502,
1601 365 1687 389 πᾶσαν
1704 361 1781 389 αὐτοῦ
1794 360 1841 395 τὴν

1077 400 1155 439 ὀργὴν
1171 401 1335 436 ἐκλύσαντες,
1351 403 1508 441 ἐκαθίσαμεν
1518 406 1580 444 παρ’
1594 407 1664 444 αὐτῷ
1674 406 1840 445 δικαστήριον

1075 448 1137 484 ’ἡμῖν
1163 447 1239 485 φέρον
1265 447 1311 480 τὰς
1328 448 1444 486 ψήφους,
1468 451 1642 484 καταδικάζον
1667 452 1742 481 αὐτὸν
1757 452 1842 490 χαλε-

1077 492 1193 530 πώτερον
1203 515 1210 528 ,
1224 492 1240 526 ἢ
1254 495 1340 530 ἡμεῖς.
1357 493 1561 530 Καταγνώσεται
1575 495 1625 534 γὰρ
1641 498 1718 525 αὐτοῦ
1734 497 1778 525 καὶ
1793 509 1839 526 κα-

1077 538 1255 576 ταψηφιεῖται,
1269 538 1311 566 καὶ
1323 543 1409 567 πᾶσαν
1422 539 1529 574 ζητήσει
1540 540 1680 579 πρόφασιν,
1692 543 1724 570 δι’
1737 538 1767 576 ἧς
1779 544 1842 571 ἀπο·

1077 583 1142 612 τίσει
1156 583 1185 612 τὸ
1197 584 1326 612 δανεισθὲν
1340 586 1387 618 τῆς
1399 585 1579 622 μακροθυμίας
1595 586 1671 624 μέρος
1686 587 1752 624 μετὰ
1768 587 1841 616 πλεί-

1077 640 1131 661 ονος
1154 631 1198 657 τοῦ
1213 630 1324 668 μέτρου,
1350 629 1423 661 εἰδὼς
1449 629 1478 657 ἂν
1494 629 1539 667 μὲν
1555 630 1584 658 τὸ
1596 630 1649 659 ἴσον
1667 633 1773 670 ἀποδῷ,
1795 633 1840 660 καὶ

1077 675 1158 707 οὕτως
1181 675 1347 709 ἠλλάττωται
1357 698 1364 710 ,
1387 677 1424 714 τῷ
1448 674 1484 711 μὴ
1509 675 1584 708 αὐτὸς
1609 675 1753 715 ἄρξασθαι,
1774 677 1841 706 ἀλλὰ

1077 723 1113 760 τῷ
1124 722 1186 759 παρ’
1200 722 1276 758 ἡμῶν
1291 721 1320 749 τὸ
1334 720 1481 758 ὑπόδειγμα
1505 720 1594 749 λαὸεῖν
1620 720 1728 751 ἔλαττον
1745 722 1839 761 φέρων.

1076 766 1226 794 Σπουδάσει
1241 766 1325 795 τοίνυν
1343 766 1536 805 ὓπερῧαλέσθαι
1551 768 1588 804 τῷ
1610 769 1713 807 μέτρῳ,
1735 767 1778 796 ἵνα
1792 768 1840 804 τὴν

1075 812 1218 840 ἐλάττωσιν
1228 833 1235 845 ,
1258 812 1289 846 ’ἢν
1305 813 1334 840 ἐκ
1349 814 1394 840 τοῦ
1409 812 1527 851 δεύτερος
1543 813 1624 841 ἐλθεῖν
1639 813 1682 841 ἐπὶ
1696 813 1744 849 τὴν
1760 815 1840 842 ἀντα-

1075 858 1180 887 πόδοσιν
1195 858 1335 895 ὑπέμεινε,
1352 860 1384 896 τῇ
1401 859 1448 892 τῆς
1463 858 1618 891 ἀντιδόσεως
1641 859 1774 898 ὑπερὸολῇ
1790 871 1840 888 κα-

1074 903 1211 941 τακρύψῃ,
1235 903 1278 931 καὶ
1291 903 1337 938 τὴν
1359 904 1469 932 ἀπὸτοῦ
1483 904 1578 943 χρόνου
1599 905 1742 942 γενομένην
1769 906 1840 945 αὐτῷ

1075 948 1217 977 ἐλάττωσιν
1229 951 1273 977 τοῦ
1287 948 1413 988 προτέρου
1427 949 1555 981 παθόντος
1565 951 1666 986 κακῶς,
1679 949 1777 985 ταύτην
1788 951 1840 979 ἀπὸ

1074 997 1120 1027 τῆς
1133 996 1190 1022 καθ’
1205 993 1353 1033 ὑπερῧολὴν
1367 994 1507 1026 ἐπιεικείας
1522 994 1611 1030 κοινὴν
1629 995 1783 1034 ἐργάσηται.
1805 997 1840 1025 Οἱ

1074 1039 1124 1078 γὰρ
1137 1040 1281 1078 ἄνθρωποι,
1297 1040 1356 1067 ὅταν
1373 1039 1534 1077 εὐγνώμονες
1546 1035 1609 1069 ὦσιν
1620 1063 1627 1075 ,
1643 1043 1691 1080 οὐχ
1702 1041 1782 1075 οὕτως
1797 1042 1840 1071 ἐπὶ

1074 1090 1127 1117 τοῖς
1139 1089 1244 1120 κακοῖς,
1259 1087 1294 1117 ὡς
1309 1085 1353 1113 ἐπὶ
1365 1090 1417 1117 τοῖς
1432 1088 1552 1123 ἀγαθοῖς,
1574 1082 1610 1119 οἷς
1625 1086 1655 1114 ἂν
1671 1083 1699 1116 εἶ
1713 1088 1840 1126 πάσχωσι

1074 1131 1146 1170 παρὰ
1158 1133 1209 1159 τῶν
1224 1131 1405 1167 ἠδικημένων,
1430 1131 1557 1160 στένουσι.
1584 1131 1623 1160 Τὸ
1636 1132 1682 1170 μὲν
1697 1132 1748 1171 γὰρ
1762 1133 1838 1161 κακί-

1075 1189 1104 1209 ας
1113 1200 1119 1211 ,
1131 1176 1161 1205 τὸ
1172 1177 1198 1205 δὲ
1209 1177 1254 1205 καὶ
1266 1176 1377 1208 ὀνείδους
1388 1176 1432 1205 καὶ
1443 1177 1556 1214 γέλωτος
1565 1177 1659 1214 μεστὸν
1669 1201 1676 1213 ,
1693 1178 1735 1207 τὸν
1748 1174 1776 1206 εὖ
1788 1190 1839 1207 πα-

1076 1223 1153 1252 θόντα
1174 1223 1210 1260 μὴ
1227 1225 1395 1252 ἀντευποιεῖν.
1418 1224 1503 1252 Τοῦτο
1524 1223 1570 1259 μὲν
1586 1223 1637 1262 γὰρ
1658 1223 1763 1252 ἔπαινον
1783 1223 1839 1263 ἔχει

1074 1269 1118 1298 καὶ
1142 1269 1249 1308 κρότους
1270 1268 1342 1306 παρὰ
1358 1268 1463 1296 πάντων
1480 1268 1524 1297 καὶ
1540 1268 1686 1307 εὐφημίας,
1706 1269 1735 1298 τὸ
1750 1271 1838 1301 κακῶς

1074 1314 1192 1343 παθόντα
1205 1314 1240 1351 μὴ
1254 1313 1456 1346 ἀντεπεξελθεῖν.
1472 1313 1523 1342 Διὰ
1536 1318 1612 1343 τοῦτο
1627 1314 1744 1352 μάλιστα
1755 1314 1838 1354 τούτῳ

1076 1361 1222 1388 δάκνονται.
1246 1359 1345 1394 ‘'sto-re,
1361 1361 1382 1387 εἴ
1398 1359 1484 1396 βούλει
1496 1359 1661 1397 ἀμύνασθαι,
1674 1359 1757 1400 τούτῳ
1768 1359 1839 1398 ἀμύ-

1074 1417 1117 1434 νου
1129 1408 1166 1444 τῷ
1180 1405 1282 1443 τρόπῳ·
1308 1409 1398 1436 κακοῖς
1414 1404 1498 1441 ἀγαθὰ
1520 1404 1676 1440 ἀνταπόδος,
1702 1404 1744 1433 ἵνα
1763 1404 1839 1433 αὐτὸν

1074 1451 1119 1479 καὶ
1130 1451 1265 1490 ὀφειλέτην
1288 1450 1472 1488 καταστήσῃς,
1497 1449 1543 1478 καὶ
1559 1449 1668 1487 νικήσῃς
1681 1449 1756 1484 νίκην
1771 1452 1838 1478 ,θαυ-

1075 1497 1188 1533 μαστῆν.
1202 1496 1318 1528 Ἔπαθες
1330 1497 1431 1530 κακῶς,
1440 1494 1555 1530 Ποίησον
1567 1496 1654 1527 καλῶς
1662 1517 1669 1531 ,
1681 1494 1760 1527 οὕτως
1772 1495 1839 1533 ἀμύ-

1073 1553 1117 1570 νου
1133 1541 1174 1570 τὸν
1194 1541 1294 1580 ἐχθρόν.
1320 1540 1371 1569 *Αν
1386 1540 1432 1578 μὲν
1447 1540 1497 1579 γὰρ
1511 1539 1663 1578 ἐπεξέλθῃς,
1685 1539 1780 1578 ὁμοίως
1794 1540 1839 1569 καὶ

1074 1587 1102 1616 σὲ
1116 1589 1235 1616 κάκεῖνον
1250 1587 1362 1619 ἅπαντες
1377 1586 1525 1624 μέμφονται
1535 1598 1540 1602 ·
1562 1585 1593 1614 ἂν
1606 1585 1632 1613 δὲ
1642 1585 1765 1624 ἐνέγκῃς,
1782 1585 1840 1614 ἑτέο

1075 1645 1124 1671 ρως
1137 1645 1166 1662 σε
1182 1634 1228 1671 μὲν
1250 1633 1407 1672 κροτήσουσι
1424 1632 1468 1661 καὶ
1484 1631 1679 1670 θαυμάσονται,
1699 1633 1795 1660 ἐκεῖνον
1811 1630 1838 1662 δὲ

1074 1679 1297 1717 κατηγορήσουσι.

1113 1961 1148 1989 Τί
1170 1960 1197 1989 δὲ
1219 1961 1304 1999 ἐχθρῷ
1325 1959 1424 1998 γε’νοιτο
1449 1959 1478 1987 ἂν
1502 1960 1588 1997 μεῖζον
1613 1961 1657 1987 τοῦ
1680 1958 1724 1987 τὸν
1746 1958 1837 1997 ἐχθρὸν

1072 2007 1133 2035 ἰδεῖν
1148 2006 1221 2044 παρὰ
1242 2006 1347 2034 πάντων
1367 2004 1561 2042 θαυμαζόμενον
1582 2003 1627 2032 καὶ
1649 2002 1838 2042 κροτούμενον;

1069 2052 1095 2080 τί
1118 2053 1203 2090 ἐχθρῷ
1228 2050 1381 2090 πικρότερον
1405 2052 1450 2078 τοῦ
1479 2049 1570 2077 ἑαυτὸν
1591 2048 1735 2078 θεάσασθαι
1764 2048 1838 2087 παρὰ

1070 2098 1176 2126 πάντων
1189 2098 1358 2136 ὑδριζόμενον
1378 2097 1419 2124 ἐπ’
1435 2095 1510 2134 ὄψεσι
1521 2097 1567 2123 τοῦ
1590 2096 1700 2133 ἐχθρῶς
1713 2093 1777 2122 Ἐὰν
1793 2094 1838 2121 αὖ·

1069 2143 1113 2171 τὸν
1139 2143 1241 2181 ἀμύνῃ,
1265 2142 1309 2170 καὶ
1333 2140 1516 2180 κατεγνώσθης
1538 2140 1617 2174 ἴσως,
1640 2139 1685 2167 καὶ
1710 2138 1741 2166 σὺ
1761 2137 1838 2176 μόνος

1069 2189 1162 2226 ἠμύνω
1176 2201 1182 2206 ·
1202 2189 1231 2217 ἂν
1255 2188 1281 2217 δὲ
1305 2190 1386 2226 ἀφῇς,
1411 2186 1469 2214 ἀντὶ
1491 2189 1537 2214 σοῦ
1559 2184 1654 2216 πάντες
1677 2186 1837 2222 ἀμυνοῦνται

1071 2235 1146 2264 αὐτόν
1161 2246 1165 2252 ·
1179 2236 1244 2273 ὅπερ
1259 2237 1303 2262 τοῦ
1321 2235 1412 2261 παθεῖν
1434 2232 1522 2262 κακῶς
1536 2228 1737 2269 χαλεπώτερον,
1750 2229 1780 2258 τὸ
1794 2229 1837 2258 τὸν

1069 2280 1161 2319 ἐχθρὸν
1176 2279 1312 2312 τοσούτους
1326 2277 1384 2309 τοὺς
1406 2275 1551 2314 ἀμύνοντας
1573 2274 1652 2313 ἔχειν.
1667 2274 1714 2303 Ἂν
1735 2273 1837 2312 ἀνοίξῃς

1071 2314 1102 2355 ct]
1122 2326 1151 2355 τὸ
1173 2325 1273 2363 στόμα,
1296 2325 1389 2351 ἐκεῖνοι
1412 2321 1584 2360 σιγήσονται·
1600 2320 1631 2348 ἂν
1658 2319 1684 2348 δὲ
1707 2319 1836 2358 σιγήσῃς,

1070 2372 1155 2400 οὐκέτι
1167 2371 1204 2399 ἑνὶ
1216 2370 1344 2407 στόματι,
1360 2368 1430 2396 ἀλλὰ
1445 2366 1545 2406 μυρίοις
1556 2370 1610 2398 τοῖς
1623 2367 1674 2393 τῶν
1690 2365 1776 2394 ἄλλων
1792 2367 1838 2394 αὖ·

1069 2418 1112 2446 τὸν
1136 2417 1254 2455 βάλλεις,
1269 2416 1312 2444 καὶ
1328 2415 1426 2452 μᾶλλον
1444 2412 1542 2450 ἀμύνῃ.
1564 2412 1615 2440 Καὶ
1636 2411 1676 2440 σοὶ
1692 2410 1739 2449 μὲν
1759 2410 1835 2449 ὑδρί-

1069 2464 1137 2494 ζοντι
1154 2461 1246 2491 πολλοὶ
1267 2460 1310 2489 καὶ
1332 2461 1485 2498 ἐγκαλοῦσιν
1499 2470 1504 2475 ·
1517 2460 1603 2496 ἐροῦσι
1617 2456 1668 2495 γὰρ
1683 2459 1727 2485 τοῦ
1739 2456 1836 2489 πάθους

1068 2505 1134 2537 εἶναι
1152 2507 1183 2536 τὰ
1201 2507 1306 2546 ῥήματα
1321 2517 1326 2523 ·
1342 2506 1402 2533 ὅταν
1415 2503 1441 2533 δὲ
1454 2506 1466 2532 ὁ
1487 2503 1569 2540 μηδὲν
1585 2501 1742 2538 ἠδικημένος
1755 2501 1836 2533 οὕτως

1070 2554 1144 2582 αὐτὸν
1160 2553 1242 2585 πλάνη
1255 2556 1311 2583 ταῖς
1322 2550 1421 2588 (stipem-z,
1433 2549 1490 2578 τότε
1504 2549 1618 2585 μάλιστα
1630 2546 1732 2585 καθαρὰ
1745 2546 1831 2580 πάσης
