<?xml version="1.0" encoding="UTF-8"?>
<!DOCTYPE html PUBLIC "-//W3C//DTD XHTML 1.0 Transitional//EN"
    "http://www.w3.org/TR/xhtml1/DTD/xhtml1-transitional.dtd">
<html xmlns="http://www.w3.org/1999/xhtml" xml:lang="en" lang="en">
 <head>
  <title>
</title>
<meta http-equiv="Content-Type" content="text/html;charset=utf-8" />
  <meta name='ocr-system' content='tesseract 3.04.00' />
  <meta name='ocr-capabilities' content='ocr_page ocr_carea ocr_par ocr_line ocrx_word'/>
</head>
<body>
  <div class='ocr_page' id='page_1' title='image "./operaomniaquaeex11johnuoft/operaomniaquaeex11johnuoft_0481.png"; bbox 0 0 1893 2860; ppageno 0'>
   <div class='ocr_carea' id='block_1_1' title="bbox 0 101 10 755">
    <p class='ocr_par' dir='ltr' id='par_1_1' title="bbox 0 101 10 755">
     <span class='ocr_line' id='line_1_1' title="bbox 0 101 10 755; baseline 0 0"><span class='ocrx_word' id='word_1_1' title='bbox 0 101 10 755; x_wconf 95' lang='lat' dir='ltr'> </span> 
     </span>
    </p>
   </div>
   <div class='ocr_carea' id='block_1_2' title="bbox 447 149 617 172">
    <p class='ocr_par' dir='ltr' id='par_1_2' title="bbox 447 149 617 172">
     <span class='ocr_line' id='line_1_2' title="bbox 447 149 617 172; baseline 0.006 -2"><span class='ocrx_word' id='word_1_2' title='bbox 447 149 480 170; x_wconf 72' lang='lat' dir='ltr'>tx</span> <span class='ocrx_word' id='word_1_3' title='bbox 508 149 617 172; x_wconf 78' lang='lat' dir='ltr'>EPts&#39;r.</span> 
     </span>
    </p>
   </div>
   <div class='ocr_carea' id='block_1_3' title="bbox 64 209 834 480">
    <p class='ocr_par' dir='ltr' id='par_1_3' title="bbox 64 209 834 480">
     <span class='ocr_line' id='line_1_3' title="bbox 67 209 832 250; baseline 0.005 -14"><span class='ocrx_word' id='word_1_4' title='bbox 67 209 272 247; x_wconf 73' lang='grc' dir='ltr'>καλλωπισμοῦ,</span> <span class='ocrx_word' id='word_1_5' title='bbox 286 212 297 225; x_wconf 70' lang='lat'><em>⁶</em></span> <span class='ocrx_word' id='word_1_6' title='bbox 308 209 417 248; x_wconf 77' lang='grc' dir='ltr'>ὑποψίαι</span> <span class='ocrx_word' id='word_1_7' title='bbox 434 210 560 249; x_wconf 74' lang='grc' dir='ltr'>φανεραὶ,</span> <span class='ocrx_word' id='word_1_8' title='bbox 582 211 696 240; x_wconf 76' lang='grc' dir='ltr'>δαπάναι</span> <span class='ocrx_word' id='word_1_9' title='bbox 713 212 832 250; x_wconf 84' lang='grc' dir='ltr'>ἄκαιροι,</span> 
     </span>
     <span class='ocr_line' id='line_1_4' title="bbox 67 254 833 296; baseline 0.004 -13"><span class='ocrx_word' id='word_1_10' title='bbox 67 254 252 294; x_wconf 69' lang='grc' dir='ltr'>βλασφημίαι,</span> <span class='ocrx_word' id='word_1_11' title='bbox 271 255 426 289; x_wconf 80' lang='grc' dir='ltr'>πλεονεξιῶν</span> <span class='ocrx_word' id='word_1_12' title='bbox 447 256 591 288; x_wconf 78' lang='grc' dir='ltr'>ὑποθέσεις.</span> <span class='ocrx_word' id='word_1_13' title='bbox 613 257 648 284; x_wconf 88' lang='grc' dir='ltr'>Τί</span> <span class='ocrx_word' id='word_1_14' title='bbox 665 257 716 296; x_wconf 78' lang='grc' dir='ltr'>γὰρ</span> <span class='ocrx_word' id='word_1_15' title='bbox 730 259 833 286; x_wconf 88' lang='grc' dir='ltr'>καλλω-</span> 
     </span>
     <span class='ocr_line' id='line_1_5' title="bbox 65 300 834 341; baseline 0.005 -13"><span class='ocrx_word' id='word_1_16' title='bbox 65 300 142 339; x_wconf 81' lang='grc' dir='ltr'>πίζῃ,</span> <span class='ocrx_word' id='word_1_17' title='bbox 155 302 213 330; x_wconf 79' lang='grc' dir='ltr'>εἶπέ</span> <span class='ocrx_word' id='word_1_18' title='bbox 228 313 288 339; x_wconf 81' lang='grc' dir='ltr'>μοι;</span> <span class='ocrx_word' id='word_1_19' title='bbox 301 301 344 330; x_wconf 74' lang='grc' dir='ltr'>ἵνα</span> <span class='ocrx_word' id='word_1_20' title='bbox 356 302 453 341; x_wconf 66' lang='grc' dir='ltr'>ἀρέσῃς</span> <span class='ocrx_word' id='word_1_21' title='bbox 464 304 501 341; x_wconf 81' lang='grc' dir='ltr'>τῷ</span> <span class='ocrx_word' id='word_1_22' title='bbox 514 302 602 341; x_wconf 62' lang='grc' dir='ltr'>ἀνδρίς</span> <span class='ocrx_word' id='word_1_23' title='bbox 617 304 721 332; x_wconf 65' lang='grc' dir='ltr'>Οὐκοῦν</span> <span class='ocrx_word' id='word_1_24' title='bbox 733 304 776 332; x_wconf 77' lang='grc' dir='ltr'>ἐπὶ</span> <span class='ocrx_word' id='word_1_25' title='bbox 787 305 834 338; x_wconf 79' lang='grc' dir='ltr'>τ’ἧς</span> 
     </span>
     <span class='ocr_line' id='line_1_6' title="bbox 65 347 833 388; baseline 0.003 -12"><span class='ocrx_word' id='word_1_26' title='bbox 65 347 148 380; x_wconf 79' lang='grc' dir='ltr'>οἰκίας</span> <span class='ocrx_word' id='word_1_27' title='bbox 170 351 245 376; x_wconf 76' lang='grc' dir='ltr'>τοῦτο</span> <span class='ocrx_word' id='word_1_28' title='bbox 266 347 344 377; x_wconf 87' lang='grc' dir='ltr'>ποίει.</span> <span class='ocrx_word' id='word_1_29' title='bbox 361 347 494 377; x_wconf 73' lang='grc' dir='ltr'>Ἐνταῦθα</span> <span class='ocrx_word' id='word_1_30' title='bbox 514 348 540 378; x_wconf 66' lang='grc' dir='ltr'>δὲ</span> <span class='ocrx_word' id='word_1_31' title='bbox 561 349 709 378; x_wconf 79' lang='grc' dir='ltr'>τούναντίον</span> <span class='ocrx_word' id='word_1_32' title='bbox 724 350 833 388; x_wconf 76' lang='grc' dir='ltr'>γίνεται.</span> 
     </span>
     <span class='ocr_line' id='line_1_7' title="bbox 64 392 832 434; baseline 0.005 -14"><span class='ocrx_word' id='word_1_33' title='bbox 64 393 98 421; x_wconf 86' lang='grc' dir='ltr'>Εἰ</span> <span class='ocrx_word' id='word_1_34' title='bbox 113 392 164 432; x_wconf 77' lang='grc' dir='ltr'>γὰρ</span> <span class='ocrx_word' id='word_1_35' title='bbox 176 395 213 432; x_wconf 82' lang='grc' dir='ltr'>τῷ</span> <span class='ocrx_word' id='word_1_36' title='bbox 229 393 317 433; x_wconf 79' lang='grc' dir='ltr'>οἰκείῳ</span> <span class='ocrx_word' id='word_1_37' title='bbox 329 394 422 433; x_wconf 76' lang='grc' dir='ltr'>ἀρέσαι</span> <span class='ocrx_word' id='word_1_38' title='bbox 435 395 517 427; x_wconf 77' lang='grc' dir='ltr'>θέλεις</span> <span class='ocrx_word' id='word_1_39' title='bbox 528 395 601 434; x_wconf 69' lang='grc' dir='ltr'>ἀνδρὶ</span> <span class='ocrx_word' id='word_1_40' title='bbox 611 419 617 430; x_wconf 89' lang='grc'><strong><em>,</em></strong></span> <span class='ocrx_word' id='word_1_41' title='bbox 630 400 684 427; x_wconf 78' lang='grc' dir='ltr'>τοῖς</span> <span class='ocrx_word' id='word_1_42' title='bbox 696 397 784 428; x_wconf 72' lang='grc' dir='ltr'>ἄλλοις</span> <span class='ocrx_word' id='word_1_43' title='bbox 795 395 832 433; x_wconf 76' lang='grc' dir='ltr'>μὴ</span> 
     </span>
     <span class='ocr_line' id='line_1_8' title="bbox 64 438 833 480; baseline 0.005 -14"><span class='ocrx_word' id='word_1_44' title='bbox 64 438 175 477; x_wconf 81' lang='grc' dir='ltr'>ἄρεσκε·</span> <span class='ocrx_word' id='word_1_45' title='bbox 192 440 214 467; x_wconf 86' lang='grc' dir='ltr'>εἰ</span> <span class='ocrx_word' id='word_1_46' title='bbox 228 439 255 467; x_wconf 76' lang='grc' dir='ltr'>δὲ</span> <span class='ocrx_word' id='word_1_47' title='bbox 271 444 324 472; x_wconf 87' lang='grc' dir='ltr'>τοῖς</span> <span class='ocrx_word' id='word_1_48' title='bbox 336 440 423 472; x_wconf 81' lang='grc' dir='ltr'>ἄλλοις</span> <span class='ocrx_word' id='word_1_49' title='bbox 438 440 558 479; x_wconf 77' lang='grc' dir='ltr'>ἀρέσκεις</span> <span class='ocrx_word' id='word_1_50' title='bbox 569 464 576 475; x_wconf 83' lang='grc'><strong>,</strong></span> <span class='ocrx_word' id='word_1_51' title='bbox 597 442 625 469; x_wconf 73' lang='grc' dir='ltr'>οὐ</span> <span class='ocrx_word' id='word_1_52' title='bbox 641 442 738 480; x_wconf 74' lang='grc' dir='ltr'>δυνήσῃ</span> <span class='ocrx_word' id='word_1_53' title='bbox 751 441 760 457; x_wconf 73' lang='lat'>¹</span> <span class='ocrx_word' id='word_1_54' title='bbox 774 441 833 480; x_wconf 80' lang='grc' dir='ltr'>ἀρέ-</span> 
     </span>
    </p>
   </div>
   <div class='ocr_carea' id='block_1_4' title="bbox 648 149 854 173">
    <p class='ocr_par' dir='ltr' id='par_1_4' title="bbox 648 149 854 173">
     <span class='ocr_line' id='line_1_9' title="bbox 648 149 854 173; baseline 0.01 -2"><span class='ocrx_word' id='word_1_55' title='bbox 648 150 693 172; x_wconf 73' lang='lat' dir='ltr'>AD</span> <span class='ocrx_word' id='word_1_56' title='bbox 720 149 854 173; x_wconf 83' lang='lat' dir='ltr'>COLOSS.</span> 
     </span>
    </p>
   </div>
   <div class='ocr_carea' id='block_1_5' title="bbox 886 142 1636 474">
    <p class='ocr_par' dir='ltr' id='par_1_5' title="bbox 886 142 1636 474">
     <span class='ocr_line' id='line_1_10' title="bbox 1567 142 1636 190; baseline 0.029 -2"><span class='ocrx_word' id='word_1_57' title='bbox 1567 142 1636 190; x_wconf 74' lang='grc'>467</span> 
     </span>
     <span class='ocr_line' id='line_1_11' title="bbox 888 213 1635 255; baseline 0.005 -13"><span class='ocrx_word' id='word_1_58' title='bbox 888 224 902 241; x_wconf 83' lang='lat' dir='ltr'>a</span> <span class='ocrx_word' id='word_1_59' title='bbox 918 224 960 242; x_wconf 82' lang='lat' dir='ltr'>ine</span> <span class='ocrx_word' id='word_1_60' title='bbox 975 213 1048 243; x_wconf 81' lang='lat' dir='ltr'>dicta</span> <span class='ocrx_word' id='word_1_61' title='bbox 1061 221 1132 251; x_wconf 78' lang='lat' dir='ltr'>sunt,</span> <span class='ocrx_word' id='word_1_62' title='bbox 1147 221 1174 243; x_wconf 85' lang='lat' dir='ltr'>ut</span> <span class='ocrx_word' id='word_1_63' title='bbox 1185 214 1323 244; x_wconf 84' lang='lat' dir='ltr'>ostendam</span> <span class='ocrx_word' id='word_1_64' title='bbox 1332 215 1402 253; x_wconf 92' lang='lat' dir='ltr'>quod</span> <span class='ocrx_word' id='word_1_65' title='bbox 1412 226 1460 255; x_wconf 83' lang='lat' dir='ltr'>per</span> <span class='ocrx_word' id='word_1_66' title='bbox 1467 226 1493 244; x_wconf 88' lang='lat' dir='ltr'>se</span> <span class='ocrx_word' id='word_1_67' title='bbox 1508 227 1635 255; x_wconf 81' lang='lat' dir='ltr'>magnum</span> 
     </span>
     <span class='ocr_line' id='line_1_12' title="bbox 888 261 1636 302; baseline 0.004 -13"><span class='ocrx_word' id='word_1_68' title='bbox 888 261 922 289; x_wconf 89' lang='lat' dir='ltr'>sit</span> <span class='ocrx_word' id='word_1_69' title='bbox 943 261 1045 289; x_wconf 85' lang='lat' dir='ltr'>malum</span> <span class='ocrx_word' id='word_1_70' title='bbox 1073 261 1172 290; x_wconf 87' lang='lat' dir='ltr'>nimius</span> <span class='ocrx_word' id='word_1_71' title='bbox 1203 268 1423 290; x_wconf 82' lang='lat' dir='ltr'><strong>ornamentorum</strong></span> <span class='ocrx_word' id='word_1_72' title='bbox 1450 263 1585 302; x_wconf 84' lang='lat' dir='ltr'>appetitus</span> <span class='ocrx_word' id='word_1_73' title='bbox 1610 270 1636 292; x_wconf 82' lang='lat' dir='ltr'>et</span> 
     </span>
     <span class='ocr_line' id='line_1_13' title="bbox 888 306 1636 344; baseline 0.004 -10"><span class='ocrx_word' id='word_1_74' title='bbox 888 306 1061 343; x_wconf 82' lang='lat' dir='ltr'>desiderium,</span> <span class='ocrx_word' id='word_1_75' title='bbox 1073 307 1179 335; x_wconf 87' lang='lat' dir='ltr'>etiamsi</span> <span class='ocrx_word' id='word_1_76' title='bbox 1193 307 1298 335; x_wconf 87' lang='lat' dir='ltr'>nullum</span> <span class='ocrx_word' id='word_1_77' title='bbox 1313 307 1386 336; x_wconf 87' lang='lat' dir='ltr'>aliud</span> <span class='ocrx_word' id='word_1_78' title='bbox 1395 307 1457 336; x_wconf 84' lang='lat' dir='ltr'>inde</span> <span class='ocrx_word' id='word_1_79' title='bbox 1471 315 1636 344; x_wconf 83' lang='lat' dir='ltr'>nasceretur,</span> 
     </span>
     <span class='ocr_line' id='line_1_14' title="bbox 887 352 1635 392; baseline 0.005 -12"><span class='ocrx_word' id='word_1_80' title='bbox 887 352 934 381; x_wconf 85' lang='lat' dir='ltr'>sed</span> <span class='ocrx_word' id='word_1_81' title='bbox 961 353 1026 381; x_wconf 80' lang='lat' dir='ltr'>citra</span> <span class='ocrx_word' id='word_1_82' title='bbox 1050 353 1200 392; x_wconf 86' lang='lat' dir='ltr'>periculum</span> <span class='ocrx_word' id='word_1_83' title='bbox 1229 353 1256 381; x_wconf 91' lang='lat' dir='ltr'>id</span> <span class='ocrx_word' id='word_1_84' title='bbox 1275 353 1367 383; x_wconf 85' lang='lat' dir='ltr'>liceret</span> <span class='ocrx_word' id='word_1_85' title='bbox 1384 354 1576 390; x_wconf 78' lang='lat' dir='ltr'>habere(nam</span> <span class='ocrx_word' id='word_1_86' title='bbox 1598 355 1635 384; x_wconf 89' lang='lat' dir='ltr'>ad</span> 
     </span>
     <span class='ocr_line' id='line_1_15' title="bbox 887 395 1632 437; baseline 0.005 -14"><span class='ocrx_word' id='word_1_87' title='bbox 887 395 992 424; x_wconf 80' lang='lat' dir='ltr'>inanem</span> <span class='ocrx_word' id='word_1_88' title='bbox 1017 396 1132 434; x_wconf 79' lang='lat' dir='ltr'>gloriam</span> <span class='ocrx_word' id='word_1_89' title='bbox 1163 397 1314 435; x_wconf 80' lang='lat' dir='ltr'>fastumque</span> <span class='ocrx_word' id='word_1_90' title='bbox 1337 405 1412 437; x_wconf 82' lang='lat' dir='ltr'>parat</span> <span class='ocrx_word' id='word_1_91' title='bbox 1434 405 1458 426; x_wconf 86' lang='lat' dir='ltr'>et</span> <span class='ocrx_word' id='word_1_92' title='bbox 1476 398 1608 435; x_wconf 79' lang='lat' dir='ltr'>instruit)</span> <span class='ocrx_word' id='word_1_93' title='bbox 1626 411 1632 428; x_wconf 75' lang='grc' dir='ltr'>ε</span> 
     </span>
     <span class='ocr_line' id='line_1_16' title="bbox 886 443 1633 474; baseline 0.004 -4"><span class='ocrx_word' id='word_1_94' title='bbox 886 452 957 470; x_wconf 87' lang='lat' dir='ltr'>nunc</span> <span class='ocrx_word' id='word_1_95' title='bbox 984 449 1073 471; x_wconf 79' lang='lat' dir='ltr'>autem</span> <span class='ocrx_word' id='word_1_96' title='bbox 1096 443 1180 471; x_wconf 78' lang='lat' dir='ltr'>multu</span> <span class='ocrx_word' id='word_1_97' title='bbox 1203 443 1282 471; x_wconf 85' lang='lat' dir='ltr'>etiam</span> <span class='ocrx_word' id='word_1_98' title='bbox 1315 444 1367 472; x_wconf 77' lang='lat' dir='ltr'>alia</span> <span class='ocrx_word' id='word_1_99' title='bbox 1391 444 1460 472; x_wconf 84' lang='lat' dir='ltr'>mala</span> <span class='ocrx_word' id='word_1_100' title='bbox 1486 452 1633 474; x_wconf 78' lang='lat' dir='ltr'>nascuntur</span> 
     </span>
    </p>
   </div>
   <div class='ocr_carea' id='block_1_6' title="bbox 885 151 1256 176">
    <p class='ocr_par' dir='ltr' id='par_1_6' title="bbox 885 151 1256 176">
     <span class='ocr_line' id='line_1_17' title="bbox 885 151 1256 176; baseline 0.003 -2"><span class='ocrx_word' id='word_1_101' title='bbox 885 151 963 175; x_wconf 77' lang='lat' dir='ltr'><strong>CAP.</strong></span> <span class='ocrx_word' id='word_1_102' title='bbox 993 153 1041 176; x_wconf 86' lang='lat' dir='ltr'>lv.</span> <span class='ocrx_word' id='word_1_103' title='bbox 1073 153 1191 176; x_wconf 79' lang='lat' dir='ltr'>ltOMtL.</span> <span class='ocrx_word' id='word_1_104' title='bbox 1220 153 1256 176; x_wconf 82' lang='lat' dir='ltr'>X.</span> 
     </span>
    </p>
   </div>
   <div class='ocr_carea' id='block_1_7' title="bbox 64 485 1630 529">
    <p class='ocr_par' dir='ltr' id='par_1_7' title="bbox 64 485 1630 529">
     <span class='ocr_line' id='line_1_18' title="bbox 64 485 1630 529; baseline 0.005 -17"><span class='ocrx_word' id='word_1_105' title='bbox 64 496 135 513; x_wconf 87' lang='grc' dir='ltr'>σκειν</span> <span class='ocrx_word' id='word_1_106' title='bbox 150 487 187 523; x_wconf 81' lang='grc' dir='ltr'>τῷ</span> <span class='ocrx_word' id='word_1_107' title='bbox 201 485 297 524; x_wconf 81' lang='grc' dir='ltr'>οἰκείῳ.</span> <span class='ocrx_word' id='word_1_108' title='bbox 313 485 397 514; x_wconf 70' lang='grc' dir='ltr'>ιὨστε</span> <span class='ocrx_word' id='word_1_109' title='bbox 419 488 507 515; x_wconf 79' lang='grc' dir='ltr'>πάντα</span> <span class='ocrx_word' id='word_1_110' title='bbox 526 487 697 516; x_wconf 78' lang='grc' dir='ltr'>ἀποτίθεσθαι</span> <span class='ocrx_word' id='word_1_111' title='bbox 717 487 761 516; x_wconf 75' lang='grc' dir='ltr'>τὸν</span> <span class='ocrx_word' id='word_1_112' title='bbox 783 487 831 516; x_wconf 39' lang='grc' dir='ltr'>κόἢ</span> <span class='ocrx_word' id='word_1_113' title='bbox 850 499 866 521; x_wconf 75' lang='lat' dir='ltr'>F</span> <span class='ocrx_word' id='word_1_114' title='bbox 885 497 918 515; x_wconf 76' lang='lat' dir='ltr'>ex</span> <span class='ocrx_word' id='word_1_115' title='bbox 934 487 1015 515; x_wconf 79' lang='lat' dir='ltr'>nimia</span> <span class='ocrx_word' id='word_1_116' title='bbox 1034 488 1146 516; x_wconf 82' lang='lat' dir='ltr'>ornandi</span> <span class='ocrx_word' id='word_1_117' title='bbox 1159 489 1199 516; x_wconf 82' lang='lat' dir='ltr'>sui</span> <span class='ocrx_word' id='word_1_118' title='bbox 1212 490 1442 525; x_wconf 74' lang='lat' dir='ltr'>cura,ma11iscstae</span> <span class='ocrx_word' id='word_1_119' title='bbox 1455 491 1630 529; x_wconf 77' lang='lat' dir='ltr'>suspiciones,</span> 
     </span>
    </p>
   </div>
   <div class='ocr_carea' id='block_1_8' title="bbox 47 531 830 1400">
    <p class='ocr_par' dir='ltr' id='par_1_8' title="bbox 47 531 830 1400">
     <span class='ocr_line' id='line_1_19' title="bbox 63 531 830 572; baseline 0.003 -14"><span class='ocrx_word' id='word_1_120' title='bbox 63 541 128 568; x_wconf 86' lang='grc' dir='ltr'>σμον</span> <span class='ocrx_word' id='word_1_121' title='bbox 147 531 199 559; x_wconf 78' lang='grc' dir='ltr'>ἔδει</span> <span class='ocrx_word' id='word_1_122' title='bbox 223 533 258 564; x_wconf 82' lang='grc' dir='ltr'>εἰς</span> <span class='ocrx_word' id='word_1_123' title='bbox 280 532 377 572; x_wconf 67' lang='grc' dir='ltr'>ἀγορὰν</span> <span class='ocrx_word' id='word_1_124' title='bbox 402 532 606 570; x_wconf 65' lang='grc' dir='ltr'>ἐμὸοίλλουσαν,</span> <span class='ocrx_word' id='word_1_125' title='bbox 631 535 668 565; x_wconf 79' lang='grc' dir='ltr'>εἷς</span> <span class='ocrx_word' id='word_1_126' title='bbox 686 533 830 567; x_wconf 73' lang='grc' dir='ltr'>ἐκκλησίαν</span> 
     </span>
     <span class='ocr_line' id='line_1_20' title="bbox 60 578 830 618; baseline 0.003 -13"><span class='ocrx_word' id='word_1_127' title='bbox 60 580 213 616; x_wconf 73' lang='grc' dir='ltr'>προϊοῦσαν.</span> <span class='ocrx_word' id='word_1_128' title='bbox 228 578 326 611; x_wconf 76' lang='grc' dir='ltr'>Ἄλλως</span> <span class='ocrx_word' id='word_1_129' title='bbox 342 579 381 615; x_wconf 72' lang='grc' dir='ltr'>δὲ,</span> <span class='ocrx_word' id='word_1_130' title='bbox 397 579 432 617; x_wconf 73' lang='grc' dir='ltr'>μὴ</span> <span class='ocrx_word' id='word_1_131' title='bbox 447 580 499 608; x_wconf 79' lang='grc' dir='ltr'>ἀπὸ</span> <span class='ocrx_word' id='word_1_132' title='bbox 514 579 612 608; x_wconf 80' lang='grc' dir='ltr'>τούτων</span> <span class='ocrx_word' id='word_1_133' title='bbox 626 580 720 618; x_wconf 77' lang='grc' dir='ltr'>ἄρεσκε</span> <span class='ocrx_word' id='word_1_134' title='bbox 735 581 772 618; x_wconf 83' lang='grc' dir='ltr'>τῷ</span> <span class='ocrx_word' id='word_1_135' title='bbox 787 581 830 608; x_wconf 83' lang='grc' dir='ltr'>ἁν-</span> 
     </span>
     <span class='ocr_line' id='line_1_21' title="bbox 61 620 829 664; baseline 0.001 -13"><span class='ocrx_word' id='word_1_136' title='bbox 61 623 116 661; x_wconf 79' lang='grc' dir='ltr'>δρὶ,</span> <span class='ocrx_word' id='word_1_137' title='bbox 129 625 173 662; x_wconf 70' lang='grc' dir='ltr'>ἀφ’</span> <span class='ocrx_word' id='word_1_138' title='bbox 187 620 222 652; x_wconf 68' lang='grc' dir='ltr'>ὧν</span> <span class='ocrx_word' id='word_1_139' title='bbox 236 625 282 653; x_wconf 86' lang='grc' dir='ltr'>καὶ</span> <span class='ocrx_word' id='word_1_140' title='bbox 296 627 323 653; x_wconf 86' lang='grc' dir='ltr'>αἱ</span> <span class='ocrx_word' id='word_1_141' title='bbox 337 625 448 664; x_wconf 81' lang='grc' dir='ltr'>πόρναι,</span> <span class='ocrx_word' id='word_1_142' title='bbox 464 626 522 653; x_wconf 77' lang='grc' dir='ltr'>ἀλλ’</span> <span class='ocrx_word' id='word_1_143' title='bbox 539 625 591 653; x_wconf 78' lang='grc' dir='ltr'>ἀπὸ</span> <span class='ocrx_word' id='word_1_144' title='bbox 605 625 696 653; x_wconf 78' lang='grc' dir='ltr'>τούτου</span> <span class='ocrx_word' id='word_1_145' title='bbox 712 626 812 662; x_wconf 70' lang='grc' dir='ltr'>μᾶλλον</span> <span class='ocrx_word' id='word_1_146' title='bbox 822 645 829 658; x_wconf 86' lang='grc'>,</span> 
     </span>
     <span class='ocr_line' id='line_1_22' title="bbox 59 665 827 709; baseline 0 -11"><span class='ocrx_word' id='word_1_147' title='bbox 59 672 70 684; x_wconf 69' lang='lat'>²¹</span> <span class='ocrx_word' id='word_1_148' title='bbox 83 671 127 708; x_wconf 71' lang='grc' dir='ltr'>ἀφ’</span> <span class='ocrx_word' id='word_1_149' title='bbox 140 665 169 699; x_wconf 62' lang='grc' dir='ltr'>οὗ</span> <span class='ocrx_word' id='word_1_150' title='bbox 183 672 208 699; x_wconf 88' lang='grc' dir='ltr'>αἱ</span> <span class='ocrx_word' id='word_1_151' title='bbox 223 675 343 709; x_wconf 86' lang='grc' dir='ltr'>γυναῖκες</span> <span class='ocrx_word' id='word_1_152' title='bbox 356 673 383 699; x_wconf 91' lang='grc' dir='ltr'>αἱ</span> <span class='ocrx_word' id='word_1_153' title='bbox 395 670 536 709; x_wconf 78' lang='grc' dir='ltr'>ἐλεύθεραι.</span> <span class='ocrx_word' id='word_1_154' title='bbox 553 670 614 698; x_wconf 83' lang='grc' dir='ltr'>Τίνι</span> <span class='ocrx_word' id='word_1_155' title='bbox 626 669 691 708; x_wconf 79' lang='grc' dir='ltr'>γὰρ,</span> <span class='ocrx_word' id='word_1_156' title='bbox 703 670 761 698; x_wconf 74' lang='grc' dir='ltr'>εἰπέ</span> <span class='ocrx_word' id='word_1_157' title='bbox 773 682 827 708; x_wconf 85' lang='grc' dir='ltr'>μοι,</span> 
     </span>
     <span class='ocr_line' id='line_1_23' title="bbox 59 714 826 755; baseline 0.001 -12"><span class='ocrx_word' id='word_1_158' title='bbox 59 715 179 751; x_wconf 79' lang='grc' dir='ltr'>διέστηκε</span> <span class='ocrx_word' id='word_1_159' title='bbox 194 716 258 755; x_wconf 78' lang='grc' dir='ltr'>γυνὴ</span> <span class='ocrx_word' id='word_1_160' title='bbox 282 717 393 755; x_wconf 78' lang='grc' dir='ltr'>πόρνης;</span> <span class='ocrx_word' id='word_1_161' title='bbox 419 715 484 744; x_wconf 68' lang='grc' dir='ltr'>ιὈτι</span> <span class='ocrx_word' id='word_1_162' title='bbox 506 718 522 750; x_wconf 76' lang='grc' dir='ltr'>ἡ</span> <span class='ocrx_word' id='word_1_163' title='bbox 539 714 585 752; x_wconf 81' lang='grc' dir='ltr'>μὲν</span> <span class='ocrx_word' id='word_1_164' title='bbox 606 715 671 753; x_wconf 78' lang='grc' dir='ltr'>πρὸς</span> <span class='ocrx_word' id='word_1_165' title='bbox 688 715 733 744; x_wconf 75' lang='grc' dir='ltr'>ἕνα</span> <span class='ocrx_word' id='word_1_166' title='bbox 749 716 826 753; x_wconf 75' lang='grc' dir='ltr'>μόνον</span> 
     </span>
     <span class='ocr_line' id='line_1_24' title="bbox 57 760 824 800; baseline 0.003 -11"><span class='ocrx_word' id='word_1_167' title='bbox 57 763 121 799; x_wconf 80' lang='grc' dir='ltr'>ὁρᾷ,</span> <span class='ocrx_word' id='word_1_168' title='bbox 141 761 213 794; x_wconf 74' lang='grc' dir='ltr'>ὅπως</span> <span class='ocrx_word' id='word_1_169' title='bbox 230 763 268 800; x_wconf 81' lang='grc' dir='ltr'>τῷ</span> <span class='ocrx_word' id='word_1_170' title='bbox 283 762 374 790; x_wconf 78' lang='grc' dir='ltr'>κάλλει</span> <span class='ocrx_word' id='word_1_171' title='bbox 389 763 434 789; x_wconf 79' lang='grc' dir='ltr'>τοῦ</span> <span class='ocrx_word' id='word_1_172' title='bbox 450 760 572 798; x_wconf 83' lang='grc' dir='ltr'>σώματος</span> <span class='ocrx_word' id='word_1_173' title='bbox 589 761 763 800; x_wconf 72' lang='grc' dir='ltr'>ἐφελκύσηται</span> <span class='ocrx_word' id='word_1_174' title='bbox 781 763 824 791; x_wconf 86' lang='grc' dir='ltr'>τὸν</span> 
     </span>
     <span class='ocr_line' id='line_1_25' title="bbox 55 806 822 846; baseline 0.004 -12"><span class='ocrx_word' id='word_1_175' title='bbox 55 806 198 845; x_wconf 80' lang='grc' dir='ltr'>ἐρώμενον·</span> <span class='ocrx_word' id='word_1_176' title='bbox 211 807 276 841; x_wconf 73' lang='grc' dir='ltr'>αὕτη</span> <span class='ocrx_word' id='word_1_177' title='bbox 289 806 315 834; x_wconf 80' lang='grc' dir='ltr'>δὲ</span> <span class='ocrx_word' id='word_1_178' title='bbox 330 807 375 834; x_wconf 88' lang='grc' dir='ltr'>καὶ</span> <span class='ocrx_word' id='word_1_179' title='bbox 392 806 475 838; x_wconf 83' lang='grc' dir='ltr'>οἰκίας</span> <span class='ocrx_word' id='word_1_180' title='bbox 485 806 657 846; x_wconf 76' lang='grc' dir='ltr'>προΐσταται,</span> <span class='ocrx_word' id='word_1_181' title='bbox 669 807 714 836; x_wconf 75' lang='grc' dir='ltr'>καὶ</span> <span class='ocrx_word' id='word_1_182' title='bbox 725 807 822 837; x_wconf 77' lang='grc' dir='ltr'>τέκνων</span> 
     </span>
     <span class='ocr_line' id='line_1_26' title="bbox 53 852 822 893; baseline 0.003 -13"><span class='ocrx_word' id='word_1_183' title='bbox 53 856 180 888; x_wconf 84' lang='grc' dir='ltr'>κοινωνεῖ,</span> <span class='ocrx_word' id='word_1_184' title='bbox 202 852 246 881; x_wconf 81' lang='grc' dir='ltr'>καὶ</span> <span class='ocrx_word' id='word_1_185' title='bbox 260 854 312 880; x_wconf 80' lang='grc' dir='ltr'>τῶν</span> <span class='ocrx_word' id='word_1_186' title='bbox 325 852 413 880; x_wconf 77' lang='grc' dir='ltr'>ἄλλων</span> <span class='ocrx_word' id='word_1_187' title='bbox 427 852 559 881; x_wconf 79' lang='grc' dir='ltr'>ἁπάντων.</span> <span class='ocrx_word' id='word_1_188' title='bbox 575 852 724 892; x_wconf 78' lang='grc' dir='ltr'>Θυγάτριον</span> <span class='ocrx_word' id='word_1_189' title='bbox 741 854 809 893; x_wconf 78' lang='grc' dir='ltr'>ἔχεις</span> <span class='ocrx_word' id='word_1_190' title='bbox 814 867 822 890; x_wconf 87' lang='lat'>;</span> 
     </span>
     <span class='ocr_line' id='line_1_27' title="bbox 53 898 822 939; baseline 0.003 -12"><span class='ocrx_word' id='word_1_191' title='bbox 53 898 102 938; x_wconf 77' lang='grc' dir='ltr'>ὅρα</span> <span class='ocrx_word' id='word_1_192' title='bbox 116 898 153 936; x_wconf 82' lang='grc' dir='ltr'>μὴ</span> <span class='ocrx_word' id='word_1_193' title='bbox 166 898 316 934; x_wconf 77' lang='grc' dir='ltr'>διαδέξηται</span> <span class='ocrx_word' id='word_1_194' title='bbox 334 898 382 934; x_wconf 81' lang='grc' dir='ltr'>τὴν</span> <span class='ocrx_word' id='word_1_195' title='bbox 397 898 499 936; x_wconf 57' lang='lat' dir='ltr'>§MS-m</span> <span class='ocrx_word' id='word_1_196' title='bbox 511 910 518 916; x_wconf 94' lang='lat'>·</span> <span class='ocrx_word' id='word_1_197' title='bbox 540 900 609 938; x_wconf 74' lang='grc' dir='ltr'>φιλεῖ</span> <span class='ocrx_word' id='word_1_198' title='bbox 621 899 672 938; x_wconf 74' lang='grc' dir='ltr'>γάρ</span> <span class='ocrx_word' id='word_1_199' title='bbox 691 912 747 932; x_wconf 86' lang='grc' dir='ltr'>πως</span> <span class='ocrx_word' id='word_1_200' title='bbox 757 901 822 939; x_wconf 79' lang='grc' dir='ltr'>πρὸς</span> 
     </span>
     <span class='ocr_line' id='line_1_28' title="bbox 52 944 821 984; baseline 0.005 -12"><span class='ocrx_word' id='word_1_201' title='bbox 52 944 99 977; x_wconf 84' lang='grc' dir='ltr'>τὰς</span> <span class='ocrx_word' id='word_1_202' title='bbox 111 945 259 984; x_wconf 74' lang='grc' dir='ltr'>ἀνατροφὰς</span> <span class='ocrx_word' id='word_1_203' title='bbox 272 944 305 973; x_wconf 83' lang='grc' dir='ltr'>τὰ</span> <span class='ocrx_word' id='word_1_204' title='bbox 317 945 367 980; x_wconf 81' lang='grc' dir='ltr'>ἤθη</span> <span class='ocrx_word' id='word_1_205' title='bbox 383 944 565 984; x_wconf 78' lang='grc' dir='ltr'>ῥυθμίζεσθαι,</span> <span class='ocrx_word' id='word_1_206' title='bbox 581 945 625 974; x_wconf 78' lang='grc' dir='ltr'>καὶ</span> <span class='ocrx_word' id='word_1_207' title='bbox 639 949 776 984; x_wconf 84' lang='grc' dir='ltr'>μιμεῖσθαι</span> <span class='ocrx_word' id='word_1_208' title='bbox 788 947 821 976; x_wconf 79' lang='grc' dir='ltr'>τὰ</span> 
     </span>
     <span class='ocr_line' id='line_1_29' title="bbox 52 990 819 1033; baseline 0.003 -14"><span class='ocrx_word' id='word_1_209' title='bbox 52 993 104 1020; x_wconf 78' lang='grc' dir='ltr'>τῶν</span> <span class='ocrx_word' id='word_1_210' title='bbox 119 991 239 1031; x_wconf 80' lang='grc' dir='ltr'>μητέρων</span> <span class='ocrx_word' id='word_1_211' title='bbox 253 991 314 1026; x_wconf 79' lang='grc' dir='ltr'>ἤθη.</span> <span class='ocrx_word' id='word_1_212' title='bbox 340 990 408 1020; x_wconf 83' lang='grc' dir='ltr'>Ἔσο</span> <span class='ocrx_word' id='word_1_213' title='bbox 422 991 570 1030; x_wconf 70' lang='grc' dir='ltr'>ὑπόδειγμα</span> <span class='ocrx_word' id='word_1_214' title='bbox 588 994 620 1030; x_wconf 75' lang='grc' dir='ltr'>τῇ</span> <span class='ocrx_word' id='word_1_215' title='bbox 638 993 749 1033; x_wconf 76' lang='grc' dir='ltr'>θυγατρὶ</span> <span class='ocrx_word' id='word_1_216' title='bbox 766 1005 819 1022; x_wconf 83' lang='grc' dir='ltr'>σω-</span> 
     </span>
     <span class='ocr_line' id='line_1_30' title="bbox 52 1036 820 1078; baseline 0.003 -13"><span class='ocrx_word' id='word_1_217' title='bbox 52 1037 182 1075; x_wconf 82' lang='grc' dir='ltr'>φροσύνης</span> <span class='ocrx_word' id='word_1_218' title='bbox 190 1059 197 1071; x_wconf 85' lang='grc'><em>,</em></span> <span class='ocrx_word' id='word_1_219' title='bbox 212 1037 344 1075; x_wconf 84' lang='grc' dir='ltr'>κόσμησαι</span> <span class='ocrx_word' id='word_1_220' title='bbox 356 1036 400 1066; x_wconf 79' lang='grc' dir='ltr'>τὸν</span> <span class='ocrx_word' id='word_1_221' title='bbox 410 1036 509 1074; x_wconf 83' lang='grc' dir='ltr'>κόσμον</span> <span class='ocrx_word' id='word_1_222' title='bbox 522 1039 620 1066; x_wconf 81' lang='grc' dir='ltr'>ἐκεῖνον</span> <span class='ocrx_word' id='word_1_223' title='bbox 628 1061 635 1073; x_wconf 84' lang='lat'>‚</span> <span class='ocrx_word' id='word_1_224' title='bbox 650 1038 695 1067; x_wconf 84' lang='grc' dir='ltr'>καὶ</span> <span class='ocrx_word' id='word_1_225' title='bbox 705 1038 754 1078; x_wconf 76' lang='grc' dir='ltr'>ὅρα</span> <span class='ocrx_word' id='word_1_226' title='bbox 764 1041 820 1072; x_wconf 82' lang='grc' dir='ltr'>πῶς</span> 
     </span>
     <span class='ocr_line' id='line_1_31' title="bbox 50 1081 820 1123; baseline 0.004 -12"><span class='ocrx_word' id='word_1_227' title='bbox 50 1081 140 1111; x_wconf 81' lang='grc' dir='ltr'>τούτου</span> <span class='ocrx_word' id='word_1_228' title='bbox 163 1082 380 1122; x_wconf 72' lang='grc' dir='ltr'>καταφρονήσεις.</span> <span class='ocrx_word' id='word_1_229' title='bbox 405 1082 509 1115; x_wconf 81' lang='grc' dir='ltr'>Ὄντως</span> <span class='ocrx_word' id='word_1_230' title='bbox 532 1082 583 1123; x_wconf 79' lang='grc' dir='ltr'>γὰρ</span> <span class='ocrx_word' id='word_1_231' title='bbox 608 1085 695 1112; x_wconf 78' lang='grc' dir='ltr'>ἐκεῖνα</span> <span class='ocrx_word' id='word_1_232' title='bbox 722 1085 820 1123; x_wconf 83' lang='grc' dir='ltr'>κόσμος</span> 
     </span>
     <span class='ocr_line' id='line_1_32' title="bbox 51 1128 820 1168; baseline 0.005 -11"><span class='ocrx_word' id='word_1_233' title='bbox 51 1128 116 1164; x_wconf 75' lang='grc' dir='ltr'>ἐστὶ,</span> <span class='ocrx_word' id='word_1_234' title='bbox 124 1132 207 1158; x_wconf 79' lang='grc' dir='ltr'>ταῦτα</span> <span class='ocrx_word' id='word_1_235' title='bbox 221 1128 248 1158; x_wconf 83' lang='grc' dir='ltr'>δὲ</span> <span class='ocrx_word' id='word_1_236' title='bbox 259 1129 386 1166; x_wconf 80' lang='grc' dir='ltr'>ἀκοσμία,</span> <span class='ocrx_word' id='word_1_237' title='bbox 395 1129 481 1168; x_wconf 78' lang='grc' dir='ltr'>Ἀρκεῖ</span> <span class='ocrx_word' id='word_1_238' title='bbox 491 1129 523 1158; x_wconf 84' lang='grc' dir='ltr'>τὰ</span> <span class='ocrx_word' id='word_1_239' title='bbox 533 1130 667 1168; x_wconf 79' lang='grc' dir='ltr'>εἰρημένα.</span> <span class='ocrx_word' id='word_1_240' title='bbox 678 1130 711 1160; x_wconf 87' lang='grc' dir='ltr'>Ὁ</span> <span class='ocrx_word' id='word_1_241' title='bbox 719 1131 745 1159; x_wconf 74' lang='grc' dir='ltr'>δὲ</span> <span class='ocrx_word' id='word_1_242' title='bbox 753 1132 820 1165; x_wconf 83' lang='grc' dir='ltr'>Θεὸς</span> 
     </span>
     <span class='ocr_line' id='line_1_33' title="bbox 51 1174 820 1217; baseline 0.004 -14"><span class='ocrx_word' id='word_1_243' title='bbox 51 1177 64 1204; x_wconf 85' lang='grc' dir='ltr'>ὁ</span> <span class='ocrx_word' id='word_1_244' title='bbox 77 1174 120 1204; x_wconf 85' lang='grc' dir='ltr'>τὸν</span> <span class='ocrx_word' id='word_1_245' title='bbox 132 1175 230 1213; x_wconf 82' lang='grc' dir='ltr'>κόσμον</span> <span class='ocrx_word' id='word_1_246' title='bbox 247 1175 359 1210; x_wconf 82' lang='grc' dir='ltr'>ποιήσας</span> <span class='ocrx_word' id='word_1_247' title='bbox 369 1198 376 1211; x_wconf 85' lang='grc'><em>,</em></span> <span class='ocrx_word' id='word_1_248' title='bbox 395 1175 440 1204; x_wconf 87' lang='grc' dir='ltr'>καὶ</span> <span class='ocrx_word' id='word_1_249' title='bbox 455 1175 514 1208; x_wconf 73' lang='grc' dir='ltr'>δοὺς</span> <span class='ocrx_word' id='word_1_250' title='bbox 532 1179 596 1214; x_wconf 79' lang='grc' dir='ltr'>ἡμῖν</span> <span class='ocrx_word' id='word_1_251' title='bbox 614 1177 657 1205; x_wconf 82' lang='grc' dir='ltr'>τὸν</span> <span class='ocrx_word' id='word_1_252' title='bbox 671 1179 718 1212; x_wconf 68' lang='grc' dir='ltr'>τῆς</span> <span class='ocrx_word' id='word_1_253' title='bbox 734 1179 820 1217; x_wconf 72' lang='grc' dir='ltr'>ψυχῆς</span> 
     </span>
     <span class='ocr_line' id='line_1_34' title="bbox 50 1221 818 1264; baseline 0.004 -14"><span class='ocrx_word' id='word_1_254' title='bbox 50 1221 164 1260; x_wconf 81' lang='grc' dir='ltr'>κόσμον,</span> <span class='ocrx_word' id='word_1_255' title='bbox 176 1221 332 1260; x_wconf 79' lang='grc' dir='ltr'>κοσμήσειεν</span> <span class='ocrx_word' id='word_1_256' title='bbox 346 1224 417 1259; x_wconf 80' lang='grc' dir='ltr'>ἡμᾶς</span> <span class='ocrx_word' id='word_1_257' title='bbox 426 1245 432 1257; x_wconf 89' lang='grc'><strong>,</strong></span> <span class='ocrx_word' id='word_1_258' title='bbox 448 1221 492 1250; x_wconf 78' lang='grc' dir='ltr'>καὶ</span> <span class='ocrx_word' id='word_1_259' title='bbox 505 1224 537 1261; x_wconf 78' lang='grc' dir='ltr'>τῇ</span> <span class='ocrx_word' id='word_1_260' title='bbox 550 1223 628 1251; x_wconf 77' lang='grc' dir='ltr'>αὐτοῦ</span> <span class='ocrx_word' id='word_1_261' title='bbox 641 1223 701 1262; x_wconf 72' lang='grc' dir='ltr'>δόξῃ</span> <span class='ocrx_word' id='word_1_262' title='bbox 716 1225 818 1264; x_wconf 73' lang='grc' dir='ltr'>ἀμφιά-</span> 
     </span>
     <span class='ocr_line' id='line_1_35' title="bbox 50 1268 817 1309; baseline 0.003 -12"><span class='ocrx_word' id='word_1_263' title='bbox 50 1280 131 1298; x_wconf 86' lang='grc' dir='ltr'>σειεν·</span> <span class='ocrx_word' id='word_1_264' title='bbox 155 1268 198 1298; x_wconf 77' lang='grc' dir='ltr'>ἵνα</span> <span class='ocrx_word' id='word_1_265' title='bbox 216 1269 311 1302; x_wconf 82' lang='grc' dir='ltr'>πάντες</span> <span class='ocrx_word' id='word_1_266' title='bbox 332 1270 358 1298; x_wconf 80' lang='grc' dir='ltr'>ἐν</span> <span class='ocrx_word' id='word_1_267' title='bbox 381 1271 488 1308; x_wconf 80' lang='grc' dir='ltr'>ἀγαθοῖς</span> <span class='ocrx_word' id='word_1_268' title='bbox 503 1269 587 1309; x_wconf 82' lang='grc' dir='ltr'>ἔργοις</span> <span class='ocrx_word' id='word_1_269' title='bbox 611 1270 817 1308; x_wconf 76' lang='grc' dir='ltr'>διαλάμποντες,</span> 
     </span>
     <span class='ocr_line' id='line_1_36' title="bbox 49 1314 818 1356; baseline 0.004 -13"><span class='ocrx_word' id='word_1_270' title='bbox 49 1315 94 1343; x_wconf 79' lang='grc' dir='ltr'>καὶ</span> <span class='ocrx_word' id='word_1_271' title='bbox 109 1314 121 1330; x_wconf 63' lang='lat' dir='ltr'>b</span> <span class='ocrx_word' id='word_1_272' title='bbox 139 1316 174 1347; x_wconf 84' lang='grc' dir='ltr'>εἷς</span> <span class='ocrx_word' id='word_1_273' title='bbox 189 1314 262 1348; x_wconf 77' lang='grc' dir='ltr'>δόξαν</span> <span class='ocrx_word' id='word_1_274' title='bbox 283 1316 364 1344; x_wconf 80' lang='grc' dir='ltr'>αὐτοῦ</span> <span class='ocrx_word' id='word_1_275' title='bbox 386 1316 493 1351; x_wconf 73' lang='grc' dir='ltr'>ζῶντες,</span> <span class='ocrx_word' id='word_1_276' title='bbox 519 1315 594 1349; x_wconf 76' lang='grc' dir='ltr'>δόξαν</span> <span class='ocrx_word' id='word_1_277' title='bbox 617 1316 818 1356; x_wconf 75' lang='grc' dir='ltr'>ἀνα-πέμψωμεν</span> 
     </span>
     <span class='ocr_line' id='line_1_37' title="bbox 47 1360 720 1400; baseline 0.001 -11"><span class='ocrx_word' id='word_1_278' title='bbox 47 1361 85 1399; x_wconf 81' lang='grc' dir='ltr'>τῷ</span> <span class='ocrx_word' id='word_1_279' title='bbox 97 1360 184 1400; x_wconf 81' lang='grc' dir='ltr'>Πατρὶ</span> <span class='ocrx_word' id='word_1_280' title='bbox 197 1360 242 1390; x_wconf 87' lang='grc' dir='ltr'>καὶ</span> <span class='ocrx_word' id='word_1_281' title='bbox 254 1363 291 1400; x_wconf 81' lang='grc' dir='ltr'>τῷ</span> <span class='ocrx_word' id='word_1_282' title='bbox 305 1361 363 1400; x_wconf 82' lang='grc' dir='ltr'>Υἱῷ</span> <span class='ocrx_word' id='word_1_283' title='bbox 378 1360 423 1389; x_wconf 81' lang='grc' dir='ltr'>καὶ</span> <span class='ocrx_word' id='word_1_284' title='bbox 437 1363 474 1399; x_wconf 80' lang='grc' dir='ltr'>τῷ</span> <span class='ocrx_word' id='word_1_285' title='bbox 490 1360 556 1400; x_wconf 84' lang='grc' dir='ltr'>ἁγίῳ</span> <span class='ocrx_word' id='word_1_286' title='bbox 572 1361 720 1399; x_wconf 74' lang='grc' dir='ltr'>Πνεύματι.</span> 
     </span>
    </p>
   </div>
   <div class='ocr_carea' id='block_1_9' title="bbox 46 1842 807 1955">
    <p class='ocr_par' dir='ltr' id='par_1_9' title="bbox 46 1842 807 1955">
     <span class='ocr_line' id='line_1_38' title="bbox 77 1842 807 1877; baseline 0.003 -11"><span class='ocrx_word' id='word_1_287' title='bbox 77 1846 85 1858; x_wconf 71' lang='lat'>⁸</span> <span class='ocrx_word' id='word_1_288' title='bbox 104 1842 143 1874; x_wconf 78' lang='lat' dir='ltr'>[A.</span> <span class='ocrx_word' id='word_1_289' title='bbox 155 1843 183 1868; x_wconf 92' lang='lat' dir='ltr'>B.</span> <span class='ocrx_word' id='word_1_290' title='bbox 195 1845 234 1869; x_wconf 73' lang='grc' dir='ltr'>ίιπ.</span> <span class='ocrx_word' id='word_1_291' title='bbox 246 1847 351 1876; x_wconf 60' lang='grc' dir='ltr'>πονηραί.</span> <span class='ocrx_word' id='word_1_292' title='bbox 361 1842 455 1868; x_wconf 80' lang='lat' dir='ltr'>Placet.</span> <span class='ocrx_word' id='word_1_293' title='bbox 465 1843 614 1876; x_wconf 64' lang='lat' dir='ltr'>Conjvcerat</span> <span class='ocrx_word' id='word_1_294' title='bbox 624 1845 730 1868; x_wconf 73' lang='lat' dir='ltr'>Dunaeus</span> <span class='ocrx_word' id='word_1_295' title='bbox 740 1845 807 1877; x_wconf 67' lang='grc' dir='ltr'>ὑπερ-</span> 
     </span>
     <span class='ocr_line' id='line_1_39' title="bbox 46 1881 182 1914; baseline -0.022 -6"><span class='ocrx_word' id='word_1_296' title='bbox 46 1886 106 1914; x_wconf 40' lang='lat' dir='ltr'>otim</span> <span class='ocrx_word' id='word_1_297' title='bbox 118 1881 182 1914; x_wconf 18' lang='grc' dir='ltr'>φανά]</span> 
     </span>
     <span class='ocr_line' id='line_1_40' title="bbox 76 1919 405 1955; baseline 0.006 -9"><span class='ocrx_word' id='word_1_298' title='bbox 76 1925 83 1939; x_wconf 87' lang='lat'><strong>¹</strong></span> <span class='ocrx_word' id='word_1_299' title='bbox 106 1919 196 1953; x_wconf 70' lang='lat' dir='ltr'>[fidem</span> <span class='ocrx_word' id='word_1_300' title='bbox 206 1925 285 1955; x_wconf 60' lang='grc' dir='ltr'>ἀρέσκι</span> <span class='ocrx_word' id='word_1_301' title='bbox 296 1929 326 1955; x_wconf 77' lang='grc' dir='ltr'>τῷ</span> <span class='ocrx_word' id='word_1_302' title='bbox 338 1920 405 1954; x_wconf 56' lang='grc' dir='ltr'>ἰδίῳ]</span> 
     </span>
    </p>
   </div>
   <div class='ocr_carea' id='block_1_10' title="bbox 883 533 1632 664">
    <p class='ocr_par' dir='ltr' id='par_1_10' title="bbox 883 533 1632 664">
     <span class='ocr_line' id='line_1_41' title="bbox 884 533 1632 574; baseline 0.008 -14"><span class='ocrx_word' id='word_1_303' title='bbox 884 540 988 560; x_wconf 82' lang='lat' dir='ltr'><strong>sumtus</strong></span> <span class='ocrx_word' id='word_1_304' title='bbox 1023 533 1217 572; x_wconf 75' lang='lat' dir='ltr'>intempestivi,</span> <span class='ocrx_word' id='word_1_305' title='bbox 1252 535 1436 574; x_wconf 68' lang='lat' dir='ltr'>blasphemim,</span> <span class='ocrx_word' id='word_1_306' title='bbox 1463 537 1582 565; x_wconf 64' lang='lat' dir='ltr'>avaritia·</span> <span class='ocrx_word' id='word_1_307' title='bbox 1607 545 1632 567; x_wconf 83' lang='lat' dir='ltr'>et</span> 
     </span>
     <span class='ocr_line' id='line_1_42' title="bbox 883 578 1628 619; baseline 0.007 -13"><span class='ocrx_word' id='word_1_308' title='bbox 883 578 963 616; x_wconf 87' lang='lat' dir='ltr'>plura</span> <span class='ocrx_word' id='word_1_309' title='bbox 977 578 1094 607; x_wconf 80' lang='lat' dir='ltr'>habendi</span> <span class='ocrx_word' id='word_1_310' title='bbox 1109 579 1265 618; x_wconf 73' lang='lat' dir='ltr'>cupiditatis</span> <span class='ocrx_word' id='word_1_311' title='bbox 1280 581 1440 609; x_wconf 77' lang='lat' dir='ltr'>occasiones.</span> <span class='ocrx_word' id='word_1_312' title='bbox 1456 582 1531 618; x_wconf 86' lang='lat' dir='ltr'>Quid</span> <span class='ocrx_word' id='word_1_313' title='bbox 1546 583 1628 619; x_wconf 81' lang='lat' dir='ltr'>enim,</span> 
     </span>
     <span class='ocr_line' id='line_1_43' title="bbox 883 623 1630 664; baseline 0.008 -13"><span class='ocrx_word' id='word_1_314' title='bbox 883 623 928 651; x_wconf 85' lang='lat' dir='ltr'>dic</span> <span class='ocrx_word' id='word_1_315' title='bbox 953 634 1053 661; x_wconf 61' lang='lat' dir='ltr'>quaeso,</span> <span class='ocrx_word' id='word_1_316' title='bbox 1079 625 1206 652; x_wconf 67' lang='lat' dir='ltr'>ornaris?</span> <span class='ocrx_word' id='word_1_317' title='bbox 1234 631 1263 653; x_wconf 89' lang='lat' dir='ltr'>ut</span> <span class='ocrx_word' id='word_1_318' title='bbox 1291 625 1397 664; x_wconf 78' lang='lat' dir='ltr'>placeas</span> <span class='ocrx_word' id='word_1_319' title='bbox 1426 627 1547 655; x_wconf 69' lang='lat' dir='ltr'>marito?</span> <span class='ocrx_word' id='word_1_320' title='bbox 1573 629 1630 658; x_wconf 86' lang='lat' dir='ltr'>Hoc</span> 
     </span>
    </p>
   </div>
   <div class='ocr_carea' id='block_1_11' title="bbox 845 668 1630 708">
    <p class='ocr_par' dir='ltr' id='par_1_11' title="bbox 845 668 1630 708">
     <span class='ocr_line' id='line_1_44' title="bbox 845 668 1630 708; baseline 0.009 -13"><span class='ocrx_word' id='word_1_321' title='bbox 845 686 864 708; x_wconf 60' lang='lat' dir='ltr'>A</span> <span class='ocrx_word' id='word_1_322' title='bbox 883 678 946 706; x_wconf 79' lang='lat' dir='ltr'>ergo</span> <span class='ocrx_word' id='word_1_323' title='bbox 967 669 1009 696; x_wconf 85' lang='lat' dir='ltr'>fac</span> <span class='ocrx_word' id='word_1_324' title='bbox 1023 668 1108 697; x_wconf 80' lang='lat' dir='ltr'>domi.</span> <span class='ocrx_word' id='word_1_325' title='bbox 1132 669 1184 697; x_wconf 91' lang='lat' dir='ltr'>Hic</span> <span class='ocrx_word' id='word_1_326' title='bbox 1208 677 1296 698; x_wconf 84' lang='lat' dir='ltr'>autem</span> <span class='ocrx_word' id='word_1_327' title='bbox 1313 671 1343 698; x_wconf 81' lang='lat' dir='ltr'>fit</span> <span class='ocrx_word' id='word_1_328' title='bbox 1360 672 1536 700; x_wconf 86' lang='lat' dir='ltr'>contrarium.</span> <span class='ocrx_word' id='word_1_329' title='bbox 1560 675 1630 702; x_wconf 81' lang='lat' dir='ltr'>Nam</span> 
     </span>
    </p>
   </div>
   <div class='ocr_carea' id='block_1_12' title="bbox 873 714 1628 988">
    <p class='ocr_par' dir='ltr' id='par_1_12' title="bbox 873 714 1628 988">
     <span class='ocr_line' id='line_1_45' title="bbox 881 714 1626 756; baseline 0.008 -15"><span class='ocrx_word' id='word_1_330' title='bbox 881 714 903 742; x_wconf 89' lang='lat' dir='ltr'>si</span> <span class='ocrx_word' id='word_1_331' title='bbox 926 714 966 742; x_wconf 77' lang='lat' dir='ltr'>ris</span> <span class='ocrx_word' id='word_1_332' title='bbox 990 721 1036 743; x_wconf 91' lang='lat' dir='ltr'>tuo</span> <span class='ocrx_word' id='word_1_333' title='bbox 1062 714 1168 754; x_wconf 85' lang='lat' dir='ltr'>placere</span> <span class='ocrx_word' id='word_1_334' title='bbox 1191 715 1300 753; x_wconf 80' lang='lat' dir='ltr'>marito,</span> <span class='ocrx_word' id='word_1_335' title='bbox 1329 716 1385 745; x_wconf 89' lang='lat' dir='ltr'>noli</span> <span class='ocrx_word' id='word_1_336' title='bbox 1417 717 1522 756; x_wconf 82' lang='lat' dir='ltr'>placere</span> <span class='ocrx_word' id='word_1_337' title='bbox 1547 719 1626 756; x_wconf 85' lang='lat' dir='ltr'>aliis;</span> 
     </span>
     <span class='ocr_line' id='line_1_46' title="bbox 878 760 1627 804; baseline 0.007 -16"><span class='ocrx_word' id='word_1_338' title='bbox 878 760 900 788; x_wconf 86' lang='lat' dir='ltr'>si</span> <span class='ocrx_word' id='word_1_339' title='bbox 917 767 1006 789; x_wconf 80' lang='lat' dir='ltr'>autem</span> <span class='ocrx_word' id='word_1_340' title='bbox 1018 761 1124 800; x_wconf 80' lang='lat' dir='ltr'>placeas</span> <span class='ocrx_word' id='word_1_341' title='bbox 1136 761 1206 799; x_wconf 77' lang='lat' dir='ltr'>alii57</span> <span class='ocrx_word' id='word_1_342' title='bbox 1221 762 1318 791; x_wconf 86' lang='lat' dir='ltr'>marito</span> <span class='ocrx_word' id='word_1_343' title='bbox 1334 769 1380 791; x_wconf 81' lang='lat' dir='ltr'>tuo</span> <span class='ocrx_word' id='word_1_344' title='bbox 1393 763 1498 802; x_wconf 79' lang='lat' dir='ltr'>placere</span> <span class='ocrx_word' id='word_1_345' title='bbox 1513 775 1564 793; x_wconf 90' lang='lat' dir='ltr'>non</span> <span class='ocrx_word' id='word_1_346' title='bbox 1575 776 1627 804; x_wconf 89' lang='lat' dir='ltr'>po-</span> 
     </span>
     <span class='ocr_line' id='line_1_47' title="bbox 875 806 1628 850; baseline 0.008 -16"><span class='ocrx_word' id='word_1_347' title='bbox 875 806 949 835; x_wconf 82' lang='lat' dir='ltr'>teris.</span> <span class='ocrx_word' id='word_1_348' title='bbox 980 807 1163 843; x_wconf 77' lang='lat' dir='ltr'>Quamobrem</span> <span class='ocrx_word' id='word_1_349' title='bbox 1197 818 1303 837; x_wconf 90' lang='lat' dir='ltr'>omnem</span> <span class='ocrx_word' id='word_1_350' title='bbox 1335 816 1461 838; x_wconf 83' lang='lat' dir='ltr'>ornatum</span> <span class='ocrx_word' id='word_1_351' title='bbox 1494 818 1628 850; x_wconf 82' lang='lat' dir='ltr'>oporteret</span> 
     </span>
     <span class='ocr_line' id='line_1_48' title="bbox 874 851 1627 896; baseline 0.008 -16"><span class='ocrx_word' id='word_1_352' title='bbox 874 851 1006 892; x_wconf 83' lang='lat' dir='ltr'>deponere</span> <span class='ocrx_word' id='word_1_353' title='bbox 1018 864 1079 882; x_wconf 90' lang='lat' dir='ltr'>cum</span> <span class='ocrx_word' id='word_1_354' title='bbox 1091 853 1169 883; x_wconf 75' lang='lat' dir='ltr'>vadis</span> <span class='ocrx_word' id='word_1_355' title='bbox 1184 854 1217 883; x_wconf 83' lang='lat' dir='ltr'>ad</span> <span class='ocrx_word' id='word_1_356' title='bbox 1232 855 1321 884; x_wconf 83' lang='lat' dir='ltr'>forum</span> <span class='ocrx_word' id='word_1_357' title='bbox 1332 878 1342 894; x_wconf 72' lang='lat'>7</span> <span class='ocrx_word' id='word_1_358' title='bbox 1360 866 1423 884; x_wconf 88' lang='lat' dir='ltr'>cum</span> <span class='ocrx_word' id='word_1_359' title='bbox 1437 855 1530 896; x_wconf 83' lang='lat' dir='ltr'>prodis</span> <span class='ocrx_word' id='word_1_360' title='bbox 1543 857 1570 886; x_wconf 85' lang='lat' dir='ltr'>in</span> <span class='ocrx_word' id='word_1_361' title='bbox 1583 869 1627 886; x_wconf 84' lang='lat' dir='ltr'>ec-</span> 
     </span>
     <span class='ocr_line' id='line_1_49' title="bbox 875 898 1628 941; baseline 0.008 -15"><span class='ocrx_word' id='word_1_362' title='bbox 875 898 992 928; x_wconf 81' lang='lat' dir='ltr'>clesiam.</span> <span class='ocrx_word' id='word_1_363' title='bbox 1009 899 1119 938; x_wconf 80' lang='lat' dir='ltr'>Alioqui</span> <span class='ocrx_word' id='word_1_364' title='bbox 1133 907 1222 929; x_wconf 88' lang='lat' dir='ltr'>autem</span> <span class='ocrx_word' id='word_1_365' title='bbox 1237 923 1245 938; x_wconf 86' lang='lat'>‚</span> <span class='ocrx_word' id='word_1_366' title='bbox 1264 912 1296 930; x_wconf 89' lang='lat' dir='ltr'>ne</span> <span class='ocrx_word' id='word_1_367' title='bbox 1310 913 1344 930; x_wconf 78' lang='lat' dir='ltr'>ex</span> <span class='ocrx_word' id='word_1_368' title='bbox 1360 902 1393 930; x_wconf 89' lang='lat' dir='ltr'>iis</span> <span class='ocrx_word' id='word_1_369' title='bbox 1407 902 1512 941; x_wconf 82' lang='lat' dir='ltr'>placeas</span> <span class='ocrx_word' id='word_1_370' title='bbox 1529 904 1628 932; x_wconf 87' lang='lat' dir='ltr'>marito</span> 
     </span>
     <span class='ocr_line' id='line_1_50' title="bbox 873 946 1626 988; baseline 0.005 -14"><span class='ocrx_word' id='word_1_371' title='bbox 873 956 908 974; x_wconf 80' lang='lat' dir='ltr'>ex</span> <span class='ocrx_word' id='word_1_372' title='bbox 921 946 1022 984; x_wconf 88' lang='lat' dir='ltr'>quibus</span> <span class='ocrx_word' id='word_1_373' title='bbox 1037 953 1062 975; x_wconf 85' lang='lat' dir='ltr'>et</span> <span class='ocrx_word' id='word_1_374' title='bbox 1077 947 1238 985; x_wconf 82' lang='lat' dir='ltr'>meretrices,</span> <span class='ocrx_word' id='word_1_375' title='bbox 1252 948 1298 977; x_wconf 89' lang='lat' dir='ltr'>sed</span> <span class='ocrx_word' id='word_1_376' title='bbox 1314 959 1348 977; x_wconf 84' lang='lat' dir='ltr'>ex</span> <span class='ocrx_word' id='word_1_377' title='bbox 1369 959 1399 977; x_wconf 88' lang='lat' dir='ltr'>eo</span> <span class='ocrx_word' id='word_1_378' title='bbox 1415 949 1504 988; x_wconf 89' lang='lat' dir='ltr'>potius</span> <span class='ocrx_word' id='word_1_379' title='bbox 1519 960 1553 978; x_wconf 82' lang='lat' dir='ltr'>ex</span> <span class='ocrx_word' id='word_1_380' title='bbox 1572 961 1626 988; x_wconf 90' lang='lat' dir='ltr'>quo</span> 
     </span>
    </p>
   </div>
   <div class='ocr_carea' id='block_1_13' title="bbox 869 992 1627 1762">
    <p class='ocr_par' dir='ltr' id='par_1_13' title="bbox 869 992 1627 1762">
     <span class='ocr_line' id='line_1_51' title="bbox 874 992 1627 1033; baseline 0.007 -13"><span class='ocrx_word' id='word_1_381' title='bbox 874 992 998 1021; x_wconf 87' lang='lat' dir='ltr'>mulieres</span> <span class='ocrx_word' id='word_1_382' title='bbox 1013 992 1114 1022; x_wconf 66' lang='lat' dir='ltr'>liberte.</span> <span class='ocrx_word' id='word_1_383' title='bbox 1128 994 1160 1023; x_wconf 87' lang='lat' dir='ltr'>In</span> <span class='ocrx_word' id='word_1_384' title='bbox 1174 1004 1226 1032; x_wconf 87' lang='lat' dir='ltr'>quo</span> <span class='ocrx_word' id='word_1_385' title='bbox 1241 995 1331 1032; x_wconf 71' lang='lat' dir='ltr'>enim,</span> <span class='ocrx_word' id='word_1_386' title='bbox 1348 994 1393 1023; x_wconf 82' lang='lat' dir='ltr'>dic</span> <span class='ocrx_word' id='word_1_387' title='bbox 1408 1006 1516 1033; x_wconf 65' lang='lat' dir='ltr'>quaeso,</span> <span class='ocrx_word' id='word_1_388' title='bbox 1533 996 1627 1026; x_wconf 82' lang='lat' dir='ltr'>differt</span> 
     </span>
     <span class='ocr_line' id='line_1_52' title="bbox 873 1037 1624 1077; baseline 0.007 -12"><span class='ocrx_word' id='word_1_389' title='bbox 873 1047 943 1065; x_wconf 78' lang='lat' dir='ltr'>uxor</span> <span class='ocrx_word' id='word_1_390' title='bbox 958 1048 973 1065; x_wconf 92' lang='lat' dir='ltr'>a</span> <span class='ocrx_word' id='word_1_391' title='bbox 984 1038 1145 1066; x_wconf 74' lang='lat' dir='ltr'>meretrice?</span> <span class='ocrx_word' id='word_1_392' title='bbox 1157 1037 1238 1074; x_wconf 87' lang='lat' dir='ltr'>Quod</span> <span class='ocrx_word' id='word_1_393' title='bbox 1250 1039 1305 1067; x_wconf 80' lang='lat' dir='ltr'>haee</span> <span class='ocrx_word' id='word_1_394' title='bbox 1318 1038 1427 1077; x_wconf 89' lang='lat' dir='ltr'>quidem</span> <span class='ocrx_word' id='word_1_395' title='bbox 1440 1050 1524 1068; x_wconf 83' lang='lat' dir='ltr'>unum</span> <span class='ocrx_word' id='word_1_396' title='bbox 1537 1041 1624 1070; x_wconf 83' lang='lat' dir='ltr'>solum</span> 
     </span>
     <span class='ocr_line' id='line_1_53' title="bbox 873 1085 1626 1124; baseline 0.005 -12"><span class='ocrx_word' id='word_1_397' title='bbox 873 1090 984 1122; x_wconf 82' lang='lat' dir='ltr'>spectat,</span> <span class='ocrx_word' id='word_1_398' title='bbox 1007 1091 1037 1113; x_wconf 89' lang='lat' dir='ltr'>ut</span> <span class='ocrx_word' id='word_1_399' title='bbox 1064 1085 1184 1124; x_wconf 88' lang='lat' dir='ltr'>corporis</span> <span class='ocrx_word' id='word_1_400' title='bbox 1208 1085 1414 1124; x_wconf 86' lang='lat' dir='ltr'>pulchritudine</span> <span class='ocrx_word' id='word_1_401' title='bbox 1435 1086 1537 1115; x_wconf 79' lang='lat' dir='ltr'>alliciat</span> <span class='ocrx_word' id='word_1_402' title='bbox 1563 1098 1626 1116; x_wconf 87' lang='lat' dir='ltr'>eum</span> 
     </span>
     <span class='ocr_line' id='line_1_54' title="bbox 873 1130 1626 1171; baseline 0.005 -13"><span class='ocrx_word' id='word_1_403' title='bbox 873 1140 953 1168; x_wconf 91' lang='lat' dir='ltr'>quem</span> <span class='ocrx_word' id='word_1_404' title='bbox 967 1137 1038 1159; x_wconf 84' lang='lat' dir='ltr'>amat</span> <span class='ocrx_word' id='word_1_405' title='bbox 1054 1130 1121 1159; x_wconf 86' lang='lat' dir='ltr'>:illa</span> <span class='ocrx_word' id='word_1_406' title='bbox 1144 1142 1208 1160; x_wconf 69' lang='lat' dir='ltr'>vero</span> <span class='ocrx_word' id='word_1_407' title='bbox 1229 1138 1254 1160; x_wconf 88' lang='lat' dir='ltr'>et</span> <span class='ocrx_word' id='word_1_408' title='bbox 1275 1138 1371 1171; x_wconf 62' lang='lat' dir='ltr'>praeest</span> <span class='ocrx_word' id='word_1_409' title='bbox 1395 1131 1499 1169; x_wconf 86' lang='lat' dir='ltr'>domui,</span> <span class='ocrx_word' id='word_1_410' title='bbox 1521 1133 1626 1162; x_wconf 79' lang='lat' dir='ltr'>libero-</span> 
     </span>
     <span class='ocr_line' id='line_1_55' title="bbox 873 1177 1622 1215; baseline 0.008 -11"><span class='ocrx_word' id='word_1_411' title='bbox 873 1187 986 1215; x_wconf 84' lang='lat' dir='ltr'>rumque</span> <span class='ocrx_word' id='word_1_412' title='bbox 1012 1184 1037 1205; x_wconf 89' lang='lat' dir='ltr'>et</span> <span class='ocrx_word' id='word_1_413' title='bbox 1062 1177 1178 1206; x_wconf 90' lang='lat' dir='ltr'>aliorum</span> <span class='ocrx_word' id='word_1_414' title='bbox 1201 1178 1323 1206; x_wconf 88' lang='lat' dir='ltr'>omnium</span> <span class='ocrx_word' id='word_1_415' title='bbox 1351 1178 1433 1207; x_wconf 84' lang='lat' dir='ltr'>habet</span> <span class='ocrx_word' id='word_1_416' title='bbox 1455 1179 1622 1210; x_wconf 77' lang='lat' dir='ltr'>societatem.</span> 
     </span>
     <span class='ocr_line' id='line_1_56' title="bbox 873 1222 1624 1264; baseline 0.004 -12"><span class='ocrx_word' id='word_1_417' title='bbox 873 1222 963 1252; x_wconf 78' lang='lat' dir='ltr'>Habes</span> <span class='ocrx_word' id='word_1_418' title='bbox 977 1222 1091 1251; x_wconf 87' lang='lat' dir='ltr'>filiolam</span> <span class='ocrx_word' id='word_1_419' title='bbox 1107 1223 1120 1252; x_wconf 67' lang='grc' dir='ltr'><strong><em>Ρ</em></strong></span> <span class='ocrx_word' id='word_1_420' title='bbox 1132 1223 1194 1253; x_wconf 79' lang='lat' dir='ltr'>vide</span> <span class='ocrx_word' id='word_1_421' title='bbox 1205 1234 1238 1252; x_wconf 81' lang='lat' dir='ltr'>ne</span> <span class='ocrx_word' id='word_1_422' title='bbox 1252 1223 1382 1253; x_wconf 84' lang='lat' dir='ltr'>damnum</span> <span class='ocrx_word' id='word_1_423' title='bbox 1393 1225 1505 1264; x_wconf 84' lang='lat' dir='ltr'>accipiat</span> <span class='ocrx_word' id='word_1_424' title='bbox 1519 1237 1525 1253; x_wconf 80' lang='lat' dir='ltr'><em>z</em></span> <span class='ocrx_word' id='word_1_425' title='bbox 1539 1226 1624 1255; x_wconf 85' lang='lat' dir='ltr'>solent</span> 
     </span>
     <span class='ocr_line' id='line_1_57' title="bbox 872 1269 1624 1309; baseline 0.005 -12"><span class='ocrx_word' id='word_1_426' title='bbox 872 1269 943 1297; x_wconf 89' lang='lat' dir='ltr'>enim</span> <span class='ocrx_word' id='word_1_427' title='bbox 960 1280 1047 1298; x_wconf 87' lang='lat' dir='ltr'>mores</span> <span class='ocrx_word' id='word_1_428' title='bbox 1062 1280 1220 1309; x_wconf 85' lang='lat' dir='ltr'>componere</span> <span class='ocrx_word' id='word_1_429' title='bbox 1239 1281 1272 1299; x_wconf 80' lang='lat' dir='ltr'>ex</span> <span class='ocrx_word' id='word_1_430' title='bbox 1288 1270 1456 1306; x_wconf 84' lang='lat' dir='ltr'>educatione,</span> <span class='ocrx_word' id='word_1_431' title='bbox 1471 1278 1495 1300; x_wconf 90' lang='lat' dir='ltr'>et</span> <span class='ocrx_word' id='word_1_432' title='bbox 1505 1279 1624 1302; x_wconf 81' lang='lat' dir='ltr'>matrum</span> 
     </span>
     <span class='ocr_line' id='line_1_58' title="bbox 872 1314 1624 1356; baseline 0.005 -13"><span class='ocrx_word' id='word_1_433' title='bbox 872 1325 959 1343; x_wconf 88' lang='lat' dir='ltr'>mores</span> <span class='ocrx_word' id='word_1_434' title='bbox 973 1314 1086 1344; x_wconf 84' lang='lat' dir='ltr'>imitari.</span> <span class='ocrx_word' id='word_1_435' title='bbox 1113 1315 1157 1344; x_wconf 82' lang='lat' dir='ltr'>Sis</span> <span class='ocrx_word' id='word_1_436' title='bbox 1180 1315 1245 1344; x_wconf 80' lang='lat' dir='ltr'>filiae</span> <span class='ocrx_word' id='word_1_437' title='bbox 1268 1317 1423 1356; x_wconf 79' lang='lat' dir='ltr'>exemplum</span> <span class='ocrx_word' id='word_1_438' title='bbox 1448 1317 1583 1346; x_wconf 69' lang='lat' dir='ltr'>modestiae</span> <span class='ocrx_word' id='word_1_439' title='bbox 1598 1326 1624 1347; x_wconf 88' lang='lat' dir='ltr'>et</span> 
     </span>
     <span class='ocr_line' id='line_1_59' title="bbox 871 1361 1622 1400; baseline 0.005 -11"><span class='ocrx_word' id='word_1_440' title='bbox 871 1361 1055 1400; x_wconf 72' lang='lat' dir='ltr'>temperantiae</span> <span class='ocrx_word' id='word_1_441' title='bbox 1068 1373 1076 1398; x_wconf 88' lang='lat'>;</span> <span class='ocrx_word' id='word_1_442' title='bbox 1095 1362 1142 1391; x_wconf 86' lang='lat' dir='ltr'>illo</span> <span class='ocrx_word' id='word_1_443' title='bbox 1155 1369 1251 1391; x_wconf 89' lang='lat' dir='ltr'>ornatu</span> <span class='ocrx_word' id='word_1_444' title='bbox 1266 1373 1378 1399; x_wconf 81' lang='lat' dir='ltr'>ornare,</span> <span class='ocrx_word' id='word_1_445' title='bbox 1391 1370 1415 1392; x_wconf 82' lang='lat' dir='ltr'>et</span> <span class='ocrx_word' id='word_1_446' title='bbox 1428 1363 1492 1392; x_wconf 83' lang='lat' dir='ltr'>vide</span> <span class='ocrx_word' id='word_1_447' title='bbox 1507 1371 1535 1393; x_wconf 86' lang='lat' dir='ltr'>ut</span> <span class='ocrx_word' id='word_1_448' title='bbox 1549 1364 1622 1394; x_wconf 91' lang='lat' dir='ltr'>hunc</span> 
     </span>
     <span class='ocr_line' id='line_1_60' title="bbox 869 1407 1618 1449; baseline 0.005 -13"><span class='ocrx_word' id='word_1_449' title='bbox 869 1407 1011 1447; x_wconf 81' lang='lat' dir='ltr'>despicias.</span> <span class='ocrx_word' id='word_1_450' title='bbox 1036 1410 1142 1438; x_wconf 74' lang='lat' dir='ltr'>Revera</span> <span class='ocrx_word' id='word_1_451' title='bbox 1165 1409 1237 1438; x_wconf 87' lang='lat' dir='ltr'>enim</span> <span class='ocrx_word' id='word_1_452' title='bbox 1259 1409 1304 1438; x_wconf 82' lang='lat' dir='ltr'>illa</span> <span class='ocrx_word' id='word_1_453' title='bbox 1321 1417 1383 1438; x_wconf 87' lang='lat' dir='ltr'>sunt</span> <span class='ocrx_word' id='word_1_454' title='bbox 1402 1418 1589 1440; x_wconf 84' lang='lat' dir='ltr'>ornamentum</span> <span class='ocrx_word' id='word_1_455' title='bbox 1609 1424 1618 1449; x_wconf 70' lang='lat'>5</span> 
     </span>
     <span class='ocr_line' id='line_1_61' title="bbox 869 1451 1620 1494; baseline 0.005 -12"><span class='ocrx_word' id='word_1_456' title='bbox 869 1453 926 1482; x_wconf 82' lang='lat' dir='ltr'>haec</span> <span class='ocrx_word' id='word_1_457' title='bbox 942 1464 1006 1483; x_wconf 85' lang='lat' dir='ltr'>vero</span> <span class='ocrx_word' id='word_1_458' title='bbox 1022 1454 1108 1492; x_wconf 85' lang='lat' dir='ltr'>magis</span> <span class='ocrx_word' id='word_1_459' title='bbox 1129 1454 1245 1483; x_wconf 89' lang='lat' dir='ltr'>dedecus</span> <span class='ocrx_word' id='word_1_460' title='bbox 1265 1451 1390 1492; x_wconf 74' lang='lat' dir='ltr'>afferunt,</span> <span class='ocrx_word' id='word_1_461' title='bbox 1411 1466 1494 1494; x_wconf 84' lang='lat' dir='ltr'>quam</span> <span class='ocrx_word' id='word_1_462' title='bbox 1515 1464 1620 1487; x_wconf 82' lang='lat' dir='ltr'>ornant.</span> 
     </span>
     <span class='ocr_line' id='line_1_62' title="bbox 870 1499 1621 1540; baseline 0.003 -11"><span class='ocrx_word' id='word_1_463' title='bbox 870 1500 1016 1529; x_wconf 81' lang='lat' dir='ltr'>Sufficiunt</span> <span class='ocrx_word' id='word_1_464' title='bbox 1027 1511 1085 1538; x_wconf 80' lang='lat' dir='ltr'>quae</span> <span class='ocrx_word' id='word_1_465' title='bbox 1097 1499 1168 1528; x_wconf 88' lang='lat' dir='ltr'>dicta</span> <span class='ocrx_word' id='word_1_466' title='bbox 1181 1507 1253 1529; x_wconf 86' lang='lat' dir='ltr'>sunt.</span> <span class='ocrx_word' id='word_1_467' title='bbox 1268 1502 1340 1529; x_wconf 87' lang='lat' dir='ltr'>Deus</span> <span class='ocrx_word' id='word_1_468' title='bbox 1355 1508 1444 1530; x_wconf 84' lang='lat' dir='ltr'>autem</span> <span class='ocrx_word' id='word_1_469' title='bbox 1467 1503 1513 1540; x_wconf 89' lang='lat' dir='ltr'>qui</span> <span class='ocrx_word' id='word_1_470' title='bbox 1536 1513 1621 1531; x_wconf 89' lang='lat' dir='ltr'>mun-</span> 
     </span>
     <span class='ocr_line' id='line_1_63' title="bbox 869 1546 1620 1585; baseline 0.005 -11"><span class='ocrx_word' id='word_1_471' title='bbox 869 1546 936 1574; x_wconf 91' lang='lat' dir='ltr'>dum</span> <span class='ocrx_word' id='word_1_472' title='bbox 950 1547 1024 1585; x_wconf 82' lang='lat' dir='ltr'>fecit,</span> <span class='ocrx_word' id='word_1_473' title='bbox 1046 1553 1071 1575; x_wconf 87' lang='lat' dir='ltr'>et</span> <span class='ocrx_word' id='word_1_474' title='bbox 1095 1546 1172 1575; x_wconf 87' lang='lat' dir='ltr'>nobis</span> <span class='ocrx_word' id='word_1_475' title='bbox 1196 1546 1271 1575; x_wconf 88' lang='lat' dir='ltr'>dedit</span> <span class='ocrx_word' id='word_1_476' title='bbox 1286 1547 1420 1576; x_wconf 85' lang='lat' dir='ltr'>mundum</span> <span class='ocrx_word' id='word_1_477' title='bbox 1441 1549 1537 1577; x_wconf 62' lang='lat' dir='ltr'>anima?</span> <span class='ocrx_word' id='word_1_478' title='bbox 1549 1572 1556 1584; x_wconf 89' lang='lat'>,</span> <span class='ocrx_word' id='word_1_479' title='bbox 1572 1560 1620 1578; x_wconf 86' lang='lat' dir='ltr'>nos</span> 
     </span>
     <span class='ocr_line' id='line_1_64' title="bbox 870 1593 1619 1632; baseline 0.005 -12"><span class='ocrx_word' id='word_1_480' title='bbox 870 1593 983 1621; x_wconf 87' lang='lat' dir='ltr'>mundet</span> <span class='ocrx_word' id='word_1_481' title='bbox 997 1599 1022 1621; x_wconf 84' lang='lat' dir='ltr'>et</span> <span class='ocrx_word' id='word_1_482' title='bbox 1031 1599 1142 1621; x_wconf 70' lang='lat' dir='ltr'>exornet</span> <span class='ocrx_word' id='word_1_483' title='bbox 1157 1600 1182 1621; x_wconf 90' lang='lat' dir='ltr'>et</span> <span class='ocrx_word' id='word_1_484' title='bbox 1198 1604 1246 1622; x_wconf 86' lang='lat' dir='ltr'>sua</span> <span class='ocrx_word' id='word_1_485' title='bbox 1261 1593 1347 1632; x_wconf 82' lang='lat' dir='ltr'>gloria</span> <span class='ocrx_word' id='word_1_486' title='bbox 1357 1593 1449 1622; x_wconf 79' lang='lat' dir='ltr'>induat</span> <span class='ocrx_word' id='word_1_487' title='bbox 1464 1606 1470 1621; x_wconf 77' lang='lat' dir='ltr'>t</span> <span class='ocrx_word' id='word_1_488' title='bbox 1487 1602 1517 1623; x_wconf 90' lang='lat' dir='ltr'>ut</span> <span class='ocrx_word' id='word_1_489' title='bbox 1527 1606 1619 1624; x_wconf 89' lang='lat' dir='ltr'>omnes</span> 
     </span>
     <span class='ocr_line' id='line_1_65' title="bbox 870 1639 1619 1680; baseline 0.004 -12"><span class='ocrx_word' id='word_1_490' title='bbox 870 1640 898 1668; x_wconf 87' lang='lat' dir='ltr'>in</span> <span class='ocrx_word' id='word_1_491' title='bbox 909 1640 987 1668; x_wconf 90' lang='lat' dir='ltr'>bonis</span> <span class='ocrx_word' id='word_1_492' title='bbox 999 1639 1127 1679; x_wconf 88' lang='lat' dir='ltr'>operibus</span> <span class='ocrx_word' id='word_1_493' title='bbox 1139 1639 1347 1679; x_wconf 75' lang='lat' dir='ltr'>resplendentes,</span> <span class='ocrx_word' id='word_1_494' title='bbox 1359 1640 1425 1669; x_wconf 84' lang='lat' dir='ltr'>etad</span> <span class='ocrx_word' id='word_1_495' title='bbox 1435 1641 1492 1680; x_wconf 81' lang='lat' dir='ltr'>ejus</span> <span class='ocrx_word' id='word_1_496' title='bbox 1504 1642 1619 1680; x_wconf 84' lang='lat' dir='ltr'>gloriam</span> 
     </span>
     <span class='ocr_line' id='line_1_66' title="bbox 870 1686 1618 1729; baseline 0.004 -14"><span class='ocrx_word' id='word_1_497' title='bbox 870 1687 1002 1724; x_wconf 77' lang='lat' dir='ltr'>viventes,</span> <span class='ocrx_word' id='word_1_498' title='bbox 1018 1687 1133 1726; x_wconf 86' lang='lat' dir='ltr'>gloriam</span> <span class='ocrx_word' id='word_1_499' title='bbox 1145 1686 1299 1716; x_wconf 86' lang='lat' dir='ltr'>emittamus</span> <span class='ocrx_word' id='word_1_500' title='bbox 1313 1687 1386 1716; x_wconf 82' lang='lat' dir='ltr'>Patri</span> <span class='ocrx_word' id='word_1_501' title='bbox 1402 1695 1427 1716; x_wconf 87' lang='lat' dir='ltr'>et</span> <span class='ocrx_word' id='word_1_502' title='bbox 1439 1688 1510 1717; x_wconf 84' lang='lat' dir='ltr'>Filio</span> <span class='ocrx_word' id='word_1_503' title='bbox 1517 1696 1542 1718; x_wconf 87' lang='lat' dir='ltr'>et</span> <span class='ocrx_word' id='word_1_504' title='bbox 1556 1690 1618 1729; x_wconf 88' lang='lat' dir='ltr'>Spi-</span> 
     </span>
     <span class='ocr_line' id='line_1_67' title="bbox 870 1733 1052 1762; baseline 0.005 -1"><span class='ocrx_word' id='word_1_505' title='bbox 870 1733 935 1762; x_wconf 89' lang='lat' dir='ltr'>ritui</span> <span class='ocrx_word' id='word_1_506' title='bbox 950 1739 1052 1762; x_wconf 88' lang='lat' dir='ltr'>sancto.</span> 
     </span>
    </p>
   </div>
   <div class='ocr_carea' id='block_1_14' title="bbox 885 1841 1416 1915">
    <p class='ocr_par' dir='ltr' id='par_1_14' title="bbox 885 1841 1416 1915">
     <span class='ocr_line' id='line_1_68' title="bbox 885 1841 1416 1878; baseline 0.006 -13"><span class='ocrx_word' id='word_1_507' title='bbox 885 1850 896 1861; x_wconf 80' lang='lat'>³</span> <span class='ocrx_word' id='word_1_508' title='bbox 915 1841 1012 1874; x_wconf 81' lang='lat' dir='ltr'>[Iidem</span> <span class='ocrx_word' id='word_1_509' title='bbox 1025 1845 1064 1877; x_wconf 62' lang='grc' dir='ltr'>ἀρ’</span> <span class='ocrx_word' id='word_1_510' title='bbox 1077 1844 1114 1867; x_wconf 74' lang='grc' dir='ltr'>ὧν.</span> <span class='ocrx_word' id='word_1_511' title='bbox 1130 1842 1188 1866; x_wconf 81' lang='lat' dir='ltr'>Mox</span> <span class='ocrx_word' id='word_1_512' title='bbox 1199 1843 1227 1868; x_wconf 85' lang='grc' dir='ltr'>Α.</span> <span class='ocrx_word' id='word_1_513' title='bbox 1242 1849 1335 1878; x_wconf 46' lang='lat' dir='ltr'>crappum</span> <span class='ocrx_word' id='word_1_514' title='bbox 1342 1849 1394 1876; x_wconf 69' lang='grc' dir='ltr'>γυνή</span> <span class='ocrx_word' id='word_1_515' title='bbox 1407 1844 1416 1875; x_wconf 93' lang='grc'>]</span> 
     </span>
     <span class='ocr_line' id='line_1_69' title="bbox 887 1880 1123 1915; baseline 0.008 -9"><span class='ocrx_word' id='word_1_516' title='bbox 887 1882 900 1900; x_wconf 82' lang='lat' dir='ltr'><strong>h</strong></span> <span class='ocrx_word' id='word_1_517' title='bbox 920 1880 958 1915; x_wconf 82' lang='grc' dir='ltr'>[Α.</span> <span class='ocrx_word' id='word_1_518' title='bbox 972 1885 1001 1911; x_wconf 75' lang='grc' dir='ltr'>εἰς</span> <span class='ocrx_word' id='word_1_519' title='bbox 1014 1880 1123 1915; x_wconf 58' lang='lat' dir='ltr'>&amp;nawa-2]</span> 
     </span>
    </p>
   </div>
  </div>
 </body>
</html>
