1893 2860
252 144 321 177 5⁷8

282 177 290 190 Ι

580 154 594 175 S

602 169 607 175 .
636 154 775 175 soim'ms
800 153 976 175 Clilu'sos‘l'.

253 223 318 245 icnt.
335 215 386 243 scd
400 214 465 252 quid
477 213 593 252 speciose
612 213 713 242 dicitur
727 224 742 242 a
754 212 871 242 multis?
886 212 986 248 Habeo,

253 262 348 299 inquit,
363 260 442 295 filios,
459 265 484 286 et
495 265 584 287 metuo
598 269 630 287 ne
645 259 702 298 ipse
716 258 820 287 veniam
833 258 860 286 in
875 257 988 286 necessi-

254 314 332 334 tatem
356 304 433 332 samis
458 311 483 332 et
505 303 640 342 egestatis,
661 314 694 332 ne
707 303 768 331 aliis
784 313 893 341 egeam:
908 302 987 341 pudet

253 362 295 379 nie
309 349 469 378 mendicare.
486 349 627 388 Propterea
641 359 704 387 ergo
720 349 784 377 facis
796 356 825 377 ut
850 348 897 376 alii
913 358 983 376 meu-

253 398 342 426 dicent
353 397 366 424 ἶ)
382 397 441 424 Non
462 405 585 435 possum,
606 395 703 433 inquit,
721 395 831 423 esurire.
848 395 990 434 Propterea

252 445 318 473 :ilios
333 444 359 472 in
373 444 469 472 samem
479 443 608 482 conjicis?
620 443 680 471 Scis
690 453 772 481 quam
782 453 862 481 grave
872 442 906 470 sit
916 452 990 470 men-

253 491 352 525 dicare,
367 500 447 528 quani
461 499 543 527 grave
557 489 626 517 same
640 489 727 528 perire
739 489 752 517 Ξ)
769 499 848 528 parce
864 488 990 517 fratribus

253 539 316 566 tuis.
338 539 378 566 Te
397 538 479 577 pudet
500 537 609 573 esurire,
631 536 675 565 dic
696 536 774 571 mihi,
802 543 891 565 necte
908 536 991 575 pudet.

253 584 369 623 rapere?
384 583 460 612 times
476 593 509 611 ne
529 583 598 611 fame
612 593 713 621 pereas,
734 582 800 611 alios
824 588 911 610 autem
936 591 988 610 non

252 629 351 658 vereris
364 629 513 669 perimere?
523 628 604 666 Atqui
621 628 720 656 esurire
735 628 845 666 quidem
859 638 906 657 nec
920 638 987 666 pro-

252 674 332 702 brum
346 673 427 702 habet
441 683 489 701 nec
500 673 600 701 crimen
612 684 621 710 3
635 673 661 701 in
678 683 707 701 ea
721 679 808 701 autem
820 672 887 701 alios
904 673 987 712 conji-

250 730 316 755 cere,
326 730 377 748 non
389 720 476 748 solum
486 719 562 748 affert
570 719 709 758 probrum,
717 719 851 748 sedetiam
860 719 984 747 ultimum

248 765 421 804 supplicium.
436 765 498 793 Haec
513 765 602 793 omnia
616 771 677 793 sunt
693 771 849 804 praetextus,
859 765 942 793 verba
960 771 984 793 et

248 819 336 847 nugae.
349 811 419 838 Nam
433 809 505 847 quod
522 809 641 837 filiorum
656 820 733 837 causa
743 808 799 837 haec
810 819 861 837 non
873 809 985 845 faciatis,

248 859 379 881 testantur
395 853 440 890 qui
456 853 526 881 filios
539 852 646 890 quidem
657 863 708 881 non
720 852 829 886 babent,
846 862 894 880 nec
904 852 985 881 habe-

247 899 326 934 bunt,
339 909 390 928 non
400 909 473 926 secus
493 905 581 926 tamen
598 905 731 927 vexantur
743 904 767 926 ct
778 898 873 926 misere
893 905 984 936 agunt,

247 951 273 972 et
295 950 380 972 tantas
401 943 616 982 complectuntur
631 943 750 977 divitias,
766 950 879 981 quantas
895 944 917 971 si
942 954 985 972 eas

247 990 367 1018 relicturi
382 996 468 1018 essent
482 989 557 1018 mille
570 989 645 1018 filiis.
662 990 722 1018 Non
733 996 771 1017 est
786 989 938 1018 sollicitudo
952 990 986 1019 de

246 1035 309 1063 filiis
320 1058 327 1070 ‚
344 1045 403 1073 quae
421 1034 511 1063 reddit
525 1035 645 1074 pecuniae
669 1034 791 1069 avidum,
813 1034 860 1063 sed
875 1035 986 1063 morbus

245 1081 337 1109 animi.
353 1082 495 1119 Propterea
517 1087 541 1109 et
557 1081 636 1109 multi
649 1081 695 1119 qui
710 1091 761 1109 non
783 1080 881 1109 habent
895 1081 966 1110 filios
976 1104 984 1118 ,

243 1126 367 1155 laborant
383 1126 475 1153 insano
498 1136 588 1154 amore
602 1126 721 1165 pecuniae
737 1138 743 1154 :
759 1126 805 1154 atii
824 1133 913 1154 autem
929 1137 984 1155 nu·-

243 1183 374 1201 merosam
390 1171 517 1200 habentes
540 1171 658 1200 sobolem
672 1194 679 1205 ‚
699 1173 778 1200 etiam
800 1182 866 1210 quas
887 1172 986 1201 habent

242 1218 380 1246 facultates
388 1217 538 1256 despiciunt
551 1229 557 1244 :
570 1217 610 1245 illi
621 1217 649 1245 in
659 1217 706 1245 illo
722 1217 767 1245 die
779 1224 803 1245 te
812 1218 984 1247 accusabunt.

242 1266 312 1293 Nam
327 1265 348 1293 si
363 1271 549 1304 susceptorum
566 1264 686 1293 filiorum
706 1265 847 1293 necessitas
864 1265 921 1294 vim
942 1266 985 1294 af-

241 1313 321 1340 ferret
329 1311 363 1339 ad
373 1310 535 1349 colligendas
547 1311 684 1350 pecunias,
697 1317 830 1350 oporteret
841 1310 902 1339 illos
914 1310 986 1339 idem

241 1357 341 1385 habere
356 1356 538 1391 desiderium,
555 1356 676 1384 eamdem
690 1356 865 1395 cupiditatem
881 1368 887 1383 :
905 1357 927 1385 si
941 1367 987 1384 au-
1005 1366 1022 1387 1)

242 1410 295 1430 tem
316 1413 368 1430 non
388 1402 497 1437 habent,
511 1401 628 1429 furimus
640 1425 648 1437 ,
663 1412 715 1429 non
744 1408 853 1440 propter
868 1401 986 1430 filiorum

240 1447 442 1476 multitudinem
453 1470 460 1481 ,
476 1447 521 1475 sed
539 1454 649 1486 propter
663 1448 805 1476 avaritiam
823 1454 848 1475 et
867 1448 985 1486 pecuniae

240 1493 428 1532 cupiditatem.
441 1492 476 1521 Et
495 1493 605 1530 quinam
627 1499 701 1526 sunt,
727 1492 825 1530 inquit,
854 1493 901 1530 qui
923 1504 984 1521 cum

241 1540 306 1568 siliis
320 1539 446 1578 pecunias
461 1538 610 1577 despiciunt
623 1538 635 1566 3⁸
651 1539 741 1575 Multi,
750 1545 774 1566 et
789 1539 890 1567 crebro.
901 1539 930 1567 Si
943 1540 985 1568 vis

243 1591 343 1619 autem,
361 1584 450 1612 dicam
473 1584 553 1611 etiam
573 1583 607 1612 de
629 1584 775 1612 veteribus
791 1585 886 1613 Annon
901 1585 984 1614 Jacob

242 1631 339 1659 habuit
351 1629 494 1658 duodecim
510 1630 580 1658 filios
591 1630 604 1658 ἶ)
619 1640 705 1658 annon
718 1630 803 1659 vitam
813 1631 868 1669 egit
886 1642 984 1661 merce-

240 1677 334 1704 narii?
347 1686 434 1704 annon
456 1676 552 1714 injuria
572 1676 740 1704 afficiebatur
755 1687 771 1705 a
789 1677 903 1705 socero?
919 1688 983 1707 num

241 1732 354 1760 magnus
368 1722 513 1750 liberorum
531 1731 658 1750 numerus
676 1722 762 1760 coegit
785 1733 845 1750 eum
862 1730 890 1751 ut
910 1724 983 1761 quod

243 1779 294 1797 non
306 1769 400 1797 debuit
417 1775 522 1807 caperet
533 1768 676 1796 consilium
691 1768 704 1796 ,⁰
726 1768 801 1804 Quid
815 1779 879 1797 vero
892 1770 982 1798 Abra-

242 1816 305 1843 ham
318 1816 330 1843 Ξ)
344 1826 432 1843 annon
447 1825 508 1843 cum
522 1816 598 1843 Isaac
611 1814 677 1842 alios
689 1825 795 1852 quoque
816 1816 915 1844 multos
937 1817 984 1845 ha-

242 1860 302 1889 buit
323 1861 393 1889 filios
406 1861 419 1888 ,⁰
432 1860 499 1898 quid
519 1860 606 1898 ergo?
625 1870 714 1888 annon
738 1871 766 1888 ea
789 1871 848 1898 quae
870 1861 984 1892 habebat

241 1906 389 1945 peregrinis
411 1905 593 1945 possidebat?
614 1906 699 1935 Vides
721 1906 794 1944 quod
817 1917 869 1936 non
896 1908 983 1937 solum

242 1953 370 1992 injuriam
383 1963 435 1981 non
448 1952 578 1987 faciebat,
589 1952 635 1980 sed
650 1952 705 1980 suis
717 1952 797 1980 etiam
809 1953 886 1982 bonis
900 1954 980 1983 cede-

241 2000 296 2035 bat,
309 2010 360 2028 non
373 1999 459 2028 solnm
472 1999 540 2027 bene
555 1999 665 2035 faciens,
678 1999 724 2028 sed
739 2000 819 2028 etiam
835 2011 881 2029 sua
890 2008 983 2040 sponte

241 2045 339 2084 injuria
353 2045 487 2073 affectusa
500 2044 556 2073 filio
568 2045 656 2073 fratris
669 2045 682 2073 Ρ
693 2046 760 2074 Nam
772 2053 882 2085 propter
893 2047 981 2076 Deum

241 2092 308 2120 serre
318 2114 326 2128 ⁷
352 2091 417 2119 dum
453 2098 496 2119 tua
527 2090 670 2129 rapiuntur
680 2113 687 2125 ‚
715 2091 801 2120 multo
823 2099 862 2120 est
895 2093 982 2132 majus

240 2147 321 2174 quam
335 2137 403 2165 bene
414 2137 508 2164 facere.
528 2136 619 2170 Quare
631 2136 644 2164 ἶ)
658 2137 726 2165 Nam
747 2136 798 2165 hoc
820 2137 928 2175 quidem
942 2146 981 2168 est

239 2182 341 2210 fructus
357 2181 439 2210 animi
452 2188 477 2209 et
492 2180 569 2209 liberi
579 2181 685 2209 arbitrii
698 2193 706 2217 ;
718 2181 792 2210 unde
805 2183 886 2211 etiam
897 2183 927 2211 fit
939 2184 979 2212 fa-

240 2227 290 2255 cile
303 2239 309 2254 :
323 2226 391 2255 illud
405 2237 469 2255 vero
491 2233 530 2254 est
542 2226 657 2254 insultus
680 2233 704 2255 et
718 2227 856 2264 violentia,
874 2235 899 2256 et
911 2229 977 2257 saci—

238 2271 291 2300 lius
302 2272 436 2311 quispiam
451 2282 498 2300 sua
513 2278 605 2310 sponte
629 2271 715 2300 decies
729 2272 803 2301 mille
825 2274 978 2313 prodegerit

238 2318 346 2353 talenta,
357 2325 382 2346 et
402 2317 568 2345 existimabit
579 2328 606 2346 se
617 2318 684 2346 nihil
700 2328 782 2356 grave
792 2329 849 2347 esse
858 2330 975 2358 passum,

236 2363 346 2400 quamsi
359 2364 381 2391 ei
398 2363 483 2391 invito
497 2363 566 2402 rapti
587 2364 685 2392 fuerint
699 2371 753 2392 tres
767 2365 849 2401 oboli,
867 2366 974 2405 placide

236 2410 309 2436 feret.
323 2409 502 2443 Quamobrem
518 2410 568 2438 hoc
585 2417 623 2438 cst
647 2411 732 2449 magis
745 2412 839 2440 animae
854 2412 971 2451 philoso-

1008 443 1025 466 B

999 2191 1015 2212 F

1006 151 1025 174 Α
1032 152 1150 176 licum?
1157 168 1164 175 .
1190 155 1253 177 CON
1260 155 1456 179 STANTlNOP.

1042 213 1105 241 σῶν.
1124 214 1241 254 Λῖσχύνῃ
1256 218 1362 255 πεινῇν,
1379 217 1437 246 εἶπέ
1450 229 1512 254 μοι,
1527 216 1652 255 ἁρπάζειν
1665 216 1691 244 δὲ
1703 217 1749 244 οὔκ
1764 217 1803 244 αἰ-

1042 258 1140 297 σλύνῃὶ
1160 260 1277 293 δέδοικας
1295 263 1366 300 λιμῷ
1389 262 1556 302 φθείρεσθαι,
1575 261 1676 301 ἑτέρους
1689 261 1715 290 δὲ
1730 262 1804 300 φθεί-

1044 316 1095 342 ρειν
1108 306 1136 333 οὐ
1152 304 1284 341 δέδοικας5
1299 307 1392 336 Καίτοι
1404 307 1433 336 τὸ
1448 308 1494 345 μὲν
1507 310 1596 346 πεινῇν
1609 307 1665 337 οὐδὲ
1678 307 1802 346 αἱσχγύνην

1043 351 1098 389 ἔχει
1109 373 1116 386 ,
1134 350 1191 379 οὐδὲ
1207 351 1328 389 ἔγκλημα
1339 363 1345 369 ·
1361 352 1390 380 τὸ
1404 352 1430 381 δὲ
1446 353 1547 392 ἑτέρους
1558 353 1726 392 περιῧάλλειν
1742 353 1803 381 τού·

1044 407 1096 429 τοις
1107 419 1114 432 ,
1128 398 1174 425 οὐκ
1189 396 1315 436 αἰσχύνην
1328 396 1416 434 μόνον,
1427 398 1494 427 ἀλλὰ
1505 398 1550 427 καὶ
1568 399 1675 428 κόλασιν
1688 397 1805 437 ἐπιφέρει

1044 442 1090 477 τὴν
1114 442 1239 481 ἔσχ-ἄτην.
1263 443 1366 480 Σκῆψις
1385 442 1472 471 πάντα
1491 446 1574 472 ταῦτα
1599 444 1643 472 καὶ
1663 443 1736 482 λόγοι
1759 443 1805 471 καὶ

1045 488 1178 528 φλυαρίαι.
1202 487 1265 516 “Ort
1280 487 1331 526 γὰρ
1349 488 1378 516 οὖ
1393 487 1493 517 παίδων
1509 488 1593 517 ἕνεκεν
1612 492 1693 518 ταῦτα
1706 492 1805 518 ποιεῖτε

1045 537 1219 574 μαρτυροῦσιν
1236 534 1291 562 ὅσοι
1303 534 1397 566 παῖδας
1411 534 1457 571 μὲν
1470 535 1515 562 οὐκ
1526 534 1627 572 ἔχουσιν
1639 534 1696 563 οὐδὲ
1708 534 1805 569 ἕξουσι,

1044 580 1184 609 κόπτονται
1208 579 1234 608 δὲ
1255 579 1321 608 οὕτω
1337 579 1380 608 καὶ
1395 580 1592 617 ταλαιπωροῦσι
1604 601 1612 614 ,
1627 578 1671 607 καὶ
1692 580 1804 608 πλοῦτον

1044 626 1264 665 περιὸάλλονται,
1282 625 1341 653 ὅσον
1355 625 1385 653 ἂν
1402 626 1423 653 εἷ
1439 625 1539 664 μυρίοις
1556 620 1627 663 εἶχον
1646 626 1804 664 καταλεῖψαι

1044 671 1144 700 παισίν.
1162 673 1219 700 Οὐκ
1233 671 1288 699 ἔστι
1305 670 1406 699 παίδων
1422 670 1525 709 φροντὶς
1542 672 1559 705 ἡ
1573 672 1685 698 ποιοῦσα
1694 680 1803 708 χρημα-

1041 716 1242 752 τιστικὸν,ἀλλὰ
1254 718 1340 755 ψυχῆς
1354 715 1435 749 νόσος.
1451 716 1501 744 Διὰ
1512 715 1610 750 ταύτην
1620 714 1665 744 καὶ
1677 716 1722 744 οὐκ
1734 714 1807 753 ἔχον-

1040 776 1082 796 τες
1096 763 1192 795 παῖδας
1204 762 1296 791 πολλοὶ
1311 762 1447 799 μαίνονται
1465 761 1508 790 διὰ
1518 761 1551 790 τὰ
1562 761 1690 800 χρήματα
1700 772 1707 778 ·
1721 759 1806 799 ἕτεροι

1041 809 1069 838 δὲ
1090 811 1115 837 ἐν
1134 807 1295 847 πολυπαιδίᾳ
1313 809 1422 844 ζῶντες,
1446 807 1490 836 καὶ
1504 809 1555 835 τῶν
1572 807 1653 836 ὄντων
1668 817 1803 845 καταφρο-

1041 857 1125 883 νοῧσιν
1138 866 1144 872 ·
1170 853 1264 883 ἐκεῖνοί
1293 865 1338 882 σου
1363 853 1587 892 κατηγορήσουσιν
1609 853 1635 881 ἐν
1661 851 1747 890 ἐκείνῃ
1770 853 1803 890 τῇ

1041 900 1138 941 ἡμέρᾳ.
1160 901 1194 929 Εἰ
1208 899 1259 938 γὰρ
1276 901 1291 933 ἦ
1306 901 1357 927 τῶν
1372 899 1472 927 παίδων
1491 899 1592 937 ἀνάγκη
1608 897 1673 937 πρὸς
1687 897 1735 933 τὴν
1750 899 1803 925 τῶν

1040 947 1186 987 χρημάτων
1202 946 1321 978 ἐὸιάζετο
1341 944 1484 982 συλλογὴν,
1509 946 1588 982 ε’χρῆν
1610 942 1745 975 κάκείνους
1758 942 1802 971 τὸν

1041 993 1118 1021 αὐτὸν
1140 991 1208 1031 ἔχειν
1228 990 1317 1025 πόθον,
1337 990 1385 1025 τὴν
1409 989 1489 1024 αὐτὴν
1507 988 1662 1026 ἐπιθυμίαν·
1679 989 1701 1016 εἷ
1715 988 1742 1016 δὲ
1756 989 1804 1016 οὔκ

1040 1038 1153 1077 ἔχουσιν,
1167 1039 1214 1066 οὐκ
1228 1036 1280 1065 ἀπὸ
1293 1038 1339 1070 τ’ῆς
1353 1034 1542 1070 πολυπαιδίας,
1558 1034 1616 1063 ἀλλ’
1633 1033 1685 1062 ἀπὸ
1699 1036 1746 1069 τῆς
1759 1045 1804 1072 φι-

1040 1083 1222 1123 λοχρηματίας
1238 1081 1394 1120 μαινόμεθα.
1419 1081 1472 1110 Καὶ
1491 1080 1558 1113 τίνες
1581 1079 1648 1116 εἶσὶ,
1664 1079 1759 1119 φησὶν,
1780 1081 1804 1108 οἱ

1041 1130 1108 1167 μετὰ
1122 1128 1222 1158 παίδων
1235 1130 1456 1167 καταφρονοῦντες
1466 1125 1611 1165 χρημάτων
1618 1137 1626 1161 ;
1637 1125 1746 1159 Πολλοὶ,
1757 1124 1803 1153 καὶ

1040 1177 1174 1214 πολλαχοῦ
1187 1187 1192 1192 ·
1215 1176 1237 1203 εἷ
1252 1174 1279 1203 δὲ
1294 1174 1392 1212 βούλει,
1408 1173 1453 1202 καὶ
1471 1173 1514 1201 ἐπὶ
1528 1173 1580 1200 τῶν
1597 1173 1717 1201 παλαιῶν
1739 1172 1802 1210 ἐρῶ.

1041 1222 1112 1261 Οὐχὶ
1135 1221 1236 1250 δώδεκα
1259 1221 1355 1252 παῖδας
1374 1215 1443 1258 εἶχεν
1461 1221 1474 1247 6
1488 1217 1600 1253 Ἶακώὸς
1624 1217 1682 1256 οὐχὶ
1695 1217 1738 1246 τὸν
1751 1219 1804 1245 τῶν

1041 1268 1200 1303 θητευόντων
1212 1266 1255 1301 ἔζη
1270 1266 1339 1304 βίον;
1350 1266 1396 1293 οὐκ
1407 1266 1521 1299 ἠδικεῖτο
1531 1263 1602 1303 παρὰ
1611 1266 1656 1292 τοῦ
1667 1264 1804 1298 κηδεστοῧ;

1041 1314 1099 1352 οὐχὶ
1114 1312 1241 1344 πολλάκις
1258 1312 1334 1340 αὐτὸν
1356 1311 1483 1346 ἦθέτησε,
1508 1309 1545 1348 μ’),
1559 1309 1705 1347 ἠνάγκασεν
1727 1308 1803 1337 αὐτὸν

1041 1363 1057 1395 ἡ
1072 1358 1234 1388 πολυπαιδία
1251 1356 1418 1395 βουλεύεσθαί
1430 1368 1455 1384 τι
1471 1357 1521 1384 τῶν
1535 1355 1571 1393 μὴ
1586 1355 1712 1390 Sedunum
1728 1354 1764 1383 Τί
1777 1353 1804 1382 δὲ

1041 1408 1053 1433 6
1070 1405 1208 1443 Ἀὅραάμ;
1232 1403 1290 1442 οὐχὶ
1315 1402 1381 1440 μετὰ
1395 1404 1439 1429 τοῦ
1454 1401 1547 1429 Ἰσαὰκ
1564 1400 1608 1429 καὶ
1624 1399 1727 1438 ἑτέρους
1740 1401 1804 1428 πολ-

1040 1450 1099 1483 λοὺς
1114 1446 1170 1489 εἶχε
1191 1449 1300 1483 παῖδας
1322 1447 1348 1475 τί
1367 1443 1425 1481 οὖν’,
1447 1446 1504 1485 οὐχὶ
1525 1451 1578 1479 τοῖς
1599 1444 1678 1479 ξένοις
1696 1445 1728 1473 τὰ
1742 1445 1802 1473 ὄντα

1040 1496 1184 1531 ἔκέκτητο;
1200 1495 1295 1534 (Ορᾷς,
1309 1493 1349 1522 ὅτι
1365 1494 1393 1521 οὖ
1410 1492 1486 1530 μόνον
1501 1492 1547 1520 οὒκ
1561 1491 1660 1526 ἠδίκει,
1676 1489 1743 1519 ἀλλὰ
1757 1490 1803 1519 καὶ

1039 1545 1090 1571 τῶν
1112 1543 1192 1571 ὄντων
1218 1539 1387 1580 παρεχώρει,
1410 1540 1455 1567 οὐκ
1478 1534 1505 1566 εὖ
1520 1539 1601 1566 ποιῶν
1619 1536 1713 1574 μόνον,
1734 1536 1802 1565 ἀλλὰ

1039 1589 1084 1617 καὶ
1098 1587 1249 1626 αἱρούμενος
1270 1586 1416 1614 ἀδικεῖσθαι
1428 1583 1500 1622 παρὰ
1512 1585 1557 1611 τοῦ
1575 1582 1727 1621 ἀδελφιδοῦς
1746 1582 1801 1610 Τοῦ

1039 1635 1090 1673 γὰρ
1110 1630 1138 1662 εὖ
1159 1637 1241 1661 ποιεῖν
1260 1632 1290 1660 τὸ
1304 1630 1389 1670 φέρειν
1412 1629 1593 1669 ἁρπαζόμενον
1612 1627 1654 1656 διὰ
1668 1628 1711 1657 τὸν
1731 1627 1800 1656 Θεὸν

1038 1680 1127 1717 πολλῷ
1143 1678 1229 1716 μεῖζόν
1245 1679 1308 1706 ἐστι.
1334 1675 1386 1704 Διὰ
1399 1675 1438 1710 τί;
1459 1674 1523 1703 τΌτι
1538 1673 1567 1702 τὸ
1583 1673 1629 1711 μὲν
1643 1675 1731 1713 ψυχῆς
1745 1674 1800 1702 ἐστι

1038 1725 1137 1764 καρπὸς
1156 1724 1200 1752 καὶ
1215 1722 1406 1762 προαιρέσεως,
1421 1721 1477 1750 ὅθεν
1492 1720 1537 1749 καὶ
1557 1720 1668 1753 εὐκόλως
1690 1719 1802 1758 γίνεται·

1039 1774 1113 1800 τοῦτο
1135 1770 1162 1799 δὲ
1183 1770 1294 1809 ἐπήρεια
1315 1768 1360 1797 καὶ
1376 1768 1429 1806 βία.
1452 1766 1504 1796 Καὶ
1522 1765 1695 1806 εὐκολώτερον
1716 1766 1746 1794 ἄν
1763 1776 1803 1798 τις

1040 1817 1121 1857 μυρία
1135 1816 1241 1856 πρόοιτο
1255 1815 1371 1844 τάλαντα
1385 1813 1464 1850 ἑκὼν,
1478 1813 1523 1842 καὶ
1533 1813 1605 1841 οὐδὲν
1615 1812 1744 1850 ἡγήσεται
1755 1823 1802 1841 πε-

1038 1863 1161 1893 πονθέναι
1182 1862 1273 1896 δεινὸν,
1295 1860 1311 1895 ἢ
1326 1865 1394 1899 τρεῖς
1404 1859 1508 1892 ὂὲολοὺς
1523 1858 1648 1898 ἄρπαγεὶς
1670 1857 1716 1886 καὶ
1729 1857 1802 1896 παρὰ

1038 1907 1169 1949 γνώμηνδ,
1184 1908 1249 1937 οἴσει
1269 1906 1368 1947 πράως.
1387 1906 1472 1934 υΩστε
1489 1907 1565 1934 τοῦτο
1579 1903 1717 1944 φιλοσοφία
1729 1904 1802 1941 μᾶλ-

1037 1958 1081 1985 λον
1105 1957 1202 1994 ψυχῆς.
1236 1953 1289 1982 Καὶ
1318 1956 1394 1981 τοῦτο
1419 1953 1520 1990 ὁρῶμεν
1556 1950 1660 1988 γεγονὸς
1687 1949 1731 1978 ἐπὶ
1755 1952 1800 1978 τοῦ

1037 2001 1172 2040 Ἀδραάμ’
1187 1995 1249 2028 El&
1271 1998 1323 2037 γὰρ
1334 2021 1341 2034 ,
1362 1997 1440 2037 φησὶν
1451 2019 1460 2032 ,
1474 1995 1520 2031 τὴν
1535 1995 1683 2035 περίχωρον
1698 1997 1712 2024 ὃ
1726 1994 1799 2029 Λὼτ,

1036 2048 1081 2076 καὶ
1095 2043 1127 2082 ἦν
1147 2045 1304 2083 ποτιζομένη
1314 2066 1321 2078 ,
1344 2046 1379 2076 ὡς
1396 2046 1409 2072 6
1423 2042 1580 2081 παράδεισος
1596 2044 1642 2069 τοῦ
1656 2042 1740 2076 Θεοῦ,
1754 2040 1800 2069 καὶ

1036 2093 1169 2127 ἐξελέξατο
1182 2090 1273 2125 αὐτήν.
1297 2090 1349 2119 Καὶ
1361 2088 1432 2118 οὐδὲν
1445 2090 1541 2120 ἐκεῖνος
1554 2089 1685 2116 ἀντεῖπεν.
1706 2086 1799 2125 Ὁρᾷς,

1034 2139 1075 2168 ὅτι
1091 2139 1119 2167 οὗ
1133 2137 1209 2176 μόνον
1225 2138 1272 2165 οὐκ
1286 2135 1389 2171 ἠδίκει,
1410 2133 1478 2163 ἀλλὰ
1491 2133 1536 2162 καὶ
1551 2133 1681 2168 ἠδικεῖτο;
1695 2131 1732 2160 Τί
1745 2143 1797 2160 κα-

1034 2189 1152 2223 τηγορεῑς
1167 2185 1218 2211 τῶν
1231 2181 1332 2211 παίδων
1347 2183 1398 2209 τῶν
1411 2181 1506 2208 σαυτοῦ
1515 2200 1522 2213 ,
1543 2178 1664 2216 ἄνθρωπε
1676 2190 1683 2213 ;
1699 2179 1739 2207 Οὐ
1753 2177 1797 2206 διὰ

1033 2234 1109 2259 τοῦτο
1122 2233 1186 2268 ἡμῖν
1205 2231 1218 2257 6
1235 2228 1302 2260 Θεὸς
1316 2227 1396 2256 ἔδωκε
1411 2224 1470 2258 τοὺς
1484 2225 1595 2260 παῖδας,
1615 2223 1657 2253 ἵνα
1675 2223 1796 2262 ἁρπάζω-

1032 2288 1079 2313 μεν
1100 2275 1133 2304 τὰ
1158 2274 1263 2313 ἑτέρων.
1289 2273 1359 2311 ’Όρα
1374 2271 1411 2309 μὴ
1425 2271 1468 2300 τὸν
1480 2270 1548 2299 Θεὸν
1561 2269 1707 2308 παροξύνῃς
1719 2272 1795 2298 τοῦτο

1030 2323 1122 2361 λέγων.
1139 2323 1172 2350 Εἰ
1184 2321 1234 2359 γὰρ
1248 2323 1324 2349 τοῦτο
1337 2318 1421 2356 λέγεις
1431 2340 1438 2353 ,
1455 2316 1496 2346 ὅτι
1509 2316 1581 2345 αὖτοί
1593 2327 1634 2344 σοι
1646 2317 1694 2349 τῆς
1708 2316 1795 2354 ἁρπα-

1029 2371 1076 2407 γῆς
1088 2368 1203 2406 γίνονται
1220 2366 1298 2394 αἴτιοι
1306 2361 1354 2394 ’καὶ
1364 2367 1408 2392 τοῦ
1422 2364 1622 2402 χρηματισμοῦ,
1636 2361 1738 2390 δέδοικα
1754 2361 1791 2398 μὴ

1028 2415 1111 2442 αὐτῶν
1124 2413 1314 2450 ἀποστερηθῇς,
1330 2412 1364 2442 ὡς
1377 2409 1544 2447 βλαπτόντων
1558 2407 1603 2436 καὶ
1614 2406 1793 2435 ε’πιίῗουλευόν-

269 2510 272 2525 ¹
300 2507 445 2538 {Desiderat
458 2510 562 2533 Duumus
581 2510 681 2543 aliquod
694 2513 867 2545 participium,
883 2522 906 2539 ut
922 2519 1060 2550 ἀρκῃεεθῑῖς.
1076 2515 1112 2540 U'l
1132 2515 1265 2548 ⁷?÷,⁵⁷.⁰=‘s÷›l
