1873 2845
51 250 60 259 ι
73 250 127 273 pag.
150 244 178 265 ⁴1

53 276 65 292 1·
77 283 124 305 l'ab'

51 341 59 351 e
71 342 126 366 pag,

44 1175 131 1199 enom.

40 1507 51 1524 d
64 1515 120 1539 pag.
136 1525 142 1530 ,

36 1924 44 1932 ‘
56 1927 110 1950 pag.

35 2060 42 2077 ί
56 2067 112 2091 pag.

150 336 189 358 91.

142 1183 182 1199 XV.

133 2061 172 2083 73.

208 154 220 174 ἱ
233 154 264 174 ΙΙΙ
901 156 1083 178 ΡΚΕΕᾹΤΙΟ.

248 214 473 242 Antiochenorum
490 225 575 243 mores
603 225 699 253 pravos
723 226 791 253 sa‘pc
807 215 969 250 insectatur,
985 221 1012 243 ut
1028 221 1054 243 et
1076 215 1142 243 alibi
1165 216 1264 254 passim
1285 216 1418 253 vidimus,
1433 217 1479 245 illa
1505 218 1621 246 maxime
1644 229 1702 256 quae
1727 218 1761 247 ab

129 294 133 297 ι
151 260 191 298 ms
204 260 316 289 ethnicis
331 267 354 288 rt
368 261 514 289 idololatris
543 268 740 300 promanarant,
755 267 784 289 nt
796 265 806 277 ³
821 268 903 289 sortes
917 268 942 289 et
954 262 1142 290 incantationes
1154 284 1162 299 ,
1180 261 1193 278 ι’
1203 263 1288 291 fatum
1305 263 1385 292 etiam
1401 270 1425 292 ct
1438 264 1678 304 metempsychosin
1692 276 1698 292 z
1713 265 1759 293 di-

204 306 349 344 cebantque
360 307 398 334 illi
415 308 501 335 omnia
516 308 587 335 nulla
600 307 653 343 geri
666 306 849 345 providentia5
861 306 908 334 alii
925 317 988 335 vero
1005 307 1090 335 Deum
1103 317 1158 336 csse
1172 317 1268 346 corpus
1280 309 1387 348 impune
1399 309 1560 338 asscrebant.
1573 311 1613 338 De
1625 310 1759 338 ominibus

204 359 292 380 autem
307 359 331 380 et
344 353 480 391 pra‘sagiis
495 364 552 389 qna·
570 352 635 380 dicit
650 352 730 389 digna
746 359 822 388 sunt,
838 363 897 390 quae
912 352 956 380 hic
968 352 1114 381 reserantur
1125 357 1135 367 ‘
1151 365 1156 380 :
1174 354 1279 383 Multis
1302 357 1478 391 terroribus,
1496 356 1591 394 inquit,
1606 357 1696 395 plena
1715 363 1757 384 est

204 409 301 427 eorum
313 401 422 427 (inima.
437 400 451 426 I
458 401 473 426 't
493 405 565 436 puta
577 421 586 433 ,
606 400 654 427 liic
668 406 718 427 aut
731 400 782 427 ille
791 401 900 438 primus
914 401 985 427 mihi
997 402 1120 428 occurrit
1136 400 1221 427 domo
1235 403 1362 436 exeunti,
1373 404 1491 430 omnino
1500 405 1665 441 contingere
1676 413 1757 441 opor-

203 452 242 473 tet
267 446 347 473 mala
359 446 596 474 innumerabilia.
609 447 696 475 Il'unc
713 456 811 475 servus
825 447 1019 475 exsecrandus
1034 447 1110 475 dans
1125 448 1197 475 milii
1219 448 1350 485 calceos,
1366 451 1491 487 primum
1504 452 1631 487 porrexit
1643 456 1757 488 lucrtem

202 493 349 520 sinistram
361 502 482 530 ‚graves
493 492 698 531 significantur
708 493 895 522 calamitates
908 500 934 521 et
951 494 1144 523 contumetioe.
1161 494 1226 533 Ego
1243 496 1303 533 ipse
1316 497 1414 523 exiens
1425 518 1432 531 ‚
1448 497 1565 524 sinistro
1580 498 1671 534 priori
1686 507 1756 534 pro-

202 538 273 563 cessi
289 537 362 574 pede
373 548 381 564 .·
401 537 456 565 Ιιοσ
469 548 583 576 quoque
597 544 639 567 est
651 541 765 577 signum
782 540 996 568 calamitatum.
1012 540 1050 568 Et
1067 541 1128 568 lzoec
1147 541 1263 578 quidem
1277 541 1356 569 dorni
1368 547 1435 569 sunt
1450 541 1531 568 mala
1541 543 1644 580 :foras
1659 548 1756 570 autem

201 592 328 619 egresso,
345 583 447 612 dexter
467 585 540 612 mihi
559 585 660 614 oculus
685 586 801 626 inferne
822 586 913 615 salit:
933 587 986 615 lioc
1007 593 1049 615 est
1070 587 1210 615 indicium
1229 588 1442 625 lacrymarum.
1467 588 1606 616 Mulieres
1620 598 1753 627 quoque,

201 630 318 666 quando
332 637 437 659 sonant
454 632 575 666 calami,
593 633 633 660 atl
656 639 777 661 texturae
799 640 878 662 recta
895 634 976 671 ligna
991 634 1089 668 allisi,
1103 634 1154 662 vel
1168 644 1233 662 cum
1254 637 1323 673 ipsoe
1336 636 1450 673 pectine
1464 634 1686 671 discriminant,
1703 635 1757 663 hoc

198 686 252 714 pro
275 678 356 715 signo
381 678 498 706 liabent.
520 680 629 707 Rursus
645 681 763 717 quando
790 681 958 719 subtegmen
974 683 1088 718 pectine
1109 682 1295 715 concutiunt,
1309 688 1336 710 et
1351 682 1381 709 id
1400 682 1756 719 saciztntvelzcmerzti1155

200 723 304 752 deinde
319 726 371 762 qui
385 732 451 754 sunt
467 736 588 763 superne
601 727 709 754 calami
722 729 755 755 ob
770 729 916 756 intensum
938 729 1025 755 ictum
1046 728 1135 756 edunt
1149 730 1313 766 strepitum,
1329 728 1411 756 allisi
1430 728 1470 755 ad
1480 734 1591 756 rectum
1605 734 1756 756 structura:

200 771 310 808 lignum
322 793 329 807 ,
343 772 397 800 Ιιοε
412 773 518 800 habent
531 784 583 811 pro
594 776 693 811 signo:
709 781 737 802 et
749 775 812 803 alia
827 775 1057 802 innumerabilia
1071 775 1161 813 digna
1182 786 1246 813 quie
1262 776 1424 804 rideantur.
1443 775 1483 802 Et
1500 777 1526 802 si
1539 778 1638 803 asinus
1654 776 1755 803 ezcla-

200 820 321 846 maverit
332 841 340 855 ,
357 825 384 846 et
403 822 428 847 si
440 820 537 857 gallus
549 842 556 855 ‚
575 827 602 848 et
617 823 642 848 si
656 823 720 859 quis
735 823 939 849 sternutaverit
954 843 963 855 ‚
978 827 1004 849 et
1027 822 1149 859 quodvis
1174 821 1272 858 aliud,
1292 828 1442 860 tamqnam
1454 821 1547 848 decies
1563 820 1645 849 mille
1664 821 1758 848 vincti

199 866 340 902 vinculis,
356 873 386 894 ut
398 867 472 902 diri,
484 870 691 906 tamquamqui
703 874 856 897 teneantur
867 870 898 896 in
909 869 1033 896 tenebris
1048 890 1055 904 ,
1072 870 1171 896 omnia
1185 869 1294 896 habent
1304 875 1435 906 suspecta
1446 890 1455 902 ,
1473 874 1500 896 et
1513 873 1580 896 sunt
1594 869 1686 906 magis
1698 877 1756 895 ser-

201 912 270 939 viles
283 922 372 950 quam
386 914 539 941 innumera
554 915 712 952 mancipia.

237 957 267 984 In
282 956 393 985 homilia
404 965 492 986 autem
503 957 641 996 vigesima,
655 958 701 986 ubi
712 957 914 987 dcinstituenda
927 969 1011 987 uxore
1019 959 1103 987 multa
1115 959 1349 998 protei-tpraeclara
1362 965 1385 987 et
1400 958 1468 987 lectu
1478 957 1644 997 dignissima,
1658 958 1754 987 luxum

197 1009 222 1030 et
236 1002 333 1031 fastum
346 1003 569 1032 Antiochenorum
584 1003 753 1032 vehementer
763 1004 923 1041 insectatur,
939 1015 1054 1042 quorum
1069 1005 1179 1044 plurimi
1189 1005 1252 1033 licet
1272 1004 1376 1034 vilioris
1391 1005 1469 1033 sortis
1482 1004 1604 1033 homines
1614 1026 1622 1041 7
1637 1004 1684 1042 qui
1696 1015 1755 1032 ma-

197 1058 262 1084 gnas
284 1047 334 1075 sibi
349 1056 511 1086 paraverant
526 1049 664 1077 facultates
676 1071 683 1085 ,
697 1060 762 1077 auro
784 1049 871 1078 onusti
886 1060 947 1077 cum
974 1050 1104 1078 uxoribus
1126 1050 1288 1089 prodibant,
1312 1050 1339 1078 in
1354 1061 1435 1078 curru
1460 1049 1541 1078 mulis
1557 1049 1626 1077 albis
1638 1050 1732 1088 juncto
1744 1073 1752 1085 ,

196 1094 321 1133 gregibus
342 1095 505 1123 famulorum
520 1101 545 1123 et
559 1095 712 1133 agminibus
736 1096 919 1124 eunuchorum
933 1096 1033 1135 stipati.
1055 1098 1127 1125 Tum
1145 1097 1272 1125 acerrime
1293 1096 1431 1125 invehitur
1447 1096 1473 1124 in
1496 1106 1539 1124 cos
1561 1095 1607 1134 qui
1619 1095 1753 1135 nuptiales

195 1140 353 1169 cerimonias
367 1141 525 1170 Christianis
538 1141 661 1180 indignas
683 1141 863 1179 induxerant3
880 1142 1033 1170 saltationes
1054 1149 1078 1171 et
1104 1142 1224 1182 tripudia
1235 1165 1244 1179 ,
1264 1143 1416 1182 impudicas
1435 1142 1579 1171 cantilenas
1593 1165 1600 1178 ‚
1619 1149 1645 1171 et
1659 1149 1751 1171 caetera

196 1187 332 1225 traducit,
350 1199 408 1226 quae
424 1189 571 1227 nuptialem
584 1195 671 1217 torum
690 1189 904 1218 dehonestarent.
917 1189 928 1205 ‘¹
944 1191 973 1218 ln
990 1201 1087 1219 uxores
1109 1201 1215 1229 quoque
1239 1190 1350 1219 illorum
1366 1201 1458 1230 aspere
1482 1189 1636 1225 invehitur,
1649 1200 1708 1228 quae
1724 1190 1751 1218 in

193 1234 306 1263 famulas
318 1242 342 1263 et
355 1235 509 1264 ancillasita
521 1236 665 1265 saeviebant
680 1259 686 1271 ‚
703 1243 732 1265 ut
746 1237 842 1275 ligatas
857 1244 881 1265 et
896 1237 1008 1265 nudatas
1023 1248 1112 1266 coram
1128 1238 1231 1267 maritis
1252 1238 1380 1266 acerrime
1401 1237 1570 1267 verberarent
1582 1259 1590 1274 ‚
1607 1236 1747 1265 Thessali-

193 1282 240 1310 das
257 1289 378 1311 vocantes
390 1305 398 1319 ,
416 1293 475 1321 quse
489 1294 543 1312 vox
558 1283 631 1322 apud
648 1283 851 1322 Aristophanem
862 1285 994 1313 veneficas
1005 1292 1030 1314 et
1045 1285 1261 1324 praestigiatrices
1270 1285 1412 1324 significat.

233 1329 277 1357 Sic
287 1329 331 1357 ille
342 1330 518 1358 Antiochenos
528 1330 644 1365 incessit,
658 1330 704 1369 qui
716 1331 933 1370 intemperantius
941 1331 995 1360 suis
1004 1332 1101 1371 opibus
1112 1332 1269 1369 utebantur5
1278 1339 1335 1361 tum
1348 1331 1429 1360 etiam
1437 1341 1487 1360 non
1496 1342 1604 1370 pancos,
1615 1332 1661 1370 qui
1670 1332 1748 1360 bonis

191 1375 284 1404 alienis
299 1375 474 1405 imminerent.
488 1376 530 1405 Ad
542 1377 594 1405 alia
609 1387 671 1405 vero
679 1378 736 1416 jam
746 1377 918 1407 veniendum.
933 1379 963 1406 In
972 1378 1084 1407 homilia
1096 1386 1203 1414 octava,
1214 1379 1334 1408 omnium
1345 1378 1510 1417 longissima,
1519 1378 1613 1407 inhaec
1622 1379 1749 1408 orationis

191 1422 284 1460 verba,
298 1424 361 1461 Ego
371 1424 488 1452 vinctus
497 1426 527 1452 in
536 1425 674 1462 Domino,
683 1424 709 1452 in
719 1425 834 1453 vinculis
845 1425 921 1453 Pauli
933 1425 1084 1464 laudandis,
1095 1426 1270 1461 celebrandis,
1282 1432 1363 1454 totam
1372 1425 1510 1465 profundit
1518 1432 1616 1463 artem;
1632 1426 1686 1454 imo
1696 1436 1748 1455 non

191 1476 273 1496 artem
283 1491 291 1505 ,
306 1469 351 1497 sed
365 1469 498 1508 quidquid
512 1470 608 1499 ardens
628 1471 734 1499 animus
745 1493 754 1508 ,
770 1472 903 1510 quidquid
925 1483 971 1500 cor
985 1473 1136 1502 vehementi
1158 1473 1318 1502 concitatum
1334 1483 1423 1501 amore
1438 1472 1558 1510 suggerit
1570 1494 1577 1508 ‚
1600 1472 1749 1512 imparatus

171 1528 175 1532 ·
191 1515 290 1554 profert
306 1516 331 1543 in
345 1516 481 1544 medium:
497 1520 507 1531 ‘²
519 1518 550 1546 Si
570 1518 633 1556 quis
648 1519 720 1546 mihi
737 1519 863 1553 dederit,
881 1519 984 1556 inquit,
1000 1530 1077 1548 nunc
1097 1527 1128 1548 ut
1142 1522 1275 1549 suscitem
1291 1525 1419 1547 mortuos
1429 1541 1437 1554 ‚
1454 1529 1512 1546 non
1527 1519 1582 1547 hoe
1598 1519 1748 1557 elegerim,

190 1562 242 1589 sed
251 1568 394 1591 catenam.
407 1563 437 1591 Si
449 1564 486 1591 ab
502 1564 704 1592 ecclesiasticis
719 1566 796 1593 curis
812 1575 901 1593 essem
923 1572 1046 1594 remotus
1056 1588 1065 1600 ,
1083 1572 1109 1594 et
1125 1572 1197 1594 esset
1217 1566 1289 1593 milii
1309 1574 1412 1603 corpus
1427 1573 1532 1591 sanum
1553 1570 1581 1592 et
1595 1564 1730 1592 validum
1741 1585 1748 1599 ,

191 1619 249 1636 non
258 1611 387 1637 recusari
391 1620 418 1637 m
429 1611 507 1638 lianc
522 1612 664 1649 suscipere
677 1613 952 1650 peregrinationem,
969 1619 1000 1641 ut
1011 1613 1105 1641 solum
1120 1613 1249 1641 viderem
1265 1618 1385 1640 calenas
1396 1633 1405 1646 ,
1422 1617 1453 1639 ut
1467 1620 1632 1646 carcerem,
1649 1613 1681 1638 in
1691 1621 1747 1650 quo

186 1656 247 1692 suit
264 1658 388 1685 vvinctus.
405 1657 500 1696 Atqui
514 1659 575 1697 ejus
590 1658 800 1686 miraculorum
822 1659 916 1688 multa
937 1660 1036 1688 multis
1048 1661 1078 1688 in
1091 1660 1161 1688 locis
1177 1666 1244 1688 sunt
1260 1661 1364 1697 signa,
1377 1658 1428 1686 sed
1442 1668 1501 1685 non
1512 1664 1578 1686 sunt
1593 1663 1654 1686 tam
1669 1658 1747 1686 desi-

189 1701 334 1729 derabilia
345 1724 353 1738 ‚
366 1712 449 1740 quam
464 1705 644 1741 stigmatum.
658 1705 697 1732 Et
713 1706 743 1731 in
757 1704 912 1743 Scripturis
928 1715 986 1733 non
998 1707 1040 1733 ita
1056 1716 1100 1733 me
1109 1706 1234 1733 delectat
1245 1706 1314 1733 dum
1325 1705 1401 1743 facit
1412 1703 1567 1738 miracula,
1580 1713 1668 1742 quam
1677 1703 1746 1731 dum

189 1747 265 1774 male
275 1750 397 1785 patitur,
405 1748 514 1789 flagris
527 1750 646 1777 caeditur
660 1756 749 1788 atque
762 1757 907 1789 raptatur.
919 1753 990 1779 I'ere
1005 1753 1155 1780 mirabilia
1171 1758 1237 1780 sunt
1253 1751 1336 1779 illius
1349 1752 1476 1788 corporis
1488 1750 1609 1778 sudaria
1620 1755 1648 1778 et
1662 1751 1745 1778 semi-

189 1794 296 1820 cinctia
310 1816 317 1828 ,
330 1805 394 1831 quoe
409 1795 551 1833 stupenda
563 1801 683 1831 patrant
697 1807 705 1822 .·
721 1802 788 1824 sunt
801 1798 862 1824 lioec
874 1808 942 1825 vere
954 1798 1103 1826 mirabilia
1112 1820 1119 1834 ,
1132 1798 1182 1826 sed
1191 1808 1249 1826 non
1264 1804 1294 1825 ut
1308 1797 1440 1825 vincula.

229 1839 373 1867 Occasione
388 1840 556 1868 vinculorum
568 1841 677 1879 loquens
691 1842 725 1870 de
739 1849 830 1871 sancto
846 1843 949 1881 Babyla
965 1850 1083 1882 martyre
1095 1867 1102 1880 ‚
1116 1844 1191 1883 eujus
1211 1843 1294 1872 vitam
1314 1842 1359 1871 ille
1372 1841 1478 1881 scripsit
1494 1848 1523 1869 nt
1536 1840 1650 1870 habetur
1662 1851 1743 1880 supra

191 1887 271 1914 Tom.
289 1886 421 1922 secundo,
433 1886 498 1914 dicit
512 1887 590 1915 illum
604 1887 724 1916 vinctum
737 1888 818 1917 fuisse
828 1911 835 1923 ‚
855 1889 922 1917 sicut
933 1891 1064 1918 Joannem
1077 1890 1227 1929 Baptistam
1240 1912 1248 1927 ,
1263 1889 1326 1927 quia
1341 1899 1436 1927 nempe
1450 1898 1539 1926 regern
1550 1887 1743 1925 redarguerat,
1759 1887 1763 1891 ’

171 1938 175 1942 ·
189 1938 213 1959 ct
228 1931 385 1959 morientem
395 1930 574 1966 mandavisse,
589 1936 599 1947 Β
614 1939 644 1960 ιιι
655 1934 778 1962 vincula
789 1941 966 1972 ponerentur
979 1946 1043 1963 cum
1058 1946 1109 1964 suo
1122 1946 1250 1974 corpore,
1265 1941 1292 1963 et
1307 1944 1408 1972 corpus
1422 1934 1589 1972 sepeliretur
1600 1935 1741 1962 vinctum.

189 1979 228 2006 Et
239 1988 315 2005 nuuc
326 1979 375 2006 siti
386 1984 453 2006 sunt
462 1979 610 2016 Compedes
625 1990 689 2007 cum
706 1982 801 2009 cinere
811 1993 818 2007 .·
837 1987 950 2010 tantum
963 1989 1025 2011 erat
1040 1985 1066 2010 ei
1075 1983 1248 2011 desiderium
1261 1981 1446 2010 vinculorum
1453 1986 1570 2019 propter
1584 1981 1740 2009 Christum.

192 2024 315 2051 Ferrum
331 2025 501 2061 pertransiit
517 2026 619 2053 anima
632 2026 694 2063 ejus
705 2048 712 2061 ,
724 2032 777 2054 etc.

227 2070 305 2098 Hom.
319 2070 421 2099 decima
439 2070 505 2099 dicit
517 2070 536 2108 ¹,
553 2071 695 2110 ἀγάλματα
720 2083 765 2101 seu
785 2073 904 2111 figuras,
920 2082 945 2103 et
968 2082 1067 2103 statuas
1082 2075 1122 2104 vel
1139 2075 1268 2113 imagines
1290 2075 1316 2102 iu
1337 2073 1448 2102 ecclesia
1464 2082 1535 2107 csse,
1556 2082 1642 2110 neque
1662 2072 1740 2111 plura

185 2116 277 2155 adjicit
294 2117 319 2144 in
335 2128 363 2145 re
374 2140 382 2151 ,
404 2128 485 2155 qnam
500 2118 624 2157 pluribus
647 2130 789 2158 expensam
812 2121 894 2150 fuisse
909 2122 1014 2151 vellem.
1037 2122 1183 2151 Haereticos
1199 2121 1298 2161 passim
1316 2120 1454 2159 exagitat,
1478 2118 1642 2147 Marcionem
1654 2141 1663 2156 ,
1680 2120 1732 2147 Ma·

185 2164 317 2191 nichzrum
340 2174 386 2191 seu
408 2165 560 2201 manetem,
585 2165 759 2194 Valentinum
773 2189 781 2202 ‚
814 2169 942 2197 Catharos
956 2193 963 2203 ‚
988 2180 1032 2198 seu
1060 2169 1240 2205 Novatianos,
1256 2169 1351 2197 Arium
1369 2190 1376 2204 ‚
1401 2167 1440 2194 uti
1466 2165 1531 2194 solet
1559 2165 1586 2193 in
1615 2165 1739 2195 omnibus

185 2221 250 2248 pene
277 2210 442 2238 oratic-nibus
463 2218 488 2239 et
512 2212 652 2250 homiliis,
674 2214 794 2252 aliosque
820 2216 900 2244 etiam
923 2216 1072 2245 harreticos.
1098 2218 1138 2245 De
1164 2216 1262 2254 quibus
1287 2215 1412 2244 omnibus
1435 2212 1586 2241 Dian-iham
1611 2213 1735 2242 institue-

186 2267 243 2283 mus·
258 2256 336 2284 Tum.
353 2256 456 2284 docimo
472 2258 556 2285 tertio.

225 2303 351 2331 Gentiani
367 2303 474 2332 Ilei-veti
490 2304 612 2333 Latinam
630 2306 874 2346 interpretationem
891 2310 982 2339 multis
995 2311 1021 2339 in
1036 2311 1100 2339 locis
1114 2310 1212 2350 passim
1224 2309 1422 2348 castigavimus.

736 2431 1147 2452 ——QDQOQ—
