1893 2860
86 670 107 691 Is
118 667 226 698 1i1'1'0A3.

87 714 226 744 Ja.1n.6‚45.

89 990 173 1011 Matth.
192 997 197 1011 1
209 996 214 1010 ι

87 1027 127 1049 29.

243 177 310 212 338
585 188 613 209 s.
642 186 780 209 somnis

807 186 846 208 CH
853 185 988 207 RYSOST.
1018 183 1173 207 AncnlEP.
1201 185 1468 209 CONSTAN'HNOP.

242 249 306 278 ctori
323 248 497 277 reverentiam
518 247 657 282 conciliat,
671 253 696 275 ct
711 246 846 285 discipulo
862 255 977 285 propen-
999 249 1015 270 B
1034 246 1100 283 ἐρεῖ,
1115 246 1154 273 ὅτι
1169 245 1283 275 ἀδύνατα
1298 248 1434 282 ἐπέταξεν·
1450 249 1490 277 ὅτι
1507 248 1533 276 δὲ
1549 248 1677 282 ἀδύνατα,
1694 249 1796 286 πρῶτος

240 297 340 324 sionem
355 294 388 323 ad
399 293 556 333 parendum.
575 292 742 327 Quomodo?
757 292 892 327 Quoniam
905 314 914 330 ‚
932 291 979 319 ubi

240 342 329 369 verbis
356 340 464 378 quidem
490 338 586 368 viderit
610 339 865 378 philosophantem,
889 348 978 366 secum

239 387 325 419 dicct,
346 386 384 413 Ea
403 396 461 423 qua:
484 385 541 413 ficri
566 395 616 413 non
643 391 754 423 possunt
780 384 907 423 magister
930 384 979 411 iste

240 431 364 471 praecepit
376 454 383 466 ,
395 431 475 469 idque
486 431 542 470 ipsc
558 431 662 470 primus
673 429 788 459 ostendit
801 453 808 464 ,
824 430 869 468 qui
882 440 911 457 ca
928 439 978 457 non

240 478 309 506 facit.
325 477 372 506 Sin
394 483 481 505 autem
495 477 593 505 viderit
609 477 736 505 virtutem
756 476 831 504 factis
845 475 911 515 ipsis
930 486 979 503 ex-

239 532 356 561 pressam
371 543 378 554 ‚
402 531 453 549 non
479 521 586 549 habebit
609 521 741 559 amplius,
761 531 808 548 cui·
825 519 873 548 ista
893 519 976 547 dicat.

239 569 431 597 Verumtamen
446 568 526 596 ctiam
541 567 562 595 si
577 566 693 596 doctoris
708 567 762 595 vita
778 565 905 595 socordiae
923 565 978 604 ple-

241 626 273 643 na
288 615 338 649 sit,
357 615 432 643 nobis
446 615 496 654 ipsi
512 614 697 649 attendamus,
710 621 734 642 et
756 613 899 642 audiamus
913 623 978 651 pro-

240 662 347 701 phetam
357 661 487 690 dicentem
500 684 506 695 ,
524 662 619 689 Erunt
631 671 729 689 omues
743 660 883 688 docibiles
897 660 953 687 Dei
966 670 976 691 ,-

240 714 277 741 ct,
295 708 362 736 Non
377 708 488 735 docebit
500 707 578 735 ultra
591 707 780 746 vir-finirem
805 715 888 734 suum
902 727 909 739 ‚
931 705 979 732 di-

239 764 328 782 cens.-
347 754 493 791 Cognosce
518 754 676 781 Dominum
688 764 699 785 ;
720 761 818 780 omnes
843 753 919 779 enim
931 760 978 778 co-

237 806 375 838 gnoscent
393 810 437 827 me
449 810 467 827 a
485 801 602 827 minimo
615 809 712 827 eorum
728 809 818 837 usque
829 798 869 826 ad
880 799 976 825 rna-ri-

240 856 326 873 mmn.
356 846 413 873 Non
436 845 517 873 habes
536 844 671 873 doctorem
693 844 794 872 virtute
812 842 979 882 praeditum?

240 889 292 919 Sed
307 890 387 918 habes
401 900 462 918 eum
476 890 522 927 qui
543 900 605 917 vere
619 889 712 917 doctor
723 896 761 917 est
773 912 779 920 ,
797 899 876 926 quem
899 888 978 916 etiam

240 935 326 964 solum
341 935 475 963 doctorem
490 935 625 974 appellare
637 941 740 973 oportet
752 946 758 961 ε
772 934 805 962 ab
816 934 861 961 illu
869 932 978 961 discite:

240 980 285 1008 ille
300 980 385 1016 dixit,
405 981 516 1008 Discite
534 991 552 1008 (ι
571 990 615 1007 me
627 1002 634 1013 ,
650 982 720 1018 quia
739 989 803 1007 sum
819 981 904 1006 mitis.
921 978 980 1006 Non

242 1026 366 1053 observes
393 1025 550 1063 magistrum
567 1025 669 1059 istum,
684 1024 731 1052 sed
757 1024 834 1051 illum
854 1023 981 1060 illiusque

239 1071 416 1110 disciplinas:
438 1070 501 1098 inde
528 1077 625 1109 typum
653 1080 738 1108 cape:
760 1069 842 1097 habes
864 1068 981 1106 effigiem

240 1116 386 1155 optimam,
404 1115 437 1144 ad
449 1126 528 1153 quam
547 1115 661 1154 teipsum
681 1124 832 1153 componas.
845 1114 982 1143 Sexcentae

241 1168 301 1190 sunt
316 1161 456 1200 propositae
472 1161 499 1189 in
514 1160 662 1200 Scripturis
681 1160 799 1189 vitarum
814 1170 875 1187 cum
890 1159 981 1188 virtu—

240 1214 266 1235 te
277 1214 395 1235 actarum
410 1206 538 1245 imagines
551 1218 557 1233 τ
573 1206 664 1239 velut,
680 1205 701 1234 si
714 1205 797 1241 libet,
810 1205 906 1233 accede
923 1212 982 1244 post

241 1252 400 1290 magistrum
416 1252 449 1280 ad
465 1252 612 1291 discipulos
628 1263 633 1277 :
654 1251 698 1280 hic
716 1250 826 1289 quidem
852 1262 885 1279 ex
910 1262 981 1290 pau-

241 1305 341 1337 pertate
352 1298 436 1333 fulsit,
454 1298 499 1326 ille
509 1308 572 1326 vero
586 1308 620 1326 ex
633 1297 752 1325 divitiis:
763 1297 879 1336 exempli
892 1307 982 1333 causa,

241 1344 317 1372 Elias
327 1355 360 1372 ex
373 1351 544 1383 paupertate,
560 1343 697 1371 Abraham
708 1354 742 1371 ex
756 1343 861 1372 divitiis
875 1354 881 1370 :
896 1350 983 1371 utram

242 1398 321 1430 putas
344 1390 472 1419 leviorem
486 1413 493 1425 ‚
517 1389 620 1427 tibique
643 1389 793 1428 aptiorem,
821 1389 889 1417 lianc
918 1396 983 1418 tene.

243 1438 348 1466 Rursus
363 1437 406 1465 hie
422 1436 530 1474 quidem
545 1446 579 1464 ex
600 1435 786 1469 matrimonio,
800 1435 845 1463 ille
864 1445 928 1463 vero
951 1446 984 1463 ex

244 1483 400 1521 virginitate
413 1494 418 1509 :
437 1482 574 1510 Abraham
589 1492 623 1510 ex
640 1481 810 1509 matrimonio
822 1502 830 1517 ‚
848 1481 938 1509 Helias
951 1492 984 1509 ex

244 1529 420 1567 virginitate:
447 1535 534 1556 utram
557 1527 623 1555 libet
646 1527 718 1555 viam
748 1526 856 1555 insiste:
874 1533 985 1565 utraque

245 1574 315 1603 enim
337 1573 370 1602 ad
386 1574 481 1602 caelum
502 1573 586 1601 ducit.
613 1573 647 1601 Et
670 1574 783 1602 Joannes
804 1572 915 1610 quidem
938 1583 986 1611 per

242 1620 376 1659 jejunium
391 1642 397 1652 ,
419 1619 471 1649 Job
495 1629 558 1647 vero
582 1618 638 1646 sine
661 1617 781 1656 jejuniis.
812 1618 915 1645 Rursus
941 1618 985 1646 hic

246 1666 320 1704 ipse,
337 1676 399 1693 cum
417 1665 537 1693 mulieris
548 1671 572 1692 et
588 1663 707 1691 filiorum
724 1670 749 1691 et
764 1663 883 1691 siliarum
898 1670 923 1691 ct
936 1663 985 1691 do-

246 1719 305 1737 mus
320 1719 383 1737 cura
399 1708 450 1747 ipsi
464 1707 577 1746 gerenda
589 1713 669 1742 esset,
683 1707 830 1744 multisque
839 1707 986 1735 abundaret

246 1754 375 1783 divitiis:
401 1755 516 1783 ,Ioannes
541 1763 603 1781 vero
623 1752 692 1780 nihil
719 1751 870 1791 possidebat
894 1759 988 1791 praeler

247 1800 435 1828 vestimentum
457 1809 489 1826 ex
514 1798 577 1837 pilis
603 1798 761 1826 confectum.
784 1797 819 1825 Et
839 1797 906 1835 quid
927 1798 988 1826 dico

248 1845 359 1874 domum
374 1851 399 1873 et
409 1844 518 1872 divitias
530 1850 555 1871 et
571 1843 712 1882 pecunias,
729 1842 835 1881 quando
851 1844 893 1871 vel
909 1844 929 1871 is
941 1844 988 1882 qui

248 1901 360 1929 regnum
375 1890 494 1925 obtinet,
508 1895 592 1928 potest
607 1889 735 1917 virtutem
751 1888 988 1927 consequiPOmni

247 1937 319 1964 enim
343 1936 447 1975 privata
467 1935 548 1963 domo
570 1935 649 1973 longe
671 1935 824 1974 occupatior
845 1935 988 1974 reperietur

249 1982 340 2020 rogia:
361 1989 500 2019 tamenque
526 1980 617 2010 David
639 1981 714 2009 fulsit
736 1981 762 2008 in
779 1991 880 2018 rcgno;
905 1992 989 2020 neque

249 2028 328 2056 illum
339 2027 464 2055 dissolvit
488 2037 610 2066 purpura
622 2049 629 2060 ‚
644 2033 690 2054 aut
705 2025 829 2054 diadema
843 2037 849 2053 :
871 2026 988 2065 itemque

251 2074 335 2111 alter,
353 2074 396 2102 cui
417 2073 511 2112 integri
535 2073 630 2112 populi
649 2073 828 2111 gubernacula
848 2073 989 2102 commissa

249 2120 353 2148 fucrant
367 2142 374 2156 ,
394 2120 504 2158 Moyses
517 2142 523 2153 ‚
547 2119 657 2157 inquam
679 2130 685 2145 :
710 2118 780 2156 quod
807 2129 869 2147 sane
887 2119 988 2148 diffici-

250 2166 303 2194 lius
318 2166 398 2194 ctiam
412 2174 468 2194 crat
482 2177 487 2192 :
503 2165 548 2193 hic
562 2165 632 2193 enim
646 2165 706 2203 plus
716 2165 828 2193 licentiae
841 2171 904 2201 erat,
917 2165 990 2194 ideo-

249 2223 300 2250 que
327 2213 386 2251 plus
415 2211 585 2239 difficultatis
609 2218 634 2239 et
667 2211 860 2240 molestiarum.
888 2212 990 2241 Vidisti

251 2258 378 2296 probatos
404 2258 430 2286 in
451 2257 575 2293 divitiis,
598 2256 693 2286 vidisti
717 2264 742 2285 et
764 2257 790 2285 in
817 2265 990 2297 paupertate5

252 2303 344 2331 vidisti
371 2303 397 2331 in
413 2303 603 2338 matrimonio,
623 2301 718 2332 vidisti
740 2309 765 2331 et
791 2303 818 2331 in
845 2304 992 2342 virginita-

254 2355 286 2375 te.
311 2349 412 2376 Contra
439 2359 503 2376 vero
525 2348 661 2377 considera
675 2370 682 2383 ,
703 2355 727 2376 et
748 2348 775 2376 in
802 2349 991 2387 matrimonio,

253 2400 278 2421 ct
300 2393 327 2421 in
350 2393 525 2431 virginitate,
542 2401 566 2422 et
590 2394 617 2422 in
642 2394 762 2430 divitiis,
781 2400 807 2422 et
828 2394 854 2422 in
874 2405 993 2434 pauper-

254 2445 307 2466 tate
334 2449 386 2465 nun
419 2438 535 2466 defuisse
564 2440 610 2476 qui
636 2439 762 2477 perirent.
785 2440 854 2467 Nam
883 2440 909 2468 in
934 2451 994 2469 ma-

255 2481 381 2509 trimonio
410 2481 519 2518 quidem
546 2482 623 2509 multi
646 2482 767 2510 homines
796 2483 943 2521 perierunt,
967 2491 995 2512 ut

256 2528 366 2555 Samson
380 2549 386 2562 ‚
404 2536 454 2553 non
471 2533 556 2554 tamon
580 2537 612 2554 cx
626 2527 684 2565 ipso
700 2527 880 2561 matrimonio,
900 2528 943 2556 scd
962 2540 995 2557 ex

1008 1808 1024 1830 F

999 2208 1036 2258 ²3⁵
1050 2223 1241 2264 προαιρέσεως·
1256 2225 1282 2252 ἐν
1293 2222 1419 2263 παρθενίᾳ
1431 2223 1456 2251 δὲ
1467 2247 1474 2259 ,
1486 2219 1538 2252 οἷον
1553 2226 1579 2252 αἱ
1591 2224 1667 2252 πέντε
1679 2224 1809 2262 παρθένοι·

1035 291 1110 323 αὐτὸς
1123 291 1250 320 δείκνυσιν
1267 295 1280 321 6
1292 294 1447 328 διδάσκαλος
1462 294 1498 332 μὴ
1511 294 1642 334 πράττων.
1654 293 1700 322 Ἂν
1715 293 1741 321 δὲ
1754 293 1795 331 ἴδῃ

1034 335 1077 364 διὰ
1088 338 1138 364 τῶν
1151 337 1232 376 ἔργων
1244 337 1290 372 τὴν
1303 339 1396 377 ἀρετὴν
1409 341 1610 378 τετελειωμένην
1620 361 1627 374 ‚
1645 341 1691 368 οὐκ
1702 339 1732 367 ἂν
1744 338 1799 377 ἔχοι

1035 384 1118 410 ταῦτα
1132 383 1226 421 λέγειν.
1242 384 1317 419 Πλὴν
1333 385 1401 413 ἀλλὰ
1412 385 1458 414 κᾶν
1471 387 1636 424 ἠμελημένος
1645 388 1658 414 6
1670 388 1715 414 τοῦ
1728 385 1799 413 διδα-

1036 428 1134 457 σκάλου
1143 429 1196 466 βίος
1209 424 1237 467 ἦ,
1251 431 1327 467 ἡμεῖς
1336 431 1436 463 ἑαυτοῖς
1449 432 1632 471 προσέχωμεν,
1642 432 1686 459 καὶ
1697 429 1797 459 ἀκούω-

1037 485 1084 510 μεν
1101 477 1146 502 τοῦ
1160 475 1293 513 προφήτου
1305 475 1423 514 λέγοντος
1432 498 1439 511 ,
1458 476 1498 505 ὅτι
1509 476 1634 506 Ἔσονται
1647 477 1741 508 πάντες
1760 475 1798 503 δι-

1036 519 1126 548 δακτοὶ
1136 522 1205 549 Θεοῦ
1214 532 1220 538 ·
1234 520 1279 549 καὶ
1288 543 1295 555 ,
1306 522 1345 550 Οὐ
1357 521 1393 559 μὴ
1407 521 1543 554 διδάξωσιν
1553 523 1659 555 ἕκαστος
1670 522 1713 550 τὸν
1724 522 1798 550 ἀδελ-

1035 565 1081 603 φὸν
1098 567 1176 595 αὐτοῦ
1186 588 1193 601 ,
1208 566 1342 604 λέγοντες,
1358 570 1438 605 γνῶθι
1452 568 1495 596 τὸν
1518 568 1613 607 Κύριον
1624 589 1631 602 ,
1652 569 1692 596 ὅτι
1703 568 1798 600 πάντες

1035 611 1167 645 εἷδήσουσί
1181 624 1214 649 με
1236 613 1288 641 ἀπὸ
1301 616 1395 652 μικροῦ
1415 613 1464 646 ἕως
1484 613 1596 651 μεγάλου
1621 614 1713 642 αὐτῶν.
1740 614 1797 642 Οὔκ

1034 656 1103 695 ἔχεις
1129 657 1248 697 ἐνάρετον
1273 658 1444 694 διδάσκαλον,
1477 659 1544 687 Ἀλλ’
1559 659 1627 698 ἔχεις
1649 658 1692 687 τὸν
1717 658 1797 691 ὄντως

1034 702 1191 731 διδάσκαλον
1204 726 1211 739 ,
1237 703 1264 732 ὃν
1286 704 1330 732 καὶ
1353 705 1428 742 μόνον
1452 705 1608 734 διδάσκαλον
1618 704 1670 743 χρὴ
1692 705 1796 732 καλεῖν·

1035 749 1079 776 ἀπ’
1101 749 1199 778 ἐκείνου
1227 749 1323 787 μάθετε
1337 762 1342 767 ’
1373 752 1469 782 ἐκεῖνος
1494 750 1590 789 ἔφησε,
1618 750 1724 779 Mamers
1749 751 1794 779 ἀπ’

1035 796 1098 832 ἐμοῦ
1108 818 1114 830 ,
1144 795 1183 824 ὅτι
1206 796 1287 835 πρᾶός
1313 797 1376 833 εἷμι.
1400 796 1446 832 Μὴ
1469 797 1499 831 δὴ
1529 796 1642 835 πρόσεχε
1663 799 1701 836 τῷ
1723 797 1798 825 διδα-

1038 841 1127 880 σκάλῳ
1137 863 1144 876 ,
1173 842 1230 869 ἀλλ’
1255 842 1346 881 ἐκείνῳ
1368 842 1413 870 καὶ
1433 847 1486 874 τοῖς
1509 843 1606 871 ἐκείνου
1630 842 1782 880 μαθήμασιν
1792 853 1799 858 ·

1037 887 1132 915 ἐκεῖθεν
1152 887 1218 915 λάὲε
1227 887 1270 915 τὸν
1285 887 1364 916 τύπον
1377 898 1383 905 ·
1408 887 1475 926 ἔχεις
1492 888 1577 916 εἰκόνα
1593 887 1701 926 ἀρίστην
1713 900 1719 905 ·
1737 888 1800 926 πρὸς

1037 931 1138 966 ἐκείνην
1155 933 1277 970 ῥύθμισον
1293 933 1395 961 σαυτόν.
1423 933 1523 971 Μυρίαι
1543 933 1606 962 εἰσὶν
1623 935 1650 962 αἱ
1665 933 1759 966 εἰκόνες
1773 934 1800 962 ἐν

1037 981 1094 1009 ταῖς
1108 978 1224 1016 Γραφαῖς
1239 978 1356 1015 κείμεναι
1368 978 1430 1015 βίων
1444 978 1570 1015 ἐναρέτων
1582 990 1587 995 ·
1610 974 1660 1007 οἶον
1670 1000 1677 1013 ,
1699 978 1742 1006 ἐὰν
1755 978 1800 1006 θέ-

1037 1024 1098 1061 λῃς,
1115 1022 1171 1051 ἐλθὲ
1185 1023 1229 1050 καὶ
1241 1022 1307 1060 μετὰ
1323 1024 1365 1051 τὸν
1380 1023 1534 1052 διδάσκαλον
1550 1024 1576 1051 ἐν
1591 1028 1643 1056 τοῖς
1659 1026 1801 1061 μαθηταῖς·

1038 1071 1051 1097 6
1068 1068 1114 1106 μὲν
1129 1069 1161 1096 δι’
1174 1068 1358 1106 ἀκτημοσύνης
1373 1069 1491 1108 ἔλαμψε,
1516 1072 1529 1097 6
1547 1069 1573 1097 δὲ
1586 1069 1628 1098 διὰ
1641 1069 1802 1108 χρημάτων·

1038 1109 1089 1142 οἷον
1103 1116 1116 1142 6
1128 1114 1222 1147 Ἠλίας
1239 1114 1270 1142 δι’
1287 1115 1485 1152 ἀκτημοσύνης,
1510 1117 1523 1143 6
1535 1114 1653 1153 Ἀὅραὰμ
1672 1114 1714 1142 διὰ
1734 1127 1803 1154 χρη-

1040 1160 1145 1197 μάτων·
1172 1159 1227 1188 οῗαν
1250 1159 1362 1197 νομίζεις
1383 1161 1538 1199 κουφοτέραν
1561 1160 1605 1188 καὶ
1626 1161 1801 1195 εὖεπιτ-ηδειο-

1039 1206 1131 1246 τέραν,
1146 1205 1244 1240 ταύτην
1258 1205 1324 1234 ἐλθέ.
1340 1205 1425 1234 Πάλιν
1439 1208 1452 1234 6
1467 1206 1513 1243 μὲν
1527 1206 1569 1234 διὰ
1580 1206 1681 1244 γάμου,
1695 1208 1708 1234 6
1720 1205 1747 1234 δὲ
1760 1205 1803 1234 διὰ

1039 1251 1191 1290 παρθενίας·
1207 1254 1220 1280 6
1235 1251 1354 1290 Ἀὅραὰμ
1365 1251 1407 1280 διὰ
1422 1252 1523 1291 γάμου,
1536 1254 1631 1284 ἐκεῖνος
1648 1252 1690 1280 διὰ
1704 1254 1803 1290 παρθε-

1040 1298 1109 1330 νίας·
1125 1298 1156 1332 ἣν
1167 1297 1263 1331 θέλεις,
1280 1297 1384 1335 βάδισον
1394 1309 1400 1314 ·
1416 1298 1526 1336 ἑκατέρα
1538 1297 1588 1337 γὰρ
1603 1297 1674 1336 φέρει
1685 1297 1748 1336 πρὸς
1759 1297 1804 1326 τὸν

1041 1344 1156 1383 οὐρανόν.
1171 1343 1204 1372 ‘O
1217 1343 1262 1381 μὲν
1276 1343 1318 1371 διὰ
1330 1343 1451 1378 νηστείας
1461 1367 1468 1379 ,
1480 1347 1494 1372 6
1505 1344 1630 1379 Ἰωάννης
1638 1366 1647 1381 ,
1663 1346 1676 1372 6
1686 1343 1712 1373 δὲ
1723 1343 1804 1382 χωρὶς

1039 1391 1180 1424 νηστειῶν,
1207 1391 1220 1417 6
1232 1389 1302 1417 ’lt-⁷23.
1327 1388 1412 1417 Πάλιν
1436 1390 1511 1422 αὐτὸς
1524 1385 1596 1422 οὗτος
1619 1390 1664 1418 καὶ
1683 1389 1805 1428 γυναικὸς

1040 1435 1181 1474 φροντίζων
1199 1434 1244 1463 καὶ
1258 1434 1357 1463 παίδων
1374 1435 1418 1463 καὶ
1430 1435 1576 1475 θυγατέρων
1589 1435 1633 1463 καὶ
1645 1434 1741 1470 οἰκίας,
1758 1435 1805 1463 καὶ

1040 1481 1121 1509 πολὺν
1137 1480 1203 1519 ἔχων
1222 1482 1345 1509 πλοῦτον·
1358 1482 1370 1508 6
1394 1481 1471 1513 ἄλλος
1485 1480 1556 1509 οὐδὲν
1572 1481 1712 1517 ἐκέκτητο,
1733 1479 1803 1515 πλὴν

1039 1530 1084 1555 τοῦ
1103 1527 1207 1564 ἱματίου
1228 1530 1273 1555 τοῦ
1294 1526 1418 1566 τριχίνου.
1442 1526 1494 1555 Καὶ
1515 1526 1540 1554 τί
1560 1526 1629 1564 λέγω
1653 1526 1737 1555 οἷκίαν
1758 1526 1805 1554 καὶ

1040 1573 1153 1601 πλοῦτον
1168 1572 1212 1599 καὶ
1229 1572 1371 1611 χρήματα,
1387 1571 1450 1600 ὅπου
1467 1583 1496 1610 γε
1508 1572 1552 1600 καὶ
1570 1574 1596 1600 ἐν
1610 1572 1729 1611 βασιλεία
1743 1572 1804 1600 ὄντα

1042 1617 1148 1645 δυνατὸν
1168 1619 1215 1651 τῆς
1230 1619 1324 1656 ἀρετῆς
1339 1617 1523 1653 ἐπιλαὸέσθαι;
1546 1618 1639 1653 Πάσης
1658 1618 1709 1657 γὰρ
1722 1617 1808 1650 οἰκίας

1041 1663 1175 1697 ἰδιωτικῆς
1196 1662 1225 1691 ἂν
1246 1662 1361 1702 εὑρεθείη
1378 1663 1672 1703 πολυπραγμονέστερος
1685 1666 1699 1692 6
1709 1659 1777 1696 οἶκος
1792 1665 1806 1691 6

1044 1709 1188 1747 βασιλικός.
1204 1709 1237 1738 ‘O
1251 1709 1335 1737 τοίνυν
1349 1709 1433 1737 Δαυὶδ
1445 1709 1561 1748 ἔλαμψεν
1574 1710 1600 1737 ἐν
1612 1708 1732 1748 βασιλείᾳ
1742 1731 1749 1745 ,
1761 1707 1809 1738 καὶ

1042 1755 1114 1784 οὐδὲν
1128 1755 1204 1783 αὐτὸν
1219 1754 1334 1788 ἐξέλυσεν
1345 1757 1361 1789 ἡ
1376 1755 1496 1794 ἁλουργὶς
1509 1755 1554 1783 καὶ
1565 1755 1595 1783 τὸ
1607 1755 1723 1793 διάδημα
1733 1766 1738 1771 ·
1754 1754 1805 1782 ἄλ-

1042 1803 1085 1833 λος
1096 1802 1237 1839 ὁλοκλήρου
1251 1800 1334 1837 δήμου
1349 1800 1509 1838 προστασίαν
1524 1799 1780 1838 ἐμπεπιστευμένος,
1792 1801 1806 1827 6

1043 1849 1160 1881 Μωυσῆς
1169 1846 1239 1884 λέγω
1248 1868 1255 1880 ,
1268 1846 1332 1884 ὅπερ
1343 1846 1388 1874 καὶ
1400 1845 1591 1885 δυσκολώτερον
1601 1845 1734 1884 τυγχάνει.
1745 1845 1806 1874 Ἐν-

1045 1895 1128 1922 ταῦθα
1152 1892 1203 1932 γὰρ
1219 1892 1313 1930 μείζων
1327 1894 1344 1926 ἡ
1357 1891 1458 1924 ἐξουσία
1476 1887 1521 1927 ἦν,
1548 1891 1603 1920 ὅθεν
1624 1891 1669 1920 καὶ
1680 1891 1777 1920 πλείων
1789 1894 1805 1926 ἡ

1045 1938 1169 1967 δυσκολία
1192 1937 1300 1976 ἐγίνετο.
1327 1933 1403 1969 Εἶδες
1424 1939 1450 1965 ἓν
1463 1937 1569 1976 πλούτῳ
1587 1937 1806 1974 εὖδοκιμηκότας,

1045 1979 1110 2016 εἶδες
1125 1983 1170 2012 καὶ
1184 1984 1210 2011 ἐν
1225 1983 1316 2022 πενίᾳ,
1333 1978 1397 2015 εἶδες
1412 1983 1438 2011 ἐν
1452 1983 1531 2021 γάμῳ
1541 2005 1548 2018 ,
1562 1978 1626 2015 εἶδες
1639 1983 1683 2012 καὶ
1698 1984 1724 2011 ἐν
1737 1995 1808 2023 παρ-

1045 2029 1114 2068 θενίᾳ
1123 2041 1129 2047 ’
1145 2029 1190 2058 Οέα
1206 2028 1353 2058 τούναντίον
1366 2029 1446 2057 πάλιν
1458 2028 1502 2057 καὶ
1517 2030 1542 2057 ἐν
1552 2028 1631 2067 γάμῳ
1647 2028 1691 2057 καὶ
1703 2030 1729 2057 ἓν
1740 2041 1810 2069 παρ-

1045 2075 1116 2114 θενίᾳ
1130 2074 1313 2109 ἀπολωλότας,
1328 2074 1373 2102 καὶ
1387 2076 1412 2103 ἐν
1428 2074 1544 2113 πλούτῳ,
1559 2074 1603 2103 καὶ
1617 2075 1643 2102 ἐν
1654 2074 1744 2114 πενίᾳ·
1756 2070 1808 2103 οἷον

1047 2125 1072 2152 ἐν
1088 2123 1165 2161 γάμῳ
1181 2122 1228 2160 μὲν
1250 2122 1343 2151 πολλοὶ
1356 2124 1408 2150 τῶν
1430 2122 1571 2161 ἀνθρώπων
1586 2123 1736 2159 ἀπώλοντο,
1757 2119 1809 2152 οἷον

1047 2173 1187 2212 Σαμψὼμ,
1198 2174 1255 2201 ἀλλ’
1267 2174 1313 2201 οὐκ
1325 2173 1377 2201 ἀπὸ
1390 2176 1434 2201 τοῦ
1445 2172 1542 2211 γάμου,
1554 2174 1611 2201 ἀλλ’
1626 2173 1677 2202 ἀπὸ
1687 2175 1734 2207 τῆς
1745 2172 1811 2206 ἰδίας

1047 2275 1074 2302 ἐν
1089 2273 1194 2313 πλούτῳ
1204 2297 1211 2308 ,
1236 2273 1380 2306 ὁπλούσιος
1394 2276 1407 2302 6
1421 2274 1464 2302 τὸν
1483 2274 1604 2313 Λάζαρον
1624 2276 1765 2313 περιορῶν·
1785 2275 1810 2303 ἐν

1048 2322 1125 2362 πενίᾳ
1141 2322 1229 2361 μυρίοι
1244 2322 1282 2351 ἔτι
1293 2322 1338 2351 καὶ
1348 2326 1390 2352 νῦν
1405 2323 1515 2358 πένητες
1525 2323 1694 2352 ἀπόλλυνται.
1705 2323 1751 2352 Ἐν
1766 2325 1812 2362 βα-

1051 2372 1135 2412 σιλείᾳ
1151 2372 1267 2410 δείκνυμι
1279 2372 1390 2405 πολλοὺς
1404 2373 1590 2409 ἀπολωλότας,
1607 2374 1632 2401 ἐν
1647 2372 1812 2412 δημαγωγία.

1048 2423 1141 2455 Θέλεις
1156 2422 1181 2452 δὲ
1192 2422 1236 2451 καὶ
1250 2423 1276 2450 ἐν
1289 2425 1466 2462 στρατιωτικῇ
1478 2422 1550 2456 τάξει
1562 2424 1624 2451 ἰδεῖν
1638 2421 1812 2460 σωζομένους

1048 2473 1096 2511 ὅρα
1113 2473 1155 2501 τὸν
1170 2472 1328 2512 Κορνήλιον·
1348 2473 1394 2501 καὶ
1409 2475 1434 2501 ἐν
1450 2473 1597 2513 προστασίᾳ
1614 2473 1708 2507 οἷκίαςς
1732 2473 1811 2511 βλέπε

1049 2524 1092 2552 τὸν
1108 2525 1227 2561 εὐνοῦχον
1242 2524 1287 2557 τῆς
1298 2523 1476 2558 Ammaia-cm.
1492 2524 1571 2553 Οὕτω
1580 2524 1706 2552 πάντοθεν
1718 2523 1762 2552 ἐὰν
1778 2524 1812 2555 εἷς

256 2574 345 2602 animo
364 2572 552 2609 voluntateque
573 2583 627 2600 sua.
651 2573 679 2600 In
703 2573 855 2609 virginitate
871 2573 944 2611 ilem,
964 2581 992 2603 ut
1013 2581 1029 2603 B
1051 2574 1105 2603 δέον
1122 2576 1158 2612 τῷ
1173 2573 1278 2612 πλούτῳ
1294 2574 1436 2612 χρώμεθα,
1462 2574 1533 2603 οὐδὲν
1553 2577 1622 2611 ’ἡμᾶς
1644 2575 1746 2603 ἀπολεῖ·
1767 2573 1810 2602 ἐὰν
