1893 2860
402 147 435 169 ΙΝ
462 147 570 169 EPtST.
600 148 622 169 1.

62 222 122 238 των.
147 209 179 238 Ὁ
195 208 262 240 Θεός
277 218 317 236 σοι
333 207 392 240 τοὺς
411 208 507 240 παῖδας
521 208 627 243 ἔδωκεν,
643 208 685 237 ἵνα
705 221 733 238 σε
747 220 825 248 γηρο-

61 257 186 294 κομῶσιν,
200 254 242 283 ἵνα
257 253 305 288 τὴν
321 253 415 292 ἀρε-,ὴν
433 254 584 290 μανθάνωσι
597 255 670 295 παρὰ
684 259 738 285 σοῦ.

98 767 149 797 Διὰ
162 766 213 807 γὰρ
226 769 302 796 τοῦτο
314 766 344 795 τὸ
358 767 410 795 τῶν
423 765 568 805 ἀνθρώπιον
581 765 653 804 γένος
668 764 748 797 οὕτως
763 765 824 799 ἠθέ-

56 815 120 849 λησε
136 813 310 848 συνεστάναι,
334 812 378 841 δύο
393 812 425 841 τὰ
439 812 551 850 μέγιστα
564 812 784 847 κατασκευάζων,
799 811 825 839 ἓν

57 859 114 898 μὲν,
130 859 304 890 διδασκάλους
320 860 432 897 ἐφιστῶν
447 857 506 890 τοὺς
526 857 655 896 πατέρας,
678 857 765 897 ἕτερον
788 856 824 891 δὲ,

55 904 157 940 πολλὴν
173 904 279 943 ἀγάπην
296 904 430 932 ἐντίκτων.
456 904 490 932 Εἰ
503 903 553 942 γὰρ
570 904 660 935 ἁπλῶς
677 903 785 940 ἔμελλον
802 904 825 932 οἱ

55 951 190 990 ἄνθρωποι
209 950 347 988 γίνεσθαι,
376 949 460 982 οὐδεὶς
483 949 513 977 ἂν
536 949 600 989 πρὸς
621 949 714 978 οὐδένα
733 949 824 989 σχέσιν

54 997 141 1035 ἔσχεν.
167 998 200 1025 Εἰ
220 996 270 1035 γὰρ
291 999 334 1024 νῦν
351 995 472 1036 πατέρων
489 996 570 1024 ὄντων
592 996 637 1024 καὶ
655 996 756 1024 παίδων
779 997 823 1025 καὶ

54 1044 178 1082 ἐκγόνων,
195 1043 287 1071 πολλοὶ
302 1043 406 1071 πολλῶν
421 1044 450 1070 οὐ
461 1043 632 1081 φροντίζουσι,
650 1044 740 1081 πολλῷ
753 1044 823 1080 μᾶλ-

53 1091 97 1117 λον
110 1089 179 1118 τότε.
201 1088 251 1116 Διὰ
266 1088 342 1117 τοῦτο’
361 1099 402 1116 σοι
417 1089 513 1121 παῖδας
528 1089 639 1116 δέδοικεν
651 1090 664 1116 ὁ
679 1089 747 1122 Θεός
757 1100 763 1107 ⁴
787 1089 822 1127 μὴ

53 1134 139 1163 τοίνυν
154 1134 297 1174 κατηγόρει
309 1136 360 1162 τῶν
373 1133 485 1162 παίδων,
511 1135 543 1162 Εἰ
557 1133 583 1162 δὲ
598 1136 621 1162 οἱ
637 1135 733 1166 παῖδας
746 1134 824 1173 ἔχον-

53 1193 94 1213 τες
110 1180 234 1219 οὐδεμίαν
254 1180 358 1219 ἔχουσιν
372 1180 516 1217 ἀπολογίαν
528 1202 535 1215 ,
554 1182 577 1208 οἷ
593 1179 629 1217 μὴ
645 1179 764 1219 ἔχοντες,
779 1181 824 1210 καὶ

52 1226 211 1264 κοπτόμενοι
226 1226 287 1265 περὶ
304 1225 352 1260 τὴν
367 1229 412 1254 τοῦ
423 1225 536 1254 πλούτου
549 1225 689 1264 συλλογὴν,
707 1231 780 1255 ποῖον
793 1226 823 1254 ἂν

52 1272 150 1301 εἴποιεν
173 1272 262 1310 λόγον;
302 1271 373 1300 Ἀλλ’
385 1271 441 1300 ἔστι
456 1283 495 1304 τις
509 1271 554 1299 καὶ
571 1272 659 1304 αὐτοῖς
672 1272 747 1310 λόγος
767 1272 822 1301 παί-

51 1329 100 1352 σης
114 1317 256 1354 ἀπολογίας
278 1317 499 1356 ἀπεστερημένος.
527 1317 575 1349 Τίς
594 1317 625 1352 δὴ
642 1313 715 1350 οὗτος
733 1319 821 1354 ἐστίν;

49 1363 109 1392 Ἵνα
123 1363 181 1392 ἀντὶ
199 1365 251 1392 τῶν
271 1362 384 1396 παίδων,
409 1362 502 1401 φησὶν,
526 1362 630 1401 ἔχωμεν
651 1363 694 1392 τὸν
710 1366 822 1394 πλοῦτον

49 1408 204 1447 ὑπόμνημα,
226 1407 330 1441 Ὄντως
349 1407 431 1446 γέλως
443 1407 533 1441 πολύς.
562 1408 631 1437 Ἀντὶ
646 1411 698 1438 τῶν
710 1410 822 1446 παίδων,

51 1455 141 1494 φησὶν,
154 1457 170 1489 ἡ
184 1453 253 1483 οἰκία
269 1453 361 1492 μνήμη
376 1453 503 1486 ἀθάνατος
514 1453 614 1493 γίνεται
628 1457 675 1490 τ’ἦς
690 1455 764 1491 δόξης
775 1459 822 1491 τῆς

53 1503 127 1539 ἐμῖς.
151 1501 192 1529 Οὐ
204 1502 250 1535 τῆς
265 1500 339 1535 δόξης
356 1511 410 1534 σου,
425 1500 556 1538 ἄνθρωπε,
573 1500 641 1529 ἀλλὰ
654 1502 701 1535 τῆς
715 1502 822 1531 πλεονε-

53 1547 108 1581 ξίας
122 1559 167 1576 σου
183 1547 257 1576 ἔσται
274 1546 377 1584 μνήμη.
405 1546 442 1574 Ἢ
459 1547 508 1585 οὐχ
523 1548 585 1585 ὁρᾷς
600 1549 643 1575 νῦν
659 1550 715 1580 πῶς
729 1549 822 1577 πολλοὶ

52 1593 191 1632 παριόντες
212 1591 258 1624 τὰς
280 1591 405 1630 λαμπρὰς
424 1591 508 1624 οἰκίας
525 1595 635 1621 τοιαῦτα
657 1593 822 1632 διαλέγονται

52 1638 117 1678 πρὸς
140 1637 279 1674 ἀλλήλους·
303 1637 373 1666 πόσα
395 1638 409 1665 ὁ
430 1638 501 1666 δεῖνα
524 1639 729 1676 ἐπλεονέκτησε,
751 1639 821 1668 πόσα

51 1684 180 1724 ἥρπασεν,
201 1684 243 1712 ἵνα
261 1683 359 1719 ταύτην
377 1684 537 1723 οἷκοδομήσῃ
550 1684 598 1720 τὴν
610 1685 708 1721 οἷκίαν;
721 1686 765 1715 καὶ
777 1690 820 1715 νῦν

50 1731 147 1764 ἐκεῖνος
169 1730 216 1769 μὲν
235 1730 325 1769 γέγονε
339 1730 422 1770 τέφρα
440 1731 485 1759 καὶ
497 1731 581 1768 κόνις,
597 1732 663 1768 αὕτη
676 1733 703 1762 δὲ
719 1734 756 1766 εἷς
767 1733 820 1763 ἑτέ-

52 1789 102 1817 ρων
126 1777 223 1816 κλῆρον
245 1776 329 1811 ὃιέὸη.
355 1777 396 1805 Οὐ
421 1778 467 1811 τῆς
483 1776 558 1813 δόξης
573 1790 618 1807 σου
633 1778 719 1807 τοίνυν
734 1790 819 1808 κατα-

48 1822 190 1861 λιμπάνεις
203 1822 323 1861 μνήμην,
337 1822 406 1851 ἀλλὰ
417 1825 464 1858 τῆς
478 1823 638 1856 πλεονεξίας.
662 1824 716 1853 Καὶ
728 1824 757 1853 τὸ
772 1823 819 1862 μὲν

46 1868 125 1907 σῶμά
145 1881 190 1898 σου
205 1868 353 1907 κέκρυπται
369 1871 401 1907 τῇ
417 1870 451 1908 γῇ
463 1891 470 1905 ,
485 1871 532 1904 τῆς
547 1869 574 1898 δὲ
586 1870 736 1904 πλεονεξίας
750 1871 819 1909 μνή-

48 1926 101 1951 μην
112 1915 200 1943 λαθεῖν
215 1914 311 1948 πλήθει
325 1916 376 1942 τῶν
391 1914 493 1955 χρόνων
507 1915 654 1953 δυναμένην
667 1917 714 1945 οὐκ
729 1917 818 1956 ἀφίης,

47 1961 105 1988 ἀλλ’
120 1959 311 1999 ἀνακρούεσθαι
325 1959 370 1988 καὶ
387 1961 603 1990 ἀνασκάπτεσθαι
618 1966 701 1994 ποιεῖς
713 1962 755 1991 διὰ
771 1965 818 1997 τῆς

46 2004 141 2037 οἰκίας.
163 2004 235 2037 εἘως
256 2004 308 2045 γὰρ
324 2004 354 2032 ἂν
370 2004 437 2040 αὕτη
454 2006 573 2044 ἑστήκῃ,
596 2007 643 2041 τὴν
665 2008 816 2046 ἐπωνυμίαν

46 2051 141 2090 ἔχουσα
160 2049 207 2085 τὴν
224 2051 283 2085 σὴν,
306 2051 351 2079 καὶ
373 2053 418 2079 τοῦ
441 2052 522 2084 δεῖνος
542 2053 687 2091 λεγομένη,
712 2054 818 2088 πάντως

45 2097 146 2135 ἀνάγκη
158 2097 203 2125 καὶ
216 2097 248 2125 τὰ
260 2097 365 2125 πάντων
376 2099 531 2136 ἀνοιχθῆναι
544 2099 664 2136 στόματα
676 2100 744 2128 κατὰ
758 2105 814 2130 σοῦ.

43 2142 126 2182 ξΟρᾷις
141 2143 182 2172 ὅτι
198 2142 301 2181 βέλτιον
323 2142 405 2180 μηδὲν
428 2143 508 2182 ἔχειν,
525 2144 541 2179 ἢ
563 2145 661 2180 ταύτην
676 2147 815 2184 ὑπομένειν

42 2189 91 2225 τὴν
104 2189 278 2228 κατηγορίανς
301 2189 353 2218 Καὶ
369 2192 450 2217 ταῦτα
467 2189 513 2227 μὲν
531 2192 642 2220 ἐνταῦθα
653 2204 659 2210 ·
674 2193 729 2221 ἐκεῖ
749 2193 775 2222 δὲ
791 2194 816 2222 τί

42 2236 197 2273 ποιήσομεν,
213 2235 272 2264 εἶπέ
287 2235 480 2273 μοι,τοσούτων
498 2236 545 2274 μὲν
561 2239 672 2266 ἐνταῦθα
683 2239 815 2277 γινόμενοι

41 2281 140 2322 κύριοι,
164 2282 248 2310 οὐδενὶ
263 2281 290 2310 δὲ
307 2284 358 2310 τῶν
373 2282 453 2310 ὄντων
471 2283 642 2320 μεταδόντες,
657 2284 692 2319 ῧῆ
715 2286 815 2326 σφόδρα

41 2328 153 2366 ὀλίγων,
177 2329 232 2361 πῶς
255 2327 300 2360 τὰς
323 2327 474 2361 πλεονεξίας
493 2330 691 2367 ἀποδυσόμεθα;
714 2330 747 2359 ‘0
761 2331 813 2371 γὰρ

43 2374 199 2412 βουλόμενος
218 2375 267 2409 τὴν
289 2373 439 2406 πλεονεξίαν
458 2375 657 2411 ἀποδύσασθαι,
678 2378 724 2406 οὐκ
740 2378 814 2416 ὀλίγα

43 2419 94 2449 ἀπὸ
103 2421 206 2449 πολλῶν
219 2420 335 2455 δίδωσιν,
351 2420 419 2449 ἀλλὰ
429 2421 649 2451 πολλαπλασίονα
662 2425 713 2451 τῶν
728 2424 812 2462 ἁρπα-

75 2530 82 2539 ¹·
102 2521 166 2554 [seg
190 2526 201 2550 r]
216 2533 241 2555 7?
264 2525 350 2553 97:703,
366 2521 402 2545 xcl
417 2525 488 2553 ι’)ίῃ,
505 2523 631 2554 Ῐ)ηι).ι-ικ.]

655 148 672 169 Α
679 149 698 169 1)
725 146 872 170 THESSAL
879 162 885 169 .

836 207 871 225 500

844 235 863 256 A

839 1606 857 1628 C

914 148 991 171 ew.
1021 149 1057 171 ι’.
1087 149 1205 172 nonu„
1231 149 1267 171 x.
1552 135 1622 183 579

882 208 955 247 phin.
968 210 1024 238 Hoc
1037 217 1126 239 autem
1140 209 1264 239 videmus
1278 208 1430 237 Abrahamo
1444 208 1600 237 usuvenisse
1616 221 1622 236 :

883 256 963 284 Vidit
974 257 1056 293 enim,
1080 257 1178 295 inquit,
1194 258 1248 284 Lot
1262 257 1452 285 circumcirca
1466 256 1550 284 sitam
1575 266 1620 283 re·
1637 264 1693 283 (lm.
1706 262 1742 283 ιζι,

1594 306 1621 329 el
1638 300 1671 315 10.
1693 300 1727 316 ΙΙ,

879 303 1006 340 gzbnem,
1021 309 1048 330 et
1064 305 1243 341 irrigabatur
1257 304 1332 331 sicut
1344 302 1500 341 paradisus
1512 302 1579 338 Dei,

881 356 939 373 cum
947 346 1041 385 elegit.
1054 347 1198 375 llleautem
1207 357 1259 374 nou
1272 345 1443 375 contradixit.
1455 345 1539 375 Vides
1550 344 1623 384 quod

881 402 932 420 uon
949 393 1034 421 solinu
1044 404 1095 422 uon
1107 393 1219 422 faciebat
1233 393 1369 432 injuriam,
1378 393 1422 421 sed
1433 392 1513 421 etiam
1525 391 1623 431 injuria

880 440 1049 468 afficiebatur
1060 441 1073 468 Ξ)
1086 441 1159 475 Quid
1172 448 1231 469 tuos
1246 441 1317 469 filios
1338 451 1445 469 accusas
1458 462 1467 477 ,
1489 451 1505 469 o
1516 440 1597 469 homo
1610 439 1623 468 2³

880 487 938 514 Nou
951 494 1092 526 propterea
1110 488 1187 516 nobis
1202 489 1275 516 Deus
1295 488 1370 516 dedit
1385 488 1456 516 filios
1467 511 1475 526 ‚
1495 495 1524 517 ιιι
1537 488 1622 516 aliena

881 542 1041 570 mpcremus.
1057 533 1129 563 Vide
1141 544 1173 561 ue
1184 534 1233 562 hoc
1244 533 1336 562 dicens
1344 535 1430 562 Deum
1441 534 1539 562 irriteS.
1554 534 1624 562 Nam

882 578 902 606 si
913 577 981 606 dicis
997 589 1040 607 eos
1054 589 1110 607 esse
1125 579 1174 607 tibi
1190 586 1311 608 auctores
1323 586 1348 608 et
1369 590 1460 608 causas
1474 580 1575 619 rapinae
1598 587 1623 608 et

881 623 1013 661 maritum,
1032 625 1113 653 timeo
1134 635 1167 653 ne
1181 625 1218 654 cis
1233 625 1357 664 priveris,
1380 632 1408 654 ιιι
1422 626 1467 663 qui
1480 626 1578 654 laedant
1599 633 1624 655 et

881 669 1050 700 insidientur.
1075 672 1148 699 Deus
1169 671 1246 700 dedit
1266 671 1316 699 tihi
1337 671 1410 699 filios
1424 678 1452 699 ut
1474 671 1513 699 tui
1530 682 1622 700 curam

881 723 974 754 gerant
989 717 1015 745 iu
1031 725 1174 755 senectute,
1188 725 1218 746 ut
1232 717 1362 746 virtutem
1375 724 1424 746 ate
1435 717 1550 746 discant.

920 763 949 792 4.
969 763 1037 792 Nam
1048 771 1188 804 propterea
1201 774 1283 803 genus
1291 763 1433 792 hominum
1446 763 1482 792 ita
1495 764 1567 792 Deus
1577 774 1624 792 vo-

881 807 932 837 luit
960 810 1122 845 consistere,
1143 810 1198 838 duo
1222 810 1340 838 maxima
1368 820 1519 849 apparaus:
1540 820 1624 838 uuum

881 854 999 892 quidem,
1009 862 1097 895 patres
1107 856 1251 894 magistros
1265 862 1291 884 et
1306 855 1428 883 doctores
1443 855 1624 892 constituens;

880 901 995 929 alterum
1009 908 1114 937 autem,
1130 911 1255 940 magnam
1270 902 1428 940 ingencrans
1443 901 1623 930 dilectionem.

880 947 909 977 Si
924 948 994 976 euim
1011 955 1109 976 temere
1121 948 1295 987 gignerentur
1310 948 1447 985 homines,
1465 947 1557 976 nullus
1570 948 1623 977 ad—

879 1004 971 1023 versus
985 994 1069 1022 alium
1081 994 1206 1022 affectum
1222 993 1339 1022 haberet.
1355 995 1424 1023 Nam
1441 994 1462 1022 si
1475 1004 1546 1022 nunc
1562 1005 1623 1023 cum

879 1041 931 1068 sint
945 1046 1033 1079 patres
1053 1047 1078 1068 et
1092 1040 1142 1068 filii
1158 1047 1182 1068 et
1200 1047 1325 1079 nepotes,
1348 1040 1427 1069 multi
1448 1040 1548 1069 multos
1570 1051 1622 1070 nou

879 1093 990 1120 curant,
1007 1086 1093 1114 multo
1117 1086 1203 1125 magis
1228 1093 1299 1114 tunc.
1326 1086 1468 1125 Propterea
1482 1086 1553 1115 filios
1572 1087 1622 1115 tibi

877 1132 951 1161 dedit
973 1133 1066 1160 Deus:
1084 1142 1116 1160 ue
1131 1142 1238 1160 accuses
1260 1142 1325 1170 ergo
1338 1132 1417 1160 filios.
1434 1132 1462 1160 Si
1486 1139 1575 1161 autem
1602 1133 1621 1161 ii

877 1179 976 1218 quihus
990 1186 1052 1207 suut
1064 1179 1114 1207 filii
1128 1202 1136 1216 ,
1153 1179 1255 1207 nullam
1277 1179 1377 1207 habent
1400 1179 1581 1208 defensionem
1596 1187 1622 1209 et

878 1227 1094 1262 excusationem,
1113 1227 1131 1255 ii
1147 1226 1193 1264 qui
1210 1227 1300 1255 nullos
1325 1226 1425 1256 habent
1437 1249 1444 1261 ‚
1458 1234 1483 1256 et
1499 1228 1621 1256 crucian-

878 1280 922 1302 tur
939 1273 965 1302 in
980 1272 1140 1311 colligendis
1152 1272 1270 1308 divitiis,
1284 1272 1415 1311 quidnam
1431 1273 1531 1301 habent
1547 1274 1621 1311 quod

877 1320 992 1348 dicant?
1008 1319 1061 1349 Sed
1081 1319 1100 1347 ii
1116 1329 1224 1357 quoqne
1244 1319 1337 1348 dicunt
1358 1319 1463 1357 aliquid
1480 1319 1552 1358 quod
1573 1331 1621 1349 ca-

877 1372 917 1394 ret
936 1365 1009 1393 omui
1034 1364 1195 1393 defensioue.
1212 1365 1352 1400 Quidnam
1374 1372 1463 1393 autem
1485 1366 1535 1394 hoc
1558 1366 1622 1395 est?

878 1412 915 1440 Ut
940 1421 989 1450 pro
1021 1410 1103 1446 filiis,
1125 1410 1232 1447 iuquit,
1255 1410 1448 1439 monimentum
1475 1411 1622 1440 habeamus

876 1456 995 1486 divitias.
1012 1456 1094 1484 Plane
1108 1466 1149 1484 res
1172 1462 1211 1483 est
1236 1455 1316 1484 valde
1338 1455 1462 1484 ridicula.
1480 1458 1531 1485 Pro
1547 1458 1622 1491 filiis,

876 1502 979 1540 inquit,
1006 1501 1104 1530 domus
1128 1500 1178 1529 erit
1199 1500 1358 1530 immortalis
1377 1503 1505 1531 memoria
1529 1503 1622 1541 gloria:

876 1560 949 1578 meae.
965 1549 1023 1577 Non
1046 1554 1098 1576 tuac
1121 1547 1224 1586 gloriae,
1242 1558 1257 1575 ο
1275 1547 1372 1584 homo,
1387 1548 1433 1577 sed
1454 1555 1506 1577 tuae
1528 1550 1621 1578 avari-

876 1595 919 1623 tice
949 1595 999 1623 erit
1026 1593 1166 1622 memoria.
1194 1594 1254 1622 Non
1282 1593 1359 1622 vides
1385 1594 1521 1632 quomodo
1551 1606 1621 1624 nunc

876 1640 954 1669 multi
985 1639 1127 1679 praeclaras
1158 1639 1253 1668 domos
1282 1639 1413 1668 obeuntes
1443 1640 1500 1669 haec
1525 1641 1621 1670 dicunt

876 1686 944 1715 inter
972 1697 1000 1715 se
1020 1698 1026 1714 z
1050 1686 1140 1720 Quam
1160 1685 1249 1714 multa
1272 1685 1321 1714 iste
1345 1685 1445 1714 nefarie
1468 1686 1621 1715 circumre—

875 1732 974 1762 niendo
995 1732 1138 1770 acquisivit
1151 1754 1159 1768 ,
1175 1742 1257 1770 quam
1279 1731 1364 1760 multa
1389 1733 1479 1771 rapuit
1494 1740 1523 1762 ut
1551 1733 1620 1762 lianc

875 1779 987 1808 domum
1010 1777 1176 1806 aedificaret?
1195 1784 1220 1806 et
1242 1788 1313 1806 nunc
1335 1778 1380 1806 ille
1401 1778 1509 1816 quidem
1534 1780 1619 1807 factus

875 1832 913 1853 est
934 1824 1025 1863 pulvis
1048 1830 1073 1852 et
1098 1823 1186 1856 ciuis;
1205 1823 1262 1862 ipsa
1283 1834 1347 1852 vero
1368 1823 1529 1852 hereditaria
1549 1833 1619 1854 sorte

874 1871 921 1900 alii
950 1870 1058 1909 obtigit.
1084 1871 1144 1898 Non
1173 1876 1224 1897 tuae
1250 1879 1314 1907 ergo
1344 1870 1451 1908 gloriae,
1478 1871 1524 1899 sed
1551 1883 1617 1900 ara-

875 1917 942 1946 riiiae
972 1915 1102 1954 relinquis
1130 1915 1295 1944 memoriam.
1323 1915 1358 1944 Et
1387 1927 1485 1955 corpus
1508 1917 1618 1955 quidem

874 1971 950 1992 tuum
963 1962 1039 1991 luuni
1051 1969 1089 1990 est
1100 1961 1238 1990 conditum
1250 1973 1257 1997 ;
1271 1961 1391 1990 avaritiae
1403 1969 1492 1990 autem
1510 1973 1615 1992 memo—

873 2010 960 2042 riam,
977 2019 1035 2046 quae
1057 2007 1235 2036 diuturnitate
1249 2007 1376 2046 temporis
1390 2008 1473 2036 latere
1493 2016 1616 2048 poterat,

873 2066 925 2085 non
940 2055 1014 2090 sinis,
1029 2053 1076 2082 sed
1092 2061 1120 2082 ut
1135 2060 1244 2082 eruatur
1254 2060 1280 2081 et
1289 2053 1433 2082 effodiatur
1445 2066 1492 2094 per
1504 2055 1615 2085 domum

872 2103 967 2132 efficis.
983 2100 1120 2136 Quamdiu
1134 2100 1205 2128 enim
1227 2110 1256 2128 ea
1273 2101 1374 2129 steterit
1387 2112 1401 2129 a
1418 2108 1442 2129 te
1453 2101 1553 2131 liabens
1567 2103 1615 2132 dc-

872 2148 1079 2178 nominationem
1089 2169 1097 2181 ,
1111 2153 1135 2175 et.
1150 2153 1195 2174 tua
1210 2156 1265 2174 esse
1284 2146 1408 2182 dicatur,
1423 2148 1501 2187 plane
1511 2159 1615 2178 necesse

870 2202 907 2223 est
922 2201 951 2223 ut
968 2193 1090 2222 omnium
1104 2203 1149 2222 ora
1165 2192 1295 2221 adversus
1306 2199 1332 2221 te
1343 2193 1396 2221 sint
1411 2201 1509 2233 aperta.
1528 2195 1615 2225 Vides

869 2241 942 2280 quod
958 2240 1053 2269 melius
1069 2240 1102 2268 sit
1117 2239 1185 2267 nihil
1197 2239 1295 2267 habere
1306 2262 1315 2273 ,
1333 2250 1412 2277 quani
1431 2241 1510 2269 talem
1532 2242 1614 2271 susti—

871 2298 932 2316 nere
942 2285 1159 2315 accusationem?
1180 2285 1214 2313 Et
1229 2285 1286 2313 hmc
1300 2285 1408 2324 quidem
1419 2286 1463 2315 hic
1477 2299 1482 2314 :
1499 2287 1555 2316 illic
1566 2299 1613 2316 au-

870 2341 922 2362 teui
936 2357 943 2367 ,
964 2332 1009 2361 dic
1022 2342 1129 2370 quaese,
1148 2330 1214 2369 qnid
1230 2331 1373 2366 faciemus,
1388 2339 1442 2361 tam
1465 2334 1613 2364 multorum

868 2377 1019 2407 dominium
1035 2376 1079 2404 hic
1094 2375 1228 2413 asscquuti
1244 2398 1251 2411 ‚
1267 2386 1301 2404 ex
1317 2375 1349 2404 iis
1359 2383 1448 2405 autem
1459 2388 1516 2415 qua:
1531 2377 1613 2407 habe-

869 2436 929 2454 iuus
945 2447 952 2461 ,
967 2424 1007 2453 vel
1027 2423 1094 2452 nihil
1118 2422 1159 2452 rel
1176 2432 1258 2461 pauca
1288 2422 1435 2452 admodum
1459 2423 1613 2464 impertiti?
