1893 2860
472 185 505 209 {N
534 185 643 208 El'lST.
674 183 719 206 ΑΙ)
746 183 864 206 EPHES·

105 247 276 287 ἐπιὸουλεῦῃ,
291 247 370 287 φησίς
384 247 424 276 Τὸ
438 245 532 281 ἀληθὲς
549 246 631 284 μάθε·
648 245 677 274 ἂν
697 245 748 284 γὰρ
770 245 878 274 ἐπιδου-

894 183 972 206 (ΣΛΡ.

1001 182 1049 205 IV·
1080 182 1199 205 nomn„
1230 182 1304 205 XIV.
1611 183 1676 217 110

935 244 1034 272 tionem
1049 255 1054 271 ι
1068 243 1130 273 vide
1147 254 1240 272 curam
1255 249 1281 272 et
1299 241 1498 282 providentiam
1515 253 1548 271 ex
1566 242 1679 271 veritate

105 301 167 336 λεύη
179 323 186 336 >
200 302 246 330 οὐκ
263 300 320 328 ἔστι
333 299 420 338 μέλος,
437 293 506 327 Eine
521 297 561 332 δὲ,
576 297 612 335 μὴ
626 297 751 336 ψεύδεσθε
765 297 830 336 πρὸς
846 296 878 325 τὰ
916 330 919 335 Γ
934 297 1032 327 ortam,
1045 290 1126 328 idque
1139 290 1221 319 alacri
1238 297 1264 319 et
1279 296 1396 329 promto,
1411 296 1440 318 ut
1455 289 1491 317 ita
1505 289 1606 325 dicam,
1622 290 1678 318 nni-

107 353 184 391 με’λη.
194 351 362 391 Ὀργίζεσθε,
376 350 421 379 καὶ
437 350 473 387 μὴ
489 349 740 388 ἁμαρτάνετε.”ορα
755 348 857 378 σύνεσιν
872 360 877 365 ·

106 405 151 433 καὶ
165 404 235 442 λέγει
255 403 326 435 ὅπως
349 402 386 440 μὴ
402 402 614 441 ἁμαρτήσωμεν,
629 401 674 430 καὶ
690 400 879 440 παρακούσαν-

106 468 153 489 τας
171 456 250 485 πάλιν
266 457 313 485 οὐκ
328 454 554 494 ἐγκαταλιμποὶνει
566 466 572 472 ·
592 455 620 482 οὐ
646 454 696 493 γὰρ
712 453 818 492 ἀφίησιν
834 454 879 481 αὐ-

106 512 152 538 τοῦ
165 508 199 538 τὰ
222 508 363 547 σπλάγχνα
388 507 421 536 τὰ
443 507 618 544 πνευματικά.
634 507 762 545 Καθάπερ
787 505 838 544 γὰρ
867 507 880 533 ὁ

108 561 195 600 ἰατρὸς
210 560 356 600 διαγορεύει
372 558 418 596 μὲν
433 558 466 587 τὰ
486 557 606 597 πρακτέα
620 559 657 596 τῷ
677 557 820 594 κάμνοντι,
835 555 880 584 καὶ

109 612 146 650 μὴ
161 611 342 651 ἀνασχομένου
362 610 388 638 δὲ
411 610 482 648 ὅμως
497 611 526 637 οὐ
549 612 722 647 καταφρονεῖ,
740 607 809 636 ἀλλὰ
831 607 879 642 τὴν

109 667 138 694 ἐκ
152 667 198 699 τῆς
213 667 317 696 πειθοῦς
331 663 442 699 εἰσάγων
459 661 625 699 συμὸουλὴν,
638 660 776 699 Θεραπεύει
786 660 880 695 πάλιν,

106 716 174 745 οὕτω
191 716 235 744 καὶ
250 718 263 743 ὁ
279 716 392 746 Παῦλος.
414 713 448 743 ‘O
467 713 514 750 μὲν
533 712 585 751 γὰρ
606 714 689 740 ἐκεῖνο
706 713 806 746 ποιῶν,
831 711 878 746 τὴν

108 768 183 801 δόξαν
199 767 276 805 μόνον
292 769 379 801 ζητεῖ,
394 766 439 794 καὶ
464 765 504 793 ὅτι
530 764 711 804 κατεφρονήθη
736 764 859 792 δάκνεται
872 776 878 782 ·

106 822 120 848 ὁ
134 820 161 848 δὲ
175 822 312 858 πανταχοῦ
328 818 376 853 τὴν
394 817 484 856 ὑγείαν
499 820 544 845 τοῦ
567 816 711 855 κάμνοντος
735 818 878 852 ἐπιζητῶν,

107 871 172 910 πρὸς
187 871 213 900 ἓν
229 875 305 900 τοῦτο
320 870 398 908 μόνον
412 872 477 909 δρᾷ,
502 869 572 902 ὅπως
598 869 734 908 ἀναστήσῃ
759 868 803 897 τὸν
826 868 880 897 κεί-

109 935 196 961 μενον.
214 923 300 952 Τοῦτο
322 922 368 951 καὶ
383 924 396 950 ὁ
423 922 529 955 Παῦλος
553 925 630 950 ποιεῖ.
648 916 729 956 Eine,
755 921 792 959 μὴ
819 920 882 959 ψει]-

109 976 184 1004 δεσθε
197 987 202 992 ·
217 976 240 1003 εἷ
252 974 280 1003 δέ
291 986 354 1003 ποτε
364 974 465 1012 γένοιτο
477 973 529 1002 ἀπὸ
541 973 650 1012 ψεύδους
660 972 735 1012 ὀργὴ,
746 972 791 1001 καὶ
804 975 881 1000 τοῦτο

111 1027 249 1067 θεραπεύει
261 1027 353 1055 πάλιν.
367 1026 403 1055 Τι’
416 1026 468 1065 γάρ
485 1038 580 1064 φησινς
597 1025 765 1064 Ὀργίζεσθε,
782 1024 826 1052 καὶ
842 1024 879 1061 μὴ

109 1079 284 1119 ἁμαρτάνετε.
302 1079 389 1107 Καλὸν
406 1078 452 1116 μὲν
474 1077 567 1116 γὰρτὸ
583 1077 620 1115 μὴ
635 1076 783 1116 ὀργίζεσθαι
794 1088 800 1093 ·
817 1078 839 1104 εἰ
854 1075 881 1104 δέ

107 1144 147 1164 τις
159 1131 271 1169 ἐμπέσοι
285 1130 348 1160 ποτὲ
362 1131 398 1162 εἷς
408 1130 438 1159 τὸ
452 1130 543 1164 πάθος,
560 1129 628 1158 ἀλλὰ
641 1128 678 1167 μὴ
696 1130 731 1161 εἷς
745 1131 878 1157 τοσοῦτον.

108 1183 142 1212 Ὁ
157 1183 229 1218 ἥλιος
254 1183 318 1222 γὰρ,
336 1182 414 1221 φησί,
431 1182 467 1219 μὴ
493 1181 623 1210 ἐπιδυέτω
649 1181 692 1210 ἐπὶ
718 1182 756 1220 τῷ
778 1192 880 1220 παρορ-

107 1237 196 1275 γισμῷ
217 1237 300 1273 ὑμῶν.
319 1234 411 1263 Βούλει
426 1237 473 1269 τῆς
493 1236 572 1273 ὀργῆς
585 1234 788 1271 ἐμπλησθῆναις
806 1234 881 1270 ἀρκεῖ

108 1298 149 1315 σοι
164 1286 212 1324 μία
227 1286 283 1326 ὥρα
298 1286 343 1315 καὶ
365 1286 472 1325 δευτέρα
494 1286 539 1314 καὶ
559 1285 650 1324 τρίτη·
668 1284 704 1322 μὴ
725 1283 880 1312 καταλιπὼν

107 1338 214 1378 ἐχθροὺς
228 1340 297 1376 ὑμᾶς
311 1339 324 1366 ὁ
336 1337 409 1372 ἥλιος
425 1337 542 1366 ἀπέλθοι.
562 1337 625 1366 Ἀπὸ
647 1335 808 1374 ἀγαθότητος
823 1335 881 1364 ἀνέ-

105 1392 191 1426 τειλε,
206 1390 243 1428 μὴ
257 1389 414 1429 ἀπερχέσθω
432 1391 466 1422 εἷς
484 1389 603 1423 ἀναξίους
617 1388 735 1427 λάμψας.
749 1389 783 1416 Ei
801 1387 852 1426 γὰρ
868 1389 881 1415 ὁ

107 1442 245 1477 Δεσπότης
259 1442 336 1470 αὐτὸν
351 1441 402 1470 ἀπὸ
414 1441 514 1476 πολλῆς
528 1440 689 1479 ἀγαθότητος
701 1439 804 1479 ἔπεμψε
814 1463 821 1476 ,
836 1439 881 1467 καὶ

108 1493 184 1527 αὐτὸς
199 1493 246 1532 μὲν
262 1493 348 1532 ἀφῆκέ
363 1504 404 1522 σοι
419 1493 452 1521 τὰ
468 1493 659 1531 ἁμαρτήματα,
673 1491 703 1520 σὺ
719 1491 746 1520 δὲ
760 1493 798 1530 τῷ
812 1492 881 1526 πλη-

107 1545 163 1574 σίον
185 1547 232 1574 οὐκ
253 1545 349 1584 ἀφίης,
370 1544 419 1584 ὅρα
434 1545 514 1574 πόσον
539 1544 569 1573 τὸ
587 1543 678 1573 κακόν.
693 1543 746 1573 Καὶ
769 1543 833 1572 ἄλλο
855 1543 882 1572 δὲ

108 1598 177 1637 μετὰ
191 1597 283 1627 τούτου
295 1609 302 1615 ·
320 1598 419 1627 δέδοικε
433 1597 481 1633 τὴν
493 1597 574 1626 νύκτα
588 1599 602 1625 ὁ
615 1596 745 1636 μακάριος
759 1597 881 1632 Παῦλος,

107 1649 146 1688 μὴ
167 1649 286 1679 λαθοῦσα
306 1650 347 1679 ἐπ’
362 1649 474 1689 ἐρημίας
495 1649 539 1678 τὸν
561 1648 720 1687 ἠδικημένον
727 1671 735 1685 ,
759 1648 798 1677 ἔτι
821 1649 882 1687 φλε-

109 1702 254 1741 γμαίνοντα
267 1702 406 1741 ἄνακαύσῃ
421 1702 451 1731 τὸ
463 1705 524 1741 πῦρ.
536 1701 610 1734 Ἕως
623 1701 670 1740 μὲν
683 1700 734 1740 γὰρ
751 1700 781 1728 ἂν
796 1699 883 1729 πολλὰ

108 1754 237 1794 ἐκκρούῃ,
253 1756 301 1789 τῆς
314 1755 416 1794 ἡμέρας
436 1755 530 1790 οὔσης,
543 1754 626 1787 ἔξεστί
638 1766 678 1783 σοι
695 1754 865 1792 ἐμφορεῖσθαι
876 1764 882 1770 ·

109 1806 171 1836 ὅταν
186 1806 213 1835 δὲ
233 1806 327 1844 μέλλοι
351 1806 451 1846 ἑσπέρα
472 1806 607 1845 γίνεσθαι,
629 1805 813 1835 καταλλάττοι)
838 1805 883 1834 καὶ

107 1859 258 1898 πρόσφατον
274 1859 368 1888 σέέσον
382 1860 412 1888 τὸ
424 1860 514 1888 κακόν.
525 1858 572 1888 Ἂν
587 1858 639 1898 γὰρ
651 1857 695 1891 νὺξ
710 1857 881 1893 ἐπιλάὸηται,

105 1911 151 1939 οὐκ
166 1910 272 1950 ἀρκέσει
285 1913 302 1945 ἡ
321 1910 388 1948 μετὰ
402 1913 485 1939 ταῦτα
499 1909 587 1950 ἡμέρα
601 1910 632 1939 τὸ
646 1909 775 1948 συναχθὲν
795 1909 841 1938 καὶ
854 1910 880 1938 ἐν

105 1964 138 2000 τῇ
153 1962 228 1990 νυκτὶ
255 1962 350 1991 σὸέσαι
366 1962 447 1991 κακόν
457 1974 463 1980 ·
480 1962 548 1991 ἀλλὰ
566 1962 614 1990 κᾶν
629 1961 659 1990 τὸ
673 1961 753 1990 πλέον
768 1961 881 1990 ῧὺποτέ-

107 2026 169 2053 μῃς,
183 2014 213 2042 τὸ
228 2013 255 2043 δὲ
271 2014 330 2043 ὅλον
347 2014 384 2052 μὴ
397 2015 522 2053 δυνηθῇς,
538 2015 618 2043 πάλιν
634 2013 740 2042 δίδωσιν
760 2013 812 2042 ἀπὸ
834 2016 880 2042 τοῦ

107 2067 304 2105 ὑπολειφθέντος
318 2067 350 2104 τῇ
365 2066 475 2103 ἐπιούσῃ
487 2065 560 2093 νυκτὶ
575 2064 750 2104 σφοδροτέραν
766 2064 879 2103 ἐργάσα-

106 2120 166 2146 σθαι
181 2117 228 2153 τὴν
240 2117 334 2156 πυράν.
351 2117 403 2146 Καὶ
418 2117 538 2155 καθάπερ
551 2119 564 2145 ὁ
578 2117 662 2152 ἥλιος,
678 2116 708 2144 ἂν
722 2116 751 2145 τὸ
765 2116 878 2155 νεφωθὲν

106 2169 151 2198 καὶ
170 2169 306 2198 πυκνωθὲν
329 2173 374 2198 τοῦ
397 2169 472 2208 ἀέρος
491 2168 535 2197 διὰ
550 2170 596 2202 τῆς
611 2168 701 2200 νυκτὸς
726 2168 763 2205 μὴ
779 2168 877 2207 ἀρκέσῃ

367 2222 378 2249 J
394 2221 413 2238 't
494 2221 500 2230 ⁸
518 2222 532 2249 δ
614 2221 626 2230 >⁸
637 2219 643 2229 s
719 2219 730 2237 ,¹
770 2232 775 2236 .
814 2222 822 2232 c
858 2220 863 2228 ¹

330 2233 366 2249 υ.α
378 2233 443 2254 ,αςαι
458 2233 504 2249 και
536 2231 690 2249 ιασκεοασαι
703 2222 797 2259 θερμῃ,
812 2232 877 2248 υπο·

105 2223 138 2260 τῇ
152 2223 316 2260 καθημερινῇ
329 2248 334 2259 γ

106 2275 176 2302 θεσιν
190 2274 319 2312 χειμῶνος
335 2272 499 2313 παρέχεται,
516 2275 564 2308 τ’ῆς
579 2272 670 2305 νυκτὸς
685 2271 880 2310 ἐπιλαέομένης

107 2327 152 2353 τοῦ
180 2324 319 2363 λειψάνου,
343 2325 388 2353 καὶ
418 2325 497 2353 πάλιν
526 2325 588 2353 αὐτὸ
612 2323 757 2364 τρεφούσης
782 2323 880 2363 ἑτέροις

914 335 923 348 ⁴

896 357 915 378 A

898 881 914 904 B

897 1347 915 1370 C

935 347 987 365 mo.
1002 337 1042 364 lta
1063 346 1110 364 nos
1124 346 1230 374 quoque
1244 346 1276 364 ne
1297 335 1459 364 mentiamur
1474 345 1521 364 nec
1541 335 1678 369 fallamus,

934 383 956 411 si
969 393 1062 410 sumus
1072 382 1140 410 alter
1151 381 1260 410 alterius
1274 381 1405 410 membra.
1419 381 1477 409 Hoc
1493 387 1531 409 est
1546 379 1678 409 indicium

934 428 1057 456 amicitia·
1067 438 1074 464 3
1086 428 1250 456 contrarium
1261 434 1360 463 antem,
1383 427 1596 456 inimicitiarum.
1605 426 1680 461 Quid

935 484 1009 508 vero,
1027 473 1126 511 inquit,
1141 473 1164 501 si
1186 472 1328 501 insidietur
1340 473 1353 500 ,⁰
1366 472 1448 507 Quod
1466 483 1562 501 verum
1577 479 1615 500 est
1635 471 1681 500 di-

934 530 977 547 sce
990 531 996 546 ε
1008 530 1071 547 nam
1092 519 1114 547 si
1133 518 1287 555 insidietur,
1303 529 1356 546 non
1370 525 1408 546 est
1426 518 1588 546 membrum.
1602 517 1681 546 Dixit

933 570 1033 600 autem,
1045 564 1083 592 Ne
1098 564 1266 592 mentiamini
1283 564 1414 591 adversus
1428 563 1557 592 membra.
1574 565 1680 592 Irasci-

935 611 1026 643 mini,
1046 615 1074 636 et
1097 609 1187 636 nolite
1208 618 1340 646 peccare.
1356 608 1429 637 Vide
1450 608 1606 647 sapientiam
1624 620 1629 635 ε
1655 615 1680 637 et

934 655 1000 684 dicit
1014 655 1149 694 quomodo
1162 666 1213 683 non
1229 665 1379 694 peccemus,
1391 662 1416 683 ct
1429 665 1472 683 eos
1487 655 1532 693 qui
1546 666 1596 683 non
1613 656 1678 683 obe-

933 701 1034 730 dierint
1056 711 1151 730 rursus
1174 711 1225 729 non
1250 700 1465 738 relinquitxnon
1491 701 1563 729 enim
1584 700 1679 729 dimit-

934 748 966 776 tit
989 747 1090 776 viscera
1115 757 1163 775 sna
1188 746 1349 786 spiritualia.
1367 746 1444 774 Sicut
1467 747 1538 774 enim
1561 746 1679 775 medicus

934 801 1033 833 aegroto
1050 793 1160 832 quidem
1178 793 1243 822 dicit
1259 803 1318 831 quae
1337 799 1400 821 sunt
1422 792 1545 831 agenda3
1565 792 1638 830 quod
1657 793 1680 820 si

934 840 980 868 ille
1000 847 1028 868 ut
1046 851 1076 868 ea
1089 839 1169 868 faeiat
1188 849 1241 868 non
1258 839 1425 875 sustinuerit,
1441 849 1493 867 non
1508 845 1595 867 tamen
1617 849 1679 867 euin

933 886 1056 926 despicit,
1073 885 1119 915 sed
1145 884 1330 925 persuadendo
1353 884 1486 913 adhibens
1516 885 1678 922 consilium,

935 943 1027 962 rursus
1051 939 1146 962 curat:
1167 932 1203 960 ita
1224 932 1305 960 etiam
1317 931 1428 960 Paulus.
1446 932 1514 960 Nam
1538 931 1585 969 qui
1611 931 1681 960 illud

934 979 1044 1017 quidem
1062 978 1135 1014 facit,
1149 988 1245 1017 nempe
1261 977 1307 1016 qni
1322 977 1445 1016 despicit,
1459 977 1572 1016 gloriam
1591 978 1678 1006 solum

937 1026 1045 1064 quaerit,
1066 1032 1091 1053 et
1115 1035 1185 1063 aegre
1207 1024 1258 1052 fert
1283 1023 1355 1062 quod
1377 1023 1412 1052 sit
1439 1030 1605 1052 contemtus:
1634 1024 1681 1061 qui

936 1079 1024 1101 autem
1048 1082 1152 1111 semper
1172 1070 1270 1109 quaerit
1289 1070 1430 1098 sanitatem
1457 1070 1615 1104 laborantis,
1630 1070 1681 1098 hoc

935 1129 1019 1147 unum
1040 1118 1128 1146 solum
1153 1123 1253 1156 spectat
1276 1123 1307 1144 ut
1324 1117 1458 1155 jacentem
1477 1116 1610 1144 restituat.
1624 1116 1680 1144 {loc

934 1174 1041 1202 quoque
1064 1163 1127 1191 facit
1147 1162 1247 1190 Paulus
1270 1161 1370 1197 dicem,
1391 1162 1482 1190 Nolite
1506 1161 1634 1190 mentiri:
1659 1162 1682 1190 si

933 1209 1042 1248 quando
1057 1216 1146 1237 autem
1162 1216 1222 1237 orta
1233 1208 1268 1236 sit
1283 1207 1322 1236 ira
1337 1218 1372 1236 ex
1388 1207 1536 1243 mendacio,
1549 1207 1600 1236 hoc
1616 1218 1681 1246 quo-

934 1267 986 1294 qne
1003 1266 1095 1283 rursus
1110 1261 1194 1283 curat.
1210 1253 1285 1290 Quid
1300 1254 1371 1282 enim
1393 1253 1482 1282 dicit?
1498 1255 1678 1291 Irascimini,

934 1310 961 1331 et
981 1304 1071 1331 nolite
1085 1313 1215 1341 peccare.
1231 1302 1336 1330 Bonum
1357 1308 1396 1330 est
1415 1301 1486 1330 enim
1507 1312 1559 1330 non
1577 1302 1677 1339 irasci3

934 1349 981 1378 sed
1001 1350 1024 1378 si
1045 1350 1105 1388 quis
1124 1347 1271 1386 aliquando
1291 1348 1318 1376 in
1338 1358 1396 1376 eam
1414 1347 1539 1376 inciderit
1558 1349 1678 1387 culpam,

934 1406 967 1424 ne
988 1403 1075 1424 tamen
1095 1394 1130 1424 sit
1148 1394 1286 1423 diuturna.
1301 1394 1362 1429 Sol,
1377 1394 1474 1432 inquit,
1490 1404 1550 1421 non
1567 1395 1681 1422 occidat

934 1453 1019 1481 super
1043 1442 1228 1470 iracundiam
1253 1447 1395 1470 vestram.
1412 1440 1464 1469 Vis
1488 1439 1527 1468 ira
1549 1440 1681 1479 impleri?

936 1488 1038 1516 sufficit
1056 1487 1106 1516 tibi
1124 1497 1176 1516 una
1196 1488 1260 1516 hora
1281 1493 1306 1515 et
1325 1487 1408 1515 altera
1428 1493 1453 1514 et
1470 1485 1566 1522 tertia;
1583 1497 1615 1514 ne
1634 1497 1681 1515 vo-

934 1534 976 1563 bis
999 1534 1100 1563 relictis
1118 1534 1235 1563 inimicis
1252 1533 1292 1562 sol
1310 1532 1425 1563 recedat.
1440 1534 1523 1562 Ortus
1539 1541 1577 1562 est
1596 1545 1611 1562 a
1631 1533 1680 1562 bo-

934 1580 1040 1609 nitate:
1058 1591 1090 1608 ne
1113 1579 1219 1608 recedat
1242 1589 1304 1608 cum
1327 1578 1431 1608 luxerit
1452 1579 1525 1618 apud
1544 1579 1679 1619 indignos.

935 1627 1005 1655 Nam
1020 1625 1042 1654 si
1054 1626 1186 1654 Dominus
1209 1635 1270 1654 enm
1291 1625 1366 1654 misit
1385 1636 1420 1654 ex
1442 1625 1526 1654 multa
1551 1625 1681 1662 bonitate,

935 1679 960 1701 et
980 1679 1088 1712 peccata
1110 1671 1161 1700 tibi
1179 1671 1292 1707 remisit,
1308 1678 1338 1700 tu
1363 1678 1452 1700 autem
1474 1671 1601 1711 proximo
1628 1683 1680 1701 non

935 1719 1062 1755 remittis,
1072 1718 1136 1747 vide
1149 1724 1280 1756 quantum
1299 1717 1333 1746 sit
1353 1717 1464 1746 malum.
1478 1718 1547 1746 Cum
1561 1718 1612 1747 hoc
1628 1730 1681 1747 au-

937 1772 989 1794 tem
1011 1765 1083 1794 malo
1106 1771 1145 1794 est
1161 1764 1237 1793 aliud
1256 1775 1380 1803 quoque:
1398 1764 1471 1793 timet
1486 1765 1596 1801 Paulus,
1605 1776 1637 1795 ne
1658 1767 1680 1795 si

938 1822 993 1840 nox
1016 1822 1078 1839 eum
1099 1811 1147 1849 qni
1170 1817 1209 1839 est
1232 1810 1331 1849 injuria
1353 1811 1465 1839 affectus
1488 1811 1515 1839 in
1536 1811 1681 1840 solitudine

935 1858 1067 1887 invenerit
1095 1857 1304 1892 inflammatum,
1321 1857 1411 1896 ignem
1441 1858 1580 1886 accendat.
1610 1859 1678 1886 Nam

934 1904 1078 1943 quamdiu,
1091 1903 1158 1931 dum
1174 1909 1213 1931 est
1232 1903 1300 1941 dies,
1314 1903 1399 1931 multa
1419 1904 1535 1939 excutis,
1546 1903 1608 1932 licet
1631 1904 1680 1932 tibi

934 1950 1061 1979 exsatiari
1073 1961 1080 1976 :
1091 1949 1200 1988 quando
1215 1957 1305 1977 autem
1322 1955 1434 1977 ventura
1451 1956 1489 1978 est
1504 1960 1625 1988 vespera,
1641 1960 1680 1978 re-

934 1996 1086 2030 conciliare,
1099 2002 1124 2024 et
1135 2005 1225 2023 recens
1237 1994 1340 2022 malum
1349 1994 1498 2034 exstingue.
1509 1996 1577 2024 Nam
1589 1995 1610 2023 si
1625 2006 1681 2024 nox

934 2041 1152 2082 apprehenderit,
1169 2050 1221 2068 non
1239 2040 1336 2079 poterit
1359 2039 1417 2068 dies
1438 2050 1562 2078 sequens,
1577 2041 1679 2070 malum

934 2095 1015 2117 noctu
1040 2097 1147 2125 quoqne
1168 2093 1291 2115 coactum
1317 2093 1342 2114 et
1362 2093 1555 2125 congregatum
1576 2087 1679 2116 exstin-

936 2133 1091 2173 guere53ed
1117 2132 1221 2161 etiamsi
1241 2133 1370 2171 majorem
1391 2139 1494 2172 partem
1516 2133 1680 2170 reweneris,

935 2187 1022 2209 totum
1037 2187 1124 2208 autem
1147 2190 1201 2208 non
1217 2179 1314 2218 possis,
1327 2179 1374 2207 dat
1388 2190 1480 2208 rursus
1495 2180 1614 2218 sequenti
1633 2191 1681 2210 no-

936 2227 970 2255 cti
983 2237 1016 2255 ex
1027 2236 1056 2254 eo
1067 2225 1140 2264 quod
1152 2231 1190 2253 est
1198 2225 1320 2253 relictum
1334 2225 1461 2264 majorem
1475 2236 1569 2265 rogum
1583 2226 1680 2255 sacien-

934 2276 1020 2305 dum:
1042 2281 1068 2303 et
1090 2275 1159 2303 sicut
1176 2274 1226 2312 sol,
1249 2274 1271 2302 si
1293 2273 1367 2312 quod
1385 2280 1424 2302 est
1443 2274 1511 2303 aeris
1529 2274 1555 2302 in
1581 2274 1680 2303 nubem

935 2333 1056 2355 coactum
1071 2332 1095 2354 et
1110 2325 1301 2355 condensatum
1320 2335 1368 2364 pei·
1385 2331 1500 2360 noctem,
1515 2336 1567 2354 non
1583 2332 1680 2364 potue-

109 2377 201 2414 ἀτμοῖς
212 2388 218 2393 ·
233 2376 302 2405 οὕτω
313 2377 358 2405 καὶ
379 2377 422 2405 ἐπὶ
436 2378 483 2411 τῑζς
497 2378 586 2414 ὀργῆς.
609 2376 687 2411 Μήτε
702 2376 787 2404 δίδοτε
801 2376 879 2405 τόπον
901 2384 918 2406 Ε
936 2376 971 2404 rit
992 2376 1078 2404 calore
1102 2375 1200 2404 diurno
1220 2375 1326 2404 mollire
1349 2381 1374 2402 et
1395 2373 1558 2414 dispergere,
1575 2375 1680 2403 occasio

107 2429 145 2466 τῷ
161 2427 284 2467 διαὸόλῳ.
296 2428 381 2457 “state
396 2429 426 2457 τὸ
439 2429 569 2464 ἀλλήλους
579 2429 718 2466 πολεμεῖν,
734 2427 813 2456 τόπον
826 2427 881 2457 ἐστὶ

937 2427 1071 2467 praebetur
1092 2425 1263 2466 tempestatis,
1276 2426 1343 2454 dum
1364 2436 1419 2455 nox
1441 2426 1568 2465 reliquias
1585 2437 1681 2466 appi-e-

141 2547 150 2557 ·
169 2537 263 2571 [Mai-g.
277 2538 355 2564 savit.
373 2542 474 2572 ὑποτέμῃ
486 2560 492 2569 ,
508 2547 530 2564 et
548 2548 605 2564 mox
619 2542 708 2573 Banofa.
724 2540 800 2564 Recte
813 2542 913 2571 ὑποτέμη
922 2557 929 2569 ,
940 2540 983 2564 sed
997 2541 1030 2564 ita
1044 2546 1069 2564 ιιι
1081 2538 1112 2563 de
1125 2538 1233 2564 secunda
1245 2547 1350 2571 persona
1361 2538 1522 2572 accipiatur.J
