1893 2860
88 1521 190 1549 Philipp.
205 1519 227 1540 3.

91 1743 148 1763 Rom
169 1742 233 1765 3-23.

235 164 325 198 65311

236 246 295 264 sum
315 235 450 272 loquimur
473 239 498 261 et
515 232 549 260 de
563 232 716 261 remissione
737 238 905 271 pcccatorum
925 240 972 271 per

236 281 306 310 illud
323 281 391 308 facta
401 301 408 316 ,
419 278 561 313 Quomodo
572 299 579 312 ,
594 278 728 316 inquiunt,
744 278 802 306 baec
816 283 877 305 sunt
890 276 973 315 digna

236 328 305 361 Deo,
320 326 342 353 ci
358 325 403 362 qui
419 324 558 352 innumera
578 324 648 352 mala
669 323 795 363 patrarit,
808 329 913 362 peccata
929 332 972 350 re-

237 370 361 400 mittere?
374 369 473 399 Viden’
502 379 655 408 perversam
684 376 798 397 mentem
807 391 814 404 ,
838 367 973 406 quomodo

235 418 334 455 ubique
351 426 427 444 suam
442 416 534 443 efferat
553 414 770 444 contentionem?
784 414 867 452 Atqui
886 414 909 442 si
928 424 973 442 re-

235 462 327 491 missio
340 468 379 490 est
393 461 473 495 mala,
490 460 594 499 punitio
605 467 644 488 est
655 460 725 488 bona
739 471 745 486 :
758 459 780 488 si
795 466 882 487 autem
896 459 974 498 puni-

236 508 272 536 tio
290 517 342 536 non
361 507 428 535 bona
444 513 498 542 est,
514 505 634 535 remissio
654 513 693 534 est
706 506 773 534 bona
796 518 802 534 :
826 504 973 533 secundum

235 563 327 582 eorum
341 552 497 581 sententium
511 551 572 580 dico
585 563 594 589 3
609 552 756 581 secundum
771 557 889 580 nostram
903 551 973 579 enim

236 606 347 636 utraque
359 598 428 626 bona
439 604 478 626 est
485 609 493 635 ;
507 604 532 625 et
543 596 685 635 quomodo,
696 597 749 625 alio
760 603 877 636 tempore
888 602 974 624 osten-

235 643 340 680 demus,
355 653 440 682 neque
458 643 528 671 euim
543 643 569 672 in
590 642 714 681 praesenti
730 643 800 671 licet.
818 643 886 672 Cum
905 642 975 670 enim

236 688 399 728 profundum
413 689 464 722 sit,
480 695 505 716 et
518 688 601 716 multa
615 699 681 727 opus
695 688 791 716 habeat
803 687 975 725 disquisitio-

236 745 285 770 ne,
305 744 352 763 suo
371 740 488 772 tempore
507 733 536 761 id
549 740 641 761 vestra)
657 733 760 761 caritati
772 731 976 771 proponendum

235 780 284 808 erit
297 791 303 808 :
314 779 420 808 interim
438 789 502 807 vcro
520 789 576 807 rem
597 779 761 817 propositam
776 788 974 816 persequamur.

236 825 349 853 Fidelis
370 834 474 857 sermo,
490 823 586 861 iuquit.
604 823 683 851 Unde
703 823 812 851 fidelis?
828 823 863 851 Et
875 834 888 851 a
903 833 975 861 prte-

235 870 391 898 cedentibus
405 875 430 897 et
445 880 458 897 a
474 868 653 906 sequentibus.
675 868 746 897 Vide
764 867 898 906 quomodo
921 878 976 896 rem

235 917 313 954 prius
328 915 464 953 disponat,
478 920 502 941 et
517 920 656 952 postquam
669 913 813 952 disposuit,
830 913 905 942 illam
920 919 978 941 tra-

234 967 295 988 ctet.
311 960 379 988 Nam
396 970 457 988 cum
470 959 541 987 dixit
555 959 633 987 illum
650 959 691 987 sui
704 958 852 997 blasphemi
868 965 894 987 et
910 969 976 997 per-

234 1005 381 1043 sequutoris
401 1004 542 1033 misertum
568 1014 624 1032 esse
637 1026 644 1040 ,
672 1004 722 1032 hoc
748 1004 922 1042 przeparantis
951 1011 976 1032 et

233 1050 400 1090 disponentis
416 1057 480 1080 erat.
498 1050 590 1087 Neque
609 1056 711 1078 tantum
731 1049 856 1077 misertus
869 1055 917 1085 est,
929 1049 975 1078 in-

234 1095 305 1132 quit,
319 1094 368 1123 sed
388 1094 469 1123 etiam
484 1093 593 1122 fidelem
608 1093 669 1122 secit
681 1093 724 1122 :in
739 1100 853 1129 tantum,
869 1092 973 1130 inquit,

235 1140 303 1169 fides
323 1140 442 1179 neganda
464 1149 516 1168 non
538 1138 664 1177 estquod
684 1139 808 1168 misertus
829 1139 873 1168 sit.
892 1139 977 1168 Nemo

236 1185 307 1213 enim
320 1185 414 1213 videns
431 1195 505 1221 eum,
520 1184 568 1222 qui
583 1184 610 1212 in
624 1184 740 1213 vinculis
754 1184 851 1220 fuerat,
863 1184 891 1212 in
903 1184 977 1222 regia

235 1230 345 1267 versari,
356 1229 493 1258 dubitabit
505 1229 571 1267 quin
588 1229 632 1257 ille
644 1229 857 1258 misericordiam
868 1229 902 1257 sit
916 1239 978 1257 eon-

237 1283 364 1314 sequutus
376 1287 381 1303 :
393 1275 421 1303 id
438 1275 511 1313 quod
528 1275 555 1303 in
570 1275 653 1303 Paulo
667 1274 758 1304 videre
773 1282 837 1304 erat.
850 1276 873 1303 A
891 1275 978 1314 seipso

237 1321 308 1349 enim
319 1328 506 1359 argumentum
515 1320 632 1355 exhibet,
641 1331 688 1349 nec
696 1320 847 1360 pudeteum
854 1331 881 1349 se
891 1320 979 1349 dicere

241 1373 415 1405 peecatorem,
431 1365 478 1394 sed
495 1373 521 1394 et
540 1366 626 1404 magis
640 1366 762 1394 laetatur:
777 1366 813 1395 ita
833 1365 904 1394 enim
920 1376 979 1393 ma—

240 1412 312 1440 xime
323 1418 408 1450 potest
423 1410 562 1439 ostendere
571 1410 760 1439 admirandam
781 1409 979 1449 providentiam

241 1457 301 1491 Dei,
313 1456 385 1494 quod
400 1462 472 1484 tanta
486 1455 613 1494 dignatus
625 1456 659 1484 sit
673 1455 845 1493 benignitate.
860 1455 895 1484 Et
909 1465 979 1492 quo—

241 1503 319 1532 modo
326 1503 372 1541 qui
381 1503 446 1531 alibi
455 1502 488 1531 de
497 1513 524 1531 se
531 1503 648 1540 dixerut,
655 1503 979 1541 Secundumjustitiam,

242 1560 306 1588 quae
327 1551 359 1577 in
380 1549 442 1587 lege
460 1555 514 1584 est,
534 1550 597 1576 sine
616 1548 735 1586 querela
749 1549 866 1586 factus,-
886 1547 931 1575 hie
953 1557 980 1575 sc

242 1601 405 1633 peccatorem
423 1593 508 1629 dicit,
528 1600 554 1621 et
578 1600 747 1632 peccatorum
765 1593 893 1632 primum.
911 1593 981 1627 Quia

243 1640 276 1668 ad
285 1639 418 1678 justitiam
430 1649 510 1677 quam
526 1640 599 1667 Deus
611 1646 735 1678 operatus
748 1645 797 1673 est,
811 1646 836 1667 et
849 1649 907 1676 quae
923 1648 983 1667 vere

244 1685 390 1723 quaeritur,
405 1691 555 1724 peccatores
571 1691 645 1712 erant
659 1685 707 1721 qui
720 1684 748 1712 in
765 1684 822 1722 lege
842 1684 962 1714 viverent
975 1695 982 1711 :

248 1733 353 1759 Omnes
365 1733 442 1758 enim
452 1740 540 1767 pecca
546 1736 658 1765 verunt,
674 1736 702 1758 et
715 1737 798 1768 egent
809 1730 904 1768 gloria
915 1731 981 1758 Dei.

247 1776 309 1805 Ideo
324 1786 377 1804 non
391 1775 548 1814 simpliciter
564 1775 635 1803 dixit
645 1775 790 1814 justitiam,
801 1775 856 1811 sed,
871 1776 941 1813 Quoe
954 1777 986 1804 in

575 173 605 196 S.
633 172 772 195 JOANMS
798 170 978 194 citnx'SOS'r.
1008 169 1161 193 Anctssm’.
1185 171 1451 195 CONSTANTINOP-

1026 231 1105 259 πάλιν
1131 232 1216 263 αὐτοῖς
1238 231 1418 269 διαλεγώμεθα
1436 231 1480 260 καὶ
1499 232 1545 266 τῆς
1565 229 1607 259 διὰ
1629 229 1720 258 τούτου
1736 229 1786 258 τῶν

1027 276 1225 315 ἁμαρτημάτων
1246 275 1361 314 ἀφέσεως
1376 298 1384 313 ,
1413 279 1462 305 ποῦ
1491 279 1594 311 ταῦτα,
1615 275 1707 314 φασὶν,
1730 274 1790 308 ἄξια

1027 325 1113 358 Θεοῧ,
1142 322 1186 351 τὸν
1210 321 1291 361 μυρία
1316 321 1492 360 ἐργασάμενον
1517 322 1586 351 κακὰ
1614 321 1717 361 ἀφιέναι
1739 322 1791 348 τῶν

1029 367 1243 406 ἁμαρτημάτων,
1254 366 1336 405 Ὁρᾷς
1349 366 1397 401 τὴν
1410 367 1591 406 ἐνδιάστροφον
1600 366 1718 406 γνώμην,
1735 367 1792 397 πῶς

1028 416 1163 452 πανταχοῦ
1182 412 1229 447 τὴν
1253 411 1350 440 οἷκείαν
1369 412 1527 441 ἐνδείκνυται
1541 412 1717 452 φιλονεικίαν;
1740 411 1792 440 Καὶ

1030 458 1082 496 μὴν
1097 460 1119 487 εἰ
1132 461 1148 494 ἡ
1161 458 1251 496 ἄφεσις
1265 456 1361 492 κακὸν,
1374 456 1452 485 καλὸν
1471 459 1488 492 ἡ
1507 457 1627 490 κόλασις·
1640 459 1663 486 εἷ
1677 457 1704 486 δὲ
1715 459 1732 491 ἡ
1748 455 1792 485 κό-

992 510 1010 532 C
1029 507 1104 537 λασις
1115 506 1143 533 οὗ
1155 503 1276 539 καλὸν,ἡ
1298 503 1388 542 ἄφεσις
1412 502 1505 531 καλόν·
1527 502 1594 530 κατὰ
1617 502 1660 531 τὸν
1686 501 1790 531 ἐκείνων

1029 551 1097 590 φημὶ
1110 550 1198 588 λόγον·
1214 549 1283 578 κατὰ
1296 548 1348 587 γὰρ
1368 547 1411 576 τὸν
1422 547 1549 586 ἡμέτερον
1558 548 1691 587 ἀμφότερα
1705 547 1774 576 καλά
1785 558 1791 563 ·

1029 596 1074 624 καὶ
1093 597 1162 631 πῶς,
1176 596 1201 624 ἓν
1215 594 1296 633 ἑτέρῳ
1312 593 1425 631 δείξομεν
1438 595 1537 632 καιρῷ·
1555 594 1583 621 οὗ
1606 592 1656 632 γὰρ
1678 595 1722 621 τοῦ
1735 604 1792 620 πα-

1032 642 1118 680 ρόντος
1133 640 1163 668 ἂν
1176 640 1215 675 εἴη
1228 651 1234 657 ·
1251 639 1331 678 βαθὺν
1345 639 1395 678 γὰρ
1410 638 1473 668 ὄντα
1494 638 1538 667 καὶ
1551 638 1650 673 πολλῆς
1672 637 1791 675 δεόμενον

1030 690 1076 722 τῆς
1089 685 1287 725 ἐπεξεργασίας,
1299 687 1324 714 ἐν
1341 686 1424 723 καιρῷ
1439 686 1477 713 δεῖ
1493 686 1583 712 τοῦτον
1602 685 1737 722 προθεῖναι
1750 683 1793 712 ἐπὶ

1030 735 1076 767 τῆς
1101 731 1229 770 ὑμετέρας
1255 730 1359 768 ἀγάπης
1378 742 1384 748 ’
1407 730 1471 762 τέως
1492 729 1518 758 δὲ
1540 730 1591 758 τῶν
1615 727 1794 768 προκειμένων

1031 777 1164 816 ἐχώμεθα.
1183 776 1299 811 Πιστὸς,
1325 775 1402 814 φησὶν
1414 797 1422 811 ,
1442 777 1455 804 ὃ
1475 775 1559 813 λόγος.
1581 775 1664 803 Πόθεν
1684 773 1793 810 atto-5655

1032 823 1084 851 Καὶ
1104 821 1156 850 ἀπὸ
1169 823 1220 850 τῶν
1235 820 1412 859 προαγόντων,
1421 820 1466 849 καὶ
1487 820 1539 849 ἀπὸ
1553 822 1603 848 τῶν
1620 818 1687 857 μετὰ
1701 821 1793 848 ταῦτα.

1031 867 1104 905 “Όρα
1118 868 1179 900 ’πῶς
1191 866 1236 895 καὶ
1253 866 1505 905 προκατασκευάζει,
1520 865 1565 894 καὶ
1580 865 1646 903 μετὰ
1660 864 1690 893 τὸ
1708 876 1794 894 κατα-

994 917 1012 939 Ι)
1032 913 1157 942 σκευάσαι
1170 915 1239 952 αὐτῷ
1262 911 1427 950 ἐνδιατρίίῗει.
1447 912 1486 940 Τὸ
1499 910 1549 951 γὰρ
1563 911 1655 947 εἰπεῖν,
1667 909 1707 939 ὅτι
1723 909 1796 939 Βλά-

1032 971 1134 998 σφημον
1146 959 1208 987 ὄντα
1222 958 1267 986 καὶ
1286 957 1397 992 διώκτην
1418 957 1530 992 ἠλέησε,
1542 960 1617 986 τοῦτο
1629 955 1795 985 κατασκευά-

1031 1008 1116 1038 ζοντος
1131 1000 1171 1039 ἦν.
1183 1003 1236 1032 Καὶ
1253 1005 1300 1032 οὐκ
1313 1002 1427 1038 ἠλέησε,
1442 1002 1507 1041 φησὶ
1517 1024 1525 1040 ‚
1541 1001 1636 1040 μόνον,
1660 1000 1727 1030 ἀλλὰ
1751 1000 1796 1030 καὶ

1031 1050 1122 1079 πιστὸν
1137 1050 1256 1085 ἐποίησε·
1271 1052 1391 1078 τοσοῦτον
1417 1049 1446 1077 οὖ
1466 1047 1518 1087 χρὴ
1532 1069 1540 1083 ,
1561 1047 1651 1087 φησὶν,
1677 1048 1795 1076 ἀπιστεῖν

1032 1096 1071 1125 ὅτι
1088 1096 1207 1131 ἠλέησεν.
1230 1095 1321 1127 Οὐδεὶς
1332 1094 1382 1133 γὰρ
1396 1096 1462 1134 ὁρῶν
1476 1095 1519 1123 τὸν
1535 1093 1670 1131 δεσμώτην
1682 1095 1708 1122 ἐν
1721 1095 1796 1132 βασι-

1031 1142 1110 1174 λείοις
1137 1141 1323 1181 στρεφόμενον,
1341 1140 1380 1168 ὅτι
1403 1140 1502 1175 ἠλεήθη
1527 1139 1689 1178 ἀμφιὸάλλει
1713 1137 1778 1168 ποτέ
1790 1149 1796 1155 ·

1032 1188 1096 1226 ὅπερ
1111 1187 1154 1216 ἐπὶ
1165 1190 1209 1215 τοῦ
1222 1186 1329 1215 Παύλου
1340 1181 1372 1220 ἦν
1387 1186 1459 1214 ἰδεῖν.
1471 1185 1525 1224 ἈφῚ
1542 1186 1634 1214 ἑαυτοῦ
1648 1184 1699 1223 γὰρ
1710 1187 1795 1212 ποιεῖ-

1032 1245 1076 1262 ται
1099 1233 1129 1261 τὸ
1153 1236 1271 1270 σημεῖον,
1293 1232 1338 1261 καὶ
1361 1233 1407 1260 οὐκ
1427 1231 1578 1270 αἰσχύνεται
1599 1232 1687 1260 καλῶν
1708 1229 1797 1260 ἑαυτὸν

1033 1278 1199 1317 ἁμαρτωλὸν,
1212 1277 1280 1306 ἀλλὰ
1294 1278 1338 1306 καὶ
1349 1279 1448 1316 μᾶλλον
1461 1276 1627 1316 εὐφραίνεται
1640 1288 1646 1294 ·
1662 1275 1730 1305 οὕτω
1746 1276 1798 1315 γὰρ

1034 1324 1150 1362 μάλιστα
1165 1323 1273 1352 δύναται
1283 1323 1364 1356 δεῖξαι
1379 1322 1408 1351 τὸ
1421 1322 1489 1361 μέγα
1503 1325 1550 1357 τῆς
1565 1324 1610 1350 τοῦ
1625 1323 1696 1351 Θεοῦ
1716 1323 1796 1357 κηδε-

1035 1369 1126 1408 μονίας
1149 1372 1251 1406 θαῦμα,
1263 1368 1308 1397 καὶ
1321 1368 1361 1397 ὅτι
1380 1367 1575 1406 φιλανθρωπίας
1588 1367 1687 1403 ἠξιώθη
1702 1367 1799 1397 τοσαύ-

1033 1427 1090 1450 της.
1117 1414 1169 1443 Καὶ
1190 1415 1246 1446 πῶς
1271 1415 1387 1452 ἀλλαχοῦ
1411 1413 1494 1450 λε’γων
1515 1412 1576 1451 περὶ
1592 1414 1702 1449 ἑαυτοῦ,
1724 1413 1799 1442 Κατὰ

1035 1459 1200 1493 δικαιοσύνην
1219 1458 1267 1493 τὴν
1292 1460 1317 1486 ἐν
1339 1459 1410 1497 νόμῳ
1425 1458 1561 1496 γενόμενος
1578 1458 1734 1497 ἄμεμπτος,
1753 1460 1798 1487 ε’ν-

1034 1504 1116 1533 ταῧθά
1146 1515 1223 1542 φησιν
1252 1504 1408 1542 ἁμαρτωλὸν
1437 1499 1503 1532 εἶναι
1514 1526 1521 1539 ,
1546 1503 1592 1532 καὶ
1621 1505 1723 1542 πρῶτον
1747 1506 1799 1533 τῶν

1036 1551 1199 1589 ἁμαρτωλῶν
1210 1562 1218 1585 ;
1231 1549 1293 1578 t'Oti
1310 1549 1374 1588 πρὸς
1386 1549 1433 1584 τὴν
1449 1549 1631 1585 δικαιοσύνην,
1650 1549 1683 1584 ἣν
1701 1552 1714 1578 ὃ
1733 1550 1801 1583 Θεὸς

1038 1595 1191 1634 εἰργάσατο,
1204 1595 1249 1623 καὶ
1263 1596 1310 1629 τὴν
1320 1594 1398 1627 ὅντως
1409 1595 1581 1632 ζητουμένην,
1591 1595 1746 1635 ἁμαρτωλοὶ
1755 1595 1800 1624 καὶ

1039 1642 1062 1669 οἱ
1072 1642 1098 1668 ἐν
1109 1643 1145 1679 τῷ
1159 1641 1247 1679 νόμῳ·
1261 1640 1364 1672 Πάντες
1383 1640 1433 1678 γὰρ
1454 1640 1582 1679 ἥμαρτον,
1601 1641 1645 1670 καὶ
1666 1642 1801 1680 ὑστεροῦν-

1040 1699 1083 1714 ται
1094 1689 1140 1720 τῆς
1158 1686 1231 1720 δόξης
1251 1689 1296 1714 τοῦ
1311 1688 1388 1714 Θεοῦ.
1414 1685 1465 1714 Διὰ
1485 1689 1560 1715 τοῦτο
1577 1687 1626 1725 οὐχ
1642 1687 1732 1720 ἅπλῶς
1746 1681 1802 1715 εἷπε

1040 1731 1217 1769 δικαιοσύνην,
1227 1731 1295 1761 ἀλλὰ
1305 1731 1362 1767 Τὴν
1374 1733 1399 1760 ἐν
1411 1731 1492 1770 νόμῳ.
1508 1732 1611 1772 εὨσπερ
1630 1732 1681 1771 γὰρ
1692 1735 1706 1761 ὃ
1719 1732 1802 1773 ἀργύ-

1042 1790 1095 1818 ριον
1111 1778 1177 1807 πολὺ
1191 1778 1348 1815 κεκτημένος
1358 1779 1415 1806 καθ’
1430 1778 1520 1806 ἑαυτὸν
1537 1777 1583 1816 μὲν
1598 1778 1721 1812 πλούσιος
1740 1779 1805 1817 φαί-

247 1823 308 1861 lege
328 1828 381 1850 est.
403 1820 638 1856 Quemadmodum
658 1821 729 1849 enim
750 1821 795 1859 qui
812 1821 928 1849 multum
948 1831 988 1850 ar·
1006 1828 1022 1851 F
1041 1835 1112 1852 νεται
1124 1845 1132 1859 ,
1150 1823 1218 1851 κατὰ
1227 1823 1254 1852 δὲ
1264 1823 1312 1858 τὴν
1329 1823 1465 1862 σύγκρισιν
1476 1825 1528 1851 τῶν
1543 1825 1680 1862 θησαυρῶν
1692 1826 1744 1852 τῶν
1757 1826 1804 1862 βα-

247 1867 318 1906 genti
335 1866 470 1906 possidet,
482 1877 516 1895 ex
530 1877 557 1894 se
575 1866 683 1904 quidem
700 1865 776 1895 dives
792 1876 847 1894 csse
865 1865 986 1902 videtur;

248 1914 294 1943 sed
308 1915 330 1942 si
342 1925 390 1943 sua
405 1920 591 1952 comparentur
607 1924 669 1942 cum
690 1913 770 1952 regiis
783 1913 925 1948 thesauris,
940 1913 988 1942 ad*

249 1960 362 1989 modum
381 1970 483 1999 pauper
506 1966 553 1995 est,
572 1966 597 1988 et
618 1959 722 1998 primus
740 1969 843 1998 pauper
865 1970 871 1986 ε
888 1959 925 1987 ita
944 1959 989 1988 hic

249 2007 339 2043 etiam,
354 2007 377 2035 si
388 2017 450 2034 cum
466 2005 568 2043 angelis
580 2012 767 2045 comparentur
779 2005 910 2041 homines,
922 2016 988 2044 pec-

1042 1870 1149 1897 σιλικῶν
1164 1868 1263 1907 σφόδρα
1279 1868 1372 1903 πένης,
1388 1868 1432 1896 καὶ
1453 1869 1557 1906 πρῶτος
1575 1868 1668 1903 πένης·
1683 1868 1752 1897 οὕτω
1773 1869 1804 1903 δὴ

1042 1913 1087 1942 καὶ
1103 1915 1213 1942 ἐνταῦθα
1224 1936 1231 1949 ,
1243 1914 1307 1951 πρὸς
1324 1913 1384 1946 τοὺς
1408 1913 1531 1951 ἀγγέλους
1545 1913 1709 1953 κρινόμενοι,
1721 1915 1807 1952 ἁμαρ·

1042 1959 1121 1987 τωλοὶ
1141 1961 1164 1988 οἱ
1182 1959 1327 1997 ἄνθρωποι,
1344 1959 1388 1987 καὶ
1410 1960 1432 1987 εἰ
1453 1959 1557 1987 δίκαιοι.
1573 1959 1607 1987 Εἰ
1624 1958 1651 1987 δὲ
1667 1960 1772 1991 Παῦλος
1794 1961 1808 1988 ὁ

1044 2005 1092 2040 τὴν
1111 2006 1138 2033 ἐν
1152 2004 1225 2044 νόμῳ
1241 2005 1406 2039 δικαιοσύνην
1422 2004 1598 2044 ἐργασάμενος
1609 2007 1712 2043 πρῶτος
1723 2005 1807 2043 ἁμαρ-

251 2060 350 2081 catores
366 2058 438 2086 suut,
454 2051 558 2080 etiamsi
571 2051 646 2090 justi.
665 2051 694 2080 Si
712 2057 800 2079 autem
820 2051 930 2085 Paulus,
944 2051 989 2089 qui
1008 2058 1026 2079 Α
1045 2051 1144 2086 τωλὸς,
1164 2050 1203 2083 τίς
1230 2050 1281 2089 ἄρα
1307 2052 1357 2078 τῶν
1374 2050 1459 2079 ἄλλων
1474 2049 1572 2082 δίκαιος
1589 2050 1619 2078 ἂν
1631 2050 1756 2086 κληθείη;
1767 2052 1808 2079 Οὖ

249 2098 382 2136 justitiam
394 2097 461 2135 legis
474 2103 599 2136 operatus
612 2103 680 2131 erat,
694 2096 798 2135 primus
811 2103 931 2136 peccator
942 2103 991 2133 est,

251 2143 312 2181 quis
332 2142 393 2171 aliis
409 2143 498 2181 justus
514 2141 644 2171 vocetur?
657 2142 718 2170 Non
737 2141 809 2170 enim
830 2141 915 2171 vitam
935 2141 992 2170 cri-

253 2188 369 2217 minatus
383 2198 458 2216 suam
476 2194 507 2216 ut
524 2187 657 2216 lascivam
670 2187 721 2215 hoc
733 2187 819 2224 dixit3
839 2187 926 2226 absit3
947 2187 994 2216 sed

249 2234 383 2272 justitiam
393 2233 468 2262 illam
480 2244 543 2263 cum
554 2233 604 2262 hac
617 2243 785 2272 comparans,
797 2233 867 2262 nihil
881 2244 938 2262 esse
950 2234 995 2263 di-

252 2281 399 2319 cit;neque
410 2281 463 2309 hoo
482 2287 600 2316 tantum,
618 2279 667 2308 sed
687 2280 768 2309 etiam
788 2291 832 2310 eos
852 2281 899 2319 qui
920 2280 995 2309 illam

253 2325 391 2362 haberent,
410 2333 560 2365 peccatores
584 2325 748 2364 pronuntiat.
767 2326 824 2354 Sed
843 2332 996 2365 propterea

255 2372 480 2400 misericordiam
499 2377 693 2410 consequutus
710 2381 786 2407 sum,
802 2371 901 2410 inquit,
917 2378 948 2401 ιιι
964 2374 996 2401 in

255 2425 300 2444 me
315 2418 407 2453 primo
431 2417 592 2445 ostenderet
614 2417 700 2445 Jesus
723 2417 857 2446 Christus
882 2427 996 2446 omnem

253 2462 426 2498 patientiam
440 2462 480 2489 acl
493 2462 721 2498 infirmationem
736 2473 843 2498 eorum,
862 2464 912 2500 qui
933 2472 993 2491 cre-

255 2507 343 2535 dituri
353 2513 418 2535 sunt
434 2507 479 2534 illi
494 2509 524 2534 in
538 2509 631 2536 vitam
645 2514 791 2536 (eternam.

1045 2096 1096 2134 γὰρ
1117 2095 1265 2124 διαῧάλλων
1281 2098 1358 2124 αὑτοῦ
1378 2095 1421 2124 τὸν
1451 2095 1506 2133 βίον
1533 2097 1568 2127 ὡς
1595 2096 1709 2132 ἀσελγῆ,
1735 2095 1810 2124 τοῦτό

1047 2153 1111 2180 φησι
1120 2161 1127 2175 ,
1143 2140 1179 2179 μὴ
1191 2141 1305 2179 γένοιτο,
1319 2139 1387 2169 ἀλλὰ
1397 2140 1444 2174 τὴν
1456 2139 1620 2174 δικαιοσύνην
1635 2140 1735 2175 ἐκείνην
1747 2141 1812 2179 πρὸς

1047 2187 1144 2221 ταύτην
1161 2186 1314 2225 συγκρίνων,
1330 2185 1359 2214 τὸ
1383 2184 1464 2223 μηδὲν
1481 2181 1545 2214 εἶναι
1561 2184 1704 2213 δείκνυσιν·
1719 2187 1747 2214 οὗ
1766 2186 1812 2223 μό-

1049 2244 1090 2261 νον
1116 2233 1143 2261 δὲ
1164 2235 1256 2267 τοῦτο,
1281 2231 1349 2261 ἀλλὰ
1371 2231 1415 2259 καὶ
1441 2230 1612 2270 ἁμαρτωλοὺς
1632 2231 1691 2264 τοὺς
1706 2231 1812 2270 ἔχοντας

1049 2277 1129 2313 αὐτὴν
1145 2277 1292 2316 ἀποφαίνει.
1315 2276 1392 2306 Ἀλλὰ
1417 2276 1460 2305 διὰ
1486 2280 1561 2305 τοῦτο
1577 2277 1701 2312 ἠλεήθην,
1724 2277 1813 2315 φησὶν,

1048 2323 1091 2352 ἵνα
1117 2324 1144 2352 ἐν
1167 2323 1225 2361 ἐμοὶ
1239 2322 1336 2363 πρώτῳ
1361 2322 1505 2357 ἐνδείξηται
1517 2321 1617 2357 Ἰησοῦς
1630 2322 1744 2360 Χριστὸς
1764 2321 1812 2357 τὴν

1050 2374 1137 2398 πᾶσαν
1151 2368 1343 2407 μακροθυμίαν,
1366 2367 1430 2407 πρὸς
1452 2367 1619 2396 ὑποτύπωσιν
1634 2369 1685 2396 τῶν
1702 2367 1811 2405 μελλόν-

1050 2426 1101 2443 των
1116 2414 1246 2443 πιστεύειν
1267 2415 1303 2447 εἰς
1319 2413 1394 2442 αὐτὸν
1407 2413 1442 2446 εἷς
1458 2412 1525 2448 ζωὴν
1541 2412 1652 2442 αἰώνιον.
