1893 2860
225 142 295 188 (37⁴2

226 214 335 243 modum
350 213 518 252 impinguas3
537 212 615 240 illum
632 212 701 241 ultra
716 221 868 240 mensuram
883 217 959 238 exte-

226 270 300 289 nuas.
323 258 419 296 Cogita
439 257 505 295 quid
526 257 578 286 sint
599 257 665 293 cibi,
686 256 713 285 in
734 266 792 294 quae
811 262 961 289 mutentur,

226 304 293 343 quid
306 303 465 332 efficiantur.
481 304 575 331 Annon
587 302 644 330 haec
657 302 701 331 vel
716 301 826 330 audiens
838 300 962 339 indigna·

226 351 284 379 ris?
299 360 346 379 cur
360 359 423 387 ergo
437 349 526 378 studes
540 349 586 377 illa
601 358 704 387 semper
716 346 906 383 accumulare?
919 345 963 375 Ni-

226 395 264 423 hil
276 393 350 423 aliud
363 400 400 422 est
409 394 478 422 illud
486 394 644 423 deliciarum
653 392 873 428 additamentum,
881 402 960 431 quam

226 448 374 469 stercorum
385 440 586 468 incrementum.
601 439 688 467 Habet
699 439 768 467 euim
784 445 878 466 natura
892 447 963 466 men-

226 496 327 521 smnm,
339 492 364 514 et
378 485 451 524 quod
464 484 663 524 superabundat
673 485 732 524 jam
745 484 902 513 alimentum
912 493 964 512 non

226 538 263 560 est
274 553 281 566 ,
298 531 344 560 sed
358 531 489 570 pernicies
501 553 508 566 ,
523 538 548 559 et
561 537 662 560 stercus
677 529 866 559 abundantius.
883 529 962 559 Nutri

225 589 332 617 corpus,
346 588 380 607 ne
396 588 496 606 eneces.
506 576 568 606 ldeo
586 577 744 606 alimentum
762 583 890 614 vocatur,
911 586 963 604 non

225 632 254 652 ut
268 624 410 664 perdamus
426 635 536 663 corpus,
553 623 599 653 sed
614 630 644 652 ut
657 623 760 652 alamus
774 634 779 649 :
797 622 857 651 idco
870 622 962 657 ctiam,

226 677 344 709 utputo,
356 670 512 699 alimentum
523 669 557 698 ad
568 669 619 698 lioe
631 669 776 698 secernitur
788 691 796 702 ,
807 675 836 696 ut
848 678 880 697 ne
891 667 962 696 dcli-

226 717 327 744 ciarum
342 715 426 744 simus
440 722 580 745 amatores.
595 715 653 743 Nisi
668 714 736 743 illud
750 714 787 743 ita
802 724 829 742 se
843 713 962 748 haberet,

225 772 272 790 uec
287 761 390 790 delicia:
406 761 513 790 inutiles
529 767 630 795 essent,
645 770 692 789 nec
705 759 808 798 corpori
825 765 962 792 nocerent,

224 819 372 847 numquam
387 818 548 838 cessaremus
559 818 607 836 nos
620 807 734 835 invicem
745 806 882 836 devorare.
894 806 964 834 Nam

225 854 246 882 si
264 861 394 892 quantum
412 854 541 883 vellemus
561 860 651 881 venter
671 851 806 891 excipiens
825 851 965 880 conficeret
990 864 1001 885 3

225 906 248 927 et
261 900 367 938 corpori
380 899 512 935 mitteret,
526 899 665 926 innumera
677 897 782 927 videres
793 897 863 926 bella
875 904 900 926 et
912 908 964 936 pu-

227 956 300 982 gnas.
312 946 341 973 Si
354 945 424 974 enim
438 955 519 980 nunc,
533 955 595 973 cum
608 944 661 973 alia
675 943 703 972 in
715 951 814 972 stercus
826 954 965 972 secernun—

226 999 278 1026 tur,
293 990 346 1019 alia
357 990 385 1019 in
400 990 557 1029 sanguinem
569 996 595 1018 et
607 990 733 1029 phlegma
743 989 837 1018 inutile
848 996 872 1018 et
883 989 965 1018 adul-

225 1036 358 1074 terinum,
369 1036 473 1064 deliciis
483 1042 570 1064 tamen
582 1035 774 1069 incumbimus,
789 1041 814 1063 et
824 1045 893 1074 saepe
902 1045 966 1074 opes

224 1082 340 1120 integras
354 1081 382 1110 in
395 1091 485 1110 mensa
499 1091 552 1110 una
567 1080 770 1117 consumimus,
784 1081 835 1109 nisi
850 1080 911 1109 talis
925 1091 966 1109 es-

224 1135 264 1157 set
279 1128 437 1158 deliciarum
450 1128 523 1165 finis,
539 1127 606 1166 quid
619 1137 672 1156 non
687 1127 854 1157 faceremus?
868 1127 966 1166 Majori

224 1185 272 1202 nos
288 1175 379 1203 soetore
394 1175 539 1214 replemus,
553 1184 615 1202 cum
627 1174 713 1212 magis
723 1173 893 1211 deliciamur,
907 1184 966 1202 cor-

225 1230 290 1258 pore
310 1219 430 1258 undique
449 1220 532 1248 instar
550 1220 603 1248 utri
626 1219 769 1248 defluente.
793 1219 905 1248 Eructat
928 1219 966 1248 sic

224 1265 370 1304 quispiam,
386 1272 415 1294 ut
429 1265 510 1293 etiam
522 1264 673 1294 vicinorum
687 1264 826 1293 cerebrum
842 1264 905 1293 hinc
920 1264 966 1293 lte-

225 1311 305 1340 ‹latur
318 1323 324 1338 :
337 1321 449 1350 vapores
461 1310 581 1348 undique
593 1310 657 1339 torti
670 1321 703 1338 ex
717 1320 828 1350 corpore
842 1309 966 1339 emittun-

224 1363 280 1392 tur,
299 1356 376 1394 quasi
392 1366 425 1385 ex
444 1356 564 1391 fornace,
585 1355 679 1385 ardore
695 1356 767 1384 intus
784 1362 963 1394 putrescente.
982 1367 1002 1390 D

225 1402 305 1438 Quod
314 1402 336 1430 si
349 1401 368 1431 ii
379 1402 424 1440 qui
435 1402 499 1430 soris
513 1408 575 1430 sunt
587 1401 623 1430 ita
635 1401 818 1440 indignantur,
828 1401 895 1440 quid
908 1413 965 1441 pu—

225 1455 263 1476 tas
278 1449 334 1487 pati
350 1449 488 1478 cerebrum
504 1449 594 1485 intus,
612 1448 678 1477 dum
694 1449 844 1486 frequenter
858 1449 900 1477 his
914 1459 962 1476 va-

225 1494 337 1532 poribus
351 1494 491 1532 quatitur?
505 1493 574 1532 quid
588 1494 714 1523 ferventis
727 1494 865 1532 sanguinis
878 1494 961 1528 rivos,

225 1539 274 1576 qui
287 1539 496 1568 intercluditur?
515 1539 581 1577 quid
596 1550 660 1568 vasa
675 1539 722 1568 illa
733 1560 741 1573 ‚
754 1540 831 1578 jecur
847 1546 873 1568 et
887 1539 963 1568 lien?

224 1585 290 1622 quid
303 1585 343 1614 illi
357 1585 425 1614 sulci
438 1585 580 1614 stercoris?
594 1585 628 1614 Et
639 1585 714 1624 quod
725 1585 833 1624 gravius
845 1591 894 1623 est,
911 1585 964 1614 illis

224 1632 347 1659 stercoris
360 1631 440 1659 sulcis
453 1631 630 1670 prospicimus
640 1653 648 1667 ,
662 1637 692 1659 ut
704 1641 735 1659 ne
746 1631 926 1667 obstruantur,
938 1638 964 1660 et

225 1686 258 1704 ne
272 1683 387 1705 stercora
403 1687 511 1705 sursum
527 1676 653 1712 mittant;
674 1683 754 1715 atque
773 1676 808 1704 ad
827 1676 879 1705 hoc
895 1676 964 1705 nihil

225 1732 277 1750 non
292 1722 398 1760 agimus
412 1721 497 1750 contis
513 1721 696 1760 impellentes,
712 1731 743 1750 ac
758 1721 894 1760 ligonibus
909 1728 963 1750 tra-

224 1766 316 1795 hentes
334 1780 341 1796 :
362 1766 472 1794 latrinas
485 1772 574 1794 autem
587 1766 688 1795 ventris
700 1766 783 1795 nostri
795 1776 848 1795 non
859 1777 963 1806 expur-

563 153 592 176 S.
620 151 760 175 JOANNJS
788 148 970 173 cnm'sos’r.
999 149 1154 174 ARCfflEP.
1183 151 1450 177 CONSTANTtNOP.

1016 210 1122 245 Ταύτην
1134 211 1212 240 πλέον
1225 215 1269 240 τοῦ
1285 213 1380 252 μέτρου
1394 213 1587 248 καταπιαίνεις,
1601 212 1700 247 ἐκείνην
1712 212 1778 253 ὑπὲρ

1015 256 1045 284 τὸ
1057 256 1149 296 μέτρον
1165 256 1301 295 ξηραίνεις.
1315 258 1454 294 Ἐννόησον
1471 259 1528 288 τίνα
1545 259 1600 288 ἐστὶ
1613 259 1647 288 τὰ
1662 259 1713 287 ἀπὸ
1726 260 1778 287 τῶν

1017 302 1116 337 σιτίων,
1135 304 1184 331 ποῦ
1199 302 1406 339 μεταὸάλλεται,
1427 304 1472 332 καὶ
1492 305 1517 332 τί
1537 305 1646 343 γίνεται.
1660 299 1726 344 ’Ἆρα
1749 306 1778 331 οὐ

1017 347 1194 386 δυσχεραίνεις
1215 347 1260 376 καὶ
1283 347 1348 386 πρὸς
1366 348 1414 384 τὴν
1429 350 1523 385 ἀκοῆν;
1542 350 1568 378 τί
1592 350 1685 385 τοίνυν,
1711 349 1779 378 ὥστε

1017 392 1123 421 πλείονα
1147 394 1231 421 ἐκεῖνα
1251 392 1409 427 ἀποθέσθαι,
1425 394 1591 431 σπουδάζεις;
1610 395 1694 424 Οὐδὲν
1715 395 1781 423 ἄλλο

1018 439 1073 467 ἐστὶ
1093 438 1122 467 τὸ
1142 438 1221 467 πλέον
1243 440 1291 473 τῆς
1311 439 1424 476 τρυφῆς,
1446 438 1463 473 ἢ
1482 439 1580 480 κόπρου
1603 440 1776 478 πλεονασμός.

1017 485 1095 525 Ἔχει
1108 485 1160 525 γὰρ
1171 488 1187 520 ἡ
1200 485 1273 524 φύσις
1285 485 1368 524 με’τρα
1377 508 1384 521 ‚
1399 485 1443 514 xori-
1461 486 1491 514 τὸ
1509 487 1588 515 πλέον
1603 488 1708 516 ἐκείνων
1721 488 1780 516 οὐκ·

1018 532 1057 560 ε’τι
1072 531 1171 570 γίνεται
1188 531 1286 570 τροφὴ,
1308 531 1374 560 ἀλλὰ
1398 531 1470 569 λύμη
1489 532 1534 560 καὶ
1552 533 1646 573 κόπρος
1671 533 1777 562 πλείων.

1018 577 1123 617 Θρέᾲον
1137 578 1166 606 τὸ
1180 579 1272 615 σῶμα,
1297 588 1333 615 μη
1355 577 1519 616 ἀποκτείνῃς.
1539 577 1589 606 Διὰ
1605 582 1679 608 τοῦτο
1698 579 1780 619 τροφὴ

1018 624 1160 657 κέκληται,
1177 623 1226 662 οὐχ
1239 622 1281 651 ίνα
1296 622 1467 661 ἀπολλυωμεν
1490 623 1565 659 αὐτὸ,
1581 625 1638 652 ἀλ’λ
1662 624 1704 653 ἵνα
1725 626 1782 665 τρέ-

1019 681 1124 707 φυμεν-
1140 669 1182 697 διὰ
1203 679 1280 696 τουτο
1302 671 1375 706 οἶμαι
1397 668 1440 696 καὶ
1461 667 1509 703 τὴ]
1513 669 1627 715 τροφὴν
1650 670 1685 702 εἷς
1707 673 1782 699 τοῦτο

1019 714 1119 753 ἐκκρίνε
1110 717 1198 750 eoem,
1212 713 1254 742 ἵνα
1269 714 1305 751 μὴ
1328 716 1374 749 τῆς
1393 717 1495 754 τρυφῆς
1510 716 1580 752 ὠμεν
1602 715 1728 754 ἐρασταί·
1748 717 1784 748 ὡς

1018 761 1041 787 εἰ
1063 759 1100 796 μὴ
1117 763 1192 788 τοῦτο
1206 763 1248 794 ἠν,
1269 759 1334 798 μηδὲ
1350 761 1386 792 εἷς
1403 759 1535 799 ἄχρηστον
1558 762 1622 798 ἠγε,
1638 759 1704 798 μηδὲ
1719 761 1783 788 ἐλυ-

1020 805 1127 843 μαίνετο
1145 818 1182 845 τῳ
1203 806 1322 844 σώματι,
1342 807 1388 835 οὐκ
1411 806 1440 834 ἂν
1463 806 1633 843 ἐπαυσαμεθα
1654 805 1782 841 ἀλλήλους

1019 853 1211 887 καταπίνοντες.
1230 856 1263 884 E}
1270 854 1369 916 ᾱγὰρυ
1354 866 1413 884 οσον
1434 854 1595 892 ε’ῧουλόμεθα
1616 853 1743 893 δεχομένη
1765 855 1782 887 ἡ

1019 899 1122 938 ακστῆρ
1142 899 1172 928 τὸ
1196 905 1249 928 πᾶν
1270 899 1435 938 ΰεῖργάζετο,
1454 911 1500 928 και
1518 900 1555 938 τῷ
1573 899 1677 937 σώματι
1695 898 1783 938 παρέ-

1018 957 1107 983 πεμπε
1116 946 1245 986 ,μυρίους
1257 946 1286 975 ἂν
1301 941 1366 979 εἶδες
1377 945 1506 983 πολέμους
1517 956 1562 973 και
1578 944 1674 984 μάχας.
1686 945 1720 973 E}
1730 943 1783 984 γὰρ

1019 1003 1063 1019 και
1076 995 1119 1020 νῦν
1131 994 1182 1020 τῶν
1197 991 1242 1029 μὲν
1258 993 1293 1025 εἷς
1310 991 1406 1032 κόπρον
1422 990 1626 1047 ἐκκρινομένων,
1641 992 1692 1019 τῶν
1707 990 1735 1019 δὲ
1748 991 1784 1022 εἷς

1020 1034 1086 1076 αἷμα
1105 1037 1151 1066 καὶ
1166 1037 1301 1076 φλέγμα
1285 1049 1417 1077 αγρηο-τον
1441 1049 1486 1066 και
1505 1037 1588 1071 νόθον,
1610 1035 1712 1074 ὅμως’
1701 1034 1784 1074 εγκεί-

1020 1095 1052 1121 με
1042 1086 1086 1112 εθα
1100 1085 1132 1122 τῇ
1146 1085 1229 1123 τρυφῇ
1240 1105 1248 1119 ,
1262 1095 1308 1111 και
1321 1083 1448 1115 πολλάκις
1469 1082 1556 1115 ουσίας
1579 1081 1735 1120 ὁλοκλήρους
1755 1082 1782 1110 ἐν

1018 1129 1135 1168 τραπέζῃ
1153 1134 1201 1167 μιᾷ
1216 1128 1458 1166 καταναλίσκωμεν·
1481 1130 1503 1157 εἷ
1524 1127 1561 1166 μὴ
1575 1139 1690 1157 τοιουτον
1705 1130 1737 1163 ἠν
1752 1127 1782 1155 τὸ

1017 1175 1090 1207 τέλος
1109 1187 1157 1209 της
1177 1177 1278 1214 τρυφῆς
1290 1197 1297 1210 ,
1314 1174 1340 1203 τί
1352 1176 1399 1204 οὐκ
1422 1174 1452 1202 ἂν
1472 1174 1638 1214 ἔπρᾶξαμεν;
1657 1173 1782 1206 Πλείονος

1019 1221 1146 1253 δυσωδίας
1155 1222 1305 1260 πληροῧμεν
1320 1220 1424 1253 ἑαυτοὺς
1433 1243 1441 1257 ,
1455 1219 1516 1249 ὅταν
1532 1221 1631 1258 μᾶλλον
1644 1218 1785 1259 τρυφήσωε

1019 1278 1076 1303 μεν,
1101 1266 1220 1305 καθάπερ
1241 1269 1321 1295 ἀσκοῦ
1341 1278 1424 1302 τινος,
1444 1268 1490 1294 τοῦ
1514 1265 1635 1304 σώματος
1656 1264 1782 1294 πάντοθεν

1019 1312 1189 1351 διαρρέοντος.

1019 1358 1160 1397 ἐγκέφαλον
1171 1357 1338 1395 λυμήνασθαι
1359 1359 1411 1385 τῶν
1430 1356 1522 1390 ἔξωθεν
1534 1368 1542 1376 ·
1556 1355 1636 1395 ἀτμοὶ
1654 1356 1782 1385 πάντοθεν

1019 1404 1071 1432 ἀπὸ
1085 1407 1130 1432 τοῦ
1151 1403 1271 1440 σώματος
1286 1401 1408 1441 ζοφώδεις
1429 1400 1562 1440 προίενται
1572 1422 1580 1436 ,
1591 1401 1711 1441 καθάπερ
1730 1401 1783 1430 ἀπὸ

1018 1449 1129 1486 καμίνου
1147 1450 1195 1482 τ’ἥς
1218 1447 1375 1486 θερμότητος
1397 1447 1525 1482 σαπείσης
1543 1446 1625 1475 ἔνδον.
1648 1447 1681 1475 Εἰ
1706 1445 1734 1475 δὲ
1759 1448 1783 1474 οἵ

1216 1311 1369 1351 Ἔρεύγεταί
1392 1324 1431 1345 τις
1457 1313 1582 1345 τοιοῦτον,
1610 1313 1646 1343 ὡς
1669 1310 1715 1339 καὶ
1737 1310 1781 1339 τὸν

1018 1493 1109 1527 ἔξωθεν
1124 1493 1192 1522 οὕτω
1207 1492 1422 1532 δυσχεραίνουσι,
1432 1492 1458 1520 τί
1473 1493 1520 1521 οἴει
1535 1495 1626 1520 παθεῖν
1640 1492 1684 1520 τὸν
1705 1491 1783 1530 ἔγχε’·-

1018 1541 1098 1578 φαλον
1113 1539 1212 1575 ἔνδον,
1204 1539 1383 1576 πληττόμενον
1399 1539 1514 1577 συνεχῶς
1529 1537 1579 1566 ὑπὸ
1595 1540 1646 1566 τῶν
1671 1538 1781 1575 ἀτμῶνς

1016 1585 1043 1612 τί
1054 1584 1081 1613 δὲ
1092 1596 1151 1617 τους
1162 1585 1267 1623 ὀχετοὺς
1282 1587 1328 1613 τοῦ
1343 1585 1451 1621 αἵματος
1466 1583 1565 1616 ζέοντος
1576 1583 1647 1611 καῖ’
1636 1594 1784 1622 εμφραττο-

1019 1630 1109 1668 μένου;
1130 1631 1155 1659 τί
1172 1631 1199 1660 οε
1212 1630 1259 1663 τὰς
1281 1629 1422 1668 δεξαμενὰς
1442 1629 1559 1662 ἐκείνας,
1578 1629 1608 1658 τὸ
1623 1632 1714 1668 ἧπαρ,
1737 1629 1782 1657 τὸν

1017 1677 1138 1713 σπληνα;
1157 1675 1184 1704 τί
1200 1675 1227 1704 δὲ
1251 1675 1330 1708 αυτὰς
1351 1674 1398 1708 τας
1415 1675 1518 1714 ἀμάρας
1537 1687 1583 1709 της
1601 1674 1717 1713 κόπρου;
1730 1674 1785 1703 Καὶ

1016 1723 1046 1752 τὸ
1056 1723 1181 1762 χαλεπὸν,
1197 1722 1237 1751 ὅτι
1258 1722 1355 1754 ταύτας
1371 1722 1416 1760 μὲν
1431 1721 1478 1754 τὰς
1492 1720 1597 1761 ἀμάρας
1620 1722 1668 1754 τῆς
1686 1720 1784 1760 κόπρου

1016 1768 1194 1807 προνοούμεθα
1203 1790 1210 1804 ,
1224 1767 1296 1801 ὅπως
1317 1767 1354 1806 μὴ
1367 1769 1521 1806 ἒμφραγῶσι
1531 1789 1539 1802 ,
1562 1766 1607 1808 καὶ
1626 1766 1674 1801 τὴν
1685 1765 1782 1805 κόπρον

224 1822 333 1850 gamus,
349 1811 397 1840 sed
410 1812 574 1840 obstruimus
589 1819 613 1840 et
627 1812 797 1851 oppilamus;
811 1819 836 1840 et
849 1818 963 1841 stercore
980 1825 1000 1848 Ε
1018 1815 1053 1846 εἷς
1062 1813 1096 1843 τὰ
1108 1814 1162 1842 ἄνω
1173 1813 1318 1852 πέμψωσι,
1332 1813 1376 1841 καὶ
1388 1812 1476 1841 πάντα
1491 1812 1558 1850 ὑπὲρ
1575 1811 1674 1840 τούτων
1692 1811 1783 1850 apd-:-

224 1857 259 1886 ad
272 1867 387 1896 superna
401 1856 559 1885 ascendente
569 1879 577 1892 ‚
595 1856 642 1885 ubi
656 1867 705 1885 rex
718 1857 775 1896 ipse
788 1857 877 1893 sedet,
893 1867 963 1886 ccre-

224 1904 303 1932 brum
324 1903 385 1931 dico
399 1925 407 1938 ‚
424 1912 471 1931 nos
486 1902 556 1930 nihil
580 1912 713 1930 curamus.
734 1902 798 1931 Ideo
813 1912 864 1931 non
886 1902 961 1940 quasi

223 1961 312 1990 regem
326 1950 471 1978 habeamus
486 1956 620 1984 ornatum,
636 1949 673 1977 ita
682 1949 771 1978 omnia
785 1949 899 1988 agimus,
915 1949 961 1978 scd

223 2007 253 2024 ae
271 1996 294 2025 si
313 2005 404 2024 canem
425 1994 596 2023 immundum
617 1993 783 2023 haberemus.
804 1993 868 2022 Ideo
888 1995 961 2023 Deus

223 2042 316 2080 procul
329 2041 376 2069 illa
391 2040 510 2069 membra
526 2040 624 2079 posuit,
640 2046 669 2068 ut
683 2040 751 2068 nihil
771 2051 804 2069 ex
820 2040 885 2079 ipsis
899 2051 960 2079 per-

223 2087 300 2116 niciei
311 2087 434 2126 accipiat.
450 2088 483 2114 At
496 2096 542 2114 nos
553 2096 605 2115 non
618 2086 739 2122 sinimus,
751 2086 796 2114 sed
807 2087 895 2114 omnia
909 2086 960 2115 im-

222 2134 358 2162 moderato
373 2144 422 2161 usu
435 2132 642 2171 corrumpimus.
652 2131 727 2166 Quid
742 2142 804 2160 vero
815 2132 874 2170 quis
883 2132 960 2161 dixe-

221 2179 256 2207 rit
270 2179 304 2207 de
318 2179 377 2207 aliis
390 2177 487 2206 malis?
502 2177 620 2206 Obstrue
632 2178 736 2206 canales
748 2177 918 2213 latrinarum,
933 2185 958 2206 et

220 2232 320 2263 pestem
334 2223 440 2252 videbis
458 2222 580 2262 protinus
595 2223 719 2261 grassari.
741 2222 823 2257 Quod
841 2223 863 2251 si
881 2223 959 2252 foetor

220 2270 265 2298 ille
277 2270 443 2299 extrinsecus
455 2267 594 2305 invadens,
611 2275 710 2307 pestem
722 2268 792 2307 parit
805 2280 811 2295 z
825 2268 847 2296 is
859 2269 905 2307 qui
918 2269 956 2297 in-

220 2315 348 2344 trinsecus
361 2322 410 2350 cst,
424 2321 448 2343 et
463 2314 583 2352 undique
598 2314 749 2343 obstructus
762 2314 884 2353 angustia
898 2325 957 2343 cor-

219 2361 301 2398 poris,
318 2371 365 2389 nec
380 2361 480 2389 habens
496 2359 567 2388 unde
585 2367 723 2399 erumpat,
746 2370 832 2388 annon
849 2360 956 2389 morbos

220 2407 305 2445 pariet
319 2408 470 2436 innumeros
488 2414 512 2436 et
528 2407 632 2446 corpori
649 2415 674 2436 et
689 2407 785 2436 auimae
797 2408 810 2436 ?
823 2407 956 2446 Quodque

253 2518 262 2535 *¹
283 2517 389 2550 [Censeo
403 2517 450 2549 leg.
466 2519 635 2551 κατειργύζετό.
649 2518 776 2549 Πιιιιῑοιιε.]

1016 1871 1106 1897 τομεν,
1119 1863 1218 1892 κοντοῖς
1231 1860 1356 1891 ὠθοῦντες
1367 1880 1373 1893 ,
1388 1857 1532 1896 μακέλλαις
1546 1856 1664 1897 σύροντες
1675 1868 1681 1874 ·
1693 1856 1740 1889 τὰς
1755 1856 1782 1885 δὲ

1017 1905 1120 1944 ἀμάρας
1147 1907 1195 1939 τῆς
1219 1905 1348 1942 ἡμετέρας
1378 1903 1489 1942 γαστρὸς
1513 1903 1542 1931 οὗ
1567 1901 1780 1940 διακαθαίρομεν,

1016 1950 1075 1979 ἀλλ’
1098 1950 1282 1989 ἓμφράττομεν
1306 1948 1351 1978 καὶ
1375 1950 1500 1986 πιλοῧμεν
1511 1959 1517 1964 ·
1543 1947 1588 1976 καὶ
1612 1949 1660 1981 τῆς
1683 1947 1787 1986 κόπρου.

1016 1996 1138 2032 ἀνιούσης
1153 1996 1222 2030 ἄνω,
1237 1994 1297 2023 ἔνθα
1317 1997 1330 2023 ὁ
1352 1993 1473 2032 βασιλεὺς
1494 1993 1571 2025 αὖτὸς
1588 1993 1715 2029 κάθηται,
1737 1992 1780 2021 τὸν

1015 2042 1158 2081 ἐγκέφαλον
1177 2041 1246 2079 λέγω
1259 2064 1266 2077 ,
1284 2040 1407 2077 οὐδεμίαν
1419 2038 1562 2076 ποιούμεθα
1578 2038 1712 2078 πρόνοιαν.
1729 2038 1780 2067 Aac}

1016 2099 1056 2116 τοι
1077 2091 1154 2116 τοῦτο
1180 2088 1228 2126 οὐχ
1248 2088 1283 2119 ὡς
1309 2085 1421 2124 βασιλέα
1445 2084 1548 2123 ἔχοντες
1567 2084 1690 2121 κόσμιον,
1712 2083 1780 2113 οὕτω

1016 2134 1104 2163 πάντα
1116 2133 1277 2172 πράττομεν,
1293 2133 1351 2161 ἀλλ’
1361 2133 1396 2164 ὡς
1409 2130 1474 2159 κύνα
1484 2130 1542 2158 τινὰ
1559 2130 1713 2170 ἀκάθαρτον.
1728 2129 1781 2158 Διὰ

1015 2183 1091 2208 τοῦτο
1103 2182 1116 2208 ὁ
1129 2179 1197 2212 Θεὸς
1209 2178 1299 2217 πόῤῥω
1314 2176 1446 2216 ἀπῴκισεν
1465 2177 1551 2205 ἐκεῖνα
1565 2175 1599 2204 τὰ
1614 2175 1681 2213 με’λη
1690 2198 1698 2211 ,
1711 2174 1780 2203 ὥστε

1016 2225 1146 2264 μηδεμίαν
1162 2224 1188 2258 ἐξ
1203 2225 1288 2253 αὐτῶν
1303 2222 1423 2261 δέχεσθαι
1439 2221 1536 2259 λύμην.
1553 2221 1620 2250 Ἀλλ’
1634 2222 1681 2250 οὒκ
1695 2222 1778 2258 ε’ὥμεν

1014 2274 1104 2309 ἡμεῖς,
1119 2269 1187 2299 ἀλλὰ
1201 2269 1288 2298 πάντα
1304 2266 1485 2306 διαφθείρομεν
1505 2270 1539 2304 τῇ
1561 2266 1682 2306 ἀμετρίᾳ.
1697 2265 1734 2295 Τί
1755 2266 1778 2294 δ’

1014 2318 1045 2346 ἄν
1057 2329 1097 2350 τις
1113 2316 1182 2345 εἴποι
1193 2315 1226 2344 τὰ
1238 2315 1305 2344 ἄλλα
1323 2312 1406 2347 κακοί;
1423 2312 1580 2352 Ἀπόφραξον
1595 2312 1654 2345 τοὺς
1673 2311 1779 2351 ὀχετοὺς

1012 2364 1063 2391 τῶν
1088 2364 1212 2400 ἀμοιρῶν,
1241 2360 1285 2388 καὶ
1315 2360 1372 2397 ὄψει
1396 2359 1487 2395 λοιμὸν
1501 2358 1594 2390 εὐθέως
1616 2358 1776 2394 τικτόμενον.

1012 2404 1081 2438 Εἶτα
1094 2410 1110 2442 ἡ
1125 2407 1171 2445 μὲν
1188 2406 1277 2439 ἔξωθεν
1295 2407 1479 2445 προσπεσοῦσα
1500 2403 1613 2432 δυσωδία
1628 2402 1718 2440 λοιμὸν
1735 2402 1778 2430 τί-
