1893 2860
489 145 522 167 ΙΝ
550 144 657 168 ΕΙἾΞΤ.
685 145 707 168 1.

124 207 221 240 κότως·
237 206 262 235 τί
277 206 327 245 γὰρ
342 206 372 234 ἂν
395 207 451 245 ἔχοι
469 206 555 234 κοινὸν
579 207 705 245 λογισμὸς
730 206 891 245 ἀνθρώπινος

739 145 782 167 An
810 144 950 167 ΤΙΜΟΤΙΙ.

1601 127 1690 163 ‹3560-

945 204 989 239 sit,
1001 202 1093 232 divina
1117 201 1261 231 ratiociniis
1281 200 1455 240 perquirere?
1477 200 1541 230 Jure
1563 199 1686 238 quidem:

980 142 1057 164 cAt‘.
1088 141 1110 164 Ι.
1141 140 1256 164 ttOMtL.
1286 140 1320 162 Υ.

122 253 186 290 πρὸς
209 254 312 287 ἐκεῖνα;
341 252 404 284 Πῶς
430 251 459 281 δὲ
482 254 496 280 ὁ
520 257 634 285 σατανᾶς
662 252 754 285 αὐτοὺς
772 251 890 281 παιδεύει
910 256 926 279 Ιὶ
945 248 1092 288 quidenim
1104 247 1349 277 communehabeat
1359 246 1530 275 ratiocinium
1542 245 1688 274 humanum

120 296 158 336 μὴ
179 298 363 336 βλασφημεῖν;
386 298 408 326 εἰ
431 297 482 336 γὰρ
506 297 563 329 τοὺς
589 297 683 331 ἄλλους
707 297 827 326 παιδεύει
851 297 887 335 μὴ

119 343 297 382 βλασφημεῖν,
308 343 399 381 πολλῷ
417 343 516 380 μᾶλλον
529 342 620 371 ἑαυτὸν
635 344 715 382 ἐχρῆν
728 354 734 361 ·
750 345 772 372 εἷ
786 343 812 371 δὲ
829 344 887 371 ἑαυ-

117 387 162 416 τὸν
178 387 258 427 μέχρι
273 390 317 416 τοῦ
333 391 376 417 νῦν
396 388 424 417 οὗ
441 388 550 417 δύναται
574 389 731 424 παιδεῦσαι,
747 387 805 417 οὐδὲ
830 387 888 420 τοὺς

116 433 219 466 ἄλλους.
232 434 290 462 Οὐκ
305 429 377 463 εἶπεν
387 457 394 470 ‚
408 434 450 463 ἵνα
463 434 592 473 παιδεύσῃ
605 433 698 466 αὐτοὺς
712 434 749 472 μὴ
765 435 887 472 βλασφη-

115 483 183 517 μεῖν,
194 479 264 516 ἀλλ’,
272 479 331 508 Ἵνα
342 480 500 509 παιδευθῶσι
511 480 548 518 μὴ
562 481 739 519 βλασφημεῖν.
751 481 810 509 Οὐκ
820 482 886 508 ἐκεῖ·

114 537 157 558 νος
176 529 254 554 τοῦτο
280 526 434 565 ἐργάζεται,
458 525 527 554 ἀλλὰ
548 527 624 554 τοῦτο
644 524 760 554 ἐκδαίνει
773 537 778 542 ·
793 525 883 563 ὥσπερ

114 565 158 600 οὖν
175 571 221 600 καὶ
236 572 355 611 ἀλλαχοῦ
372 582 451 610 φησιν
463 571 506 600 ἐπὶ
522 573 568 599 τοῦ
582 571 806 609 πεπορνευκότος·
822 569 883 599 Πα-

115 616 208 654 ράδοτε
223 617 267 645 τὸν
283 620 399 646 τοιοῦτον
413 617 451 655 τῷ
466 620 569 654 σατανᾷ
584 616 620 648 εἷς
633 616 737 655 ὄλεθρον
750 618 798 650 τῆς
813 628 881 654 σαρ-

114 662 160 695 κός
169 674 175 680 ·
191 664 242 701 οὐχ
251 663 294 691 ἳνα
306 662 380 699 σώσῃ
392 662 421 690 τὸ
434 663 530 699 σῶμα,
547 663 605 690 ἀλλ’
619 661 663 689 ἵνα
675 663 747 700 σωθῇ
763 661 794 690 τὸ
805 665 881 690 πνεῦ-

114 720 152 746 μα
160 719 166 726 ·
178 711 254 737 τοῦτο
267 708 294 737 δὲ
305 707 464 746 ἁπρόσωπόν
475 709 541 736 ἐστι.
552 708 614 740 Πῶς
624 702 668 736 οὖν
679 711 756 736 τοῦτο
766 707 880 745 γίνεται;

111 753 218 792 ‘'ssa-rep
238 748 282 782 οὖν
297 755 321 782 οἱ
338 753 428 790 δήμιοι
452 753 552 792 μυρίων
571 752 695 790 γέμοντες
710 755 800 781 κακῶν
821 752 880 785 τοὺς

111 798 206 831 ἄλλους
220 798 422 837 σωφρονίζουσιν
431 821 438 833 ,
452 798 576 828 οὕτωκαὶ
590 800 703 827 ἐνταῦθα
719 799 762 827 ἐπὶ
775 801 820 826 τοῦ
832 809 881 826 πο-

110 847 190 882 νηροῦ
205 843 338 881 δαίμονος.
353 843 406 872 Καὶ
424 843 467 872 διὰ
485 844 510 872 τί
525 844 562 882 μὴ
578 842 609 872 σὺ
625 843 717 877 αὐτοὺς
733 844 878 879 ἐκόλασας,

108 888 200 929 ὥσπερ
211 889 310 918 ἐκεῖνον
322 888 366 918 τὸν
378 890 538 928 Βαριησοῧν,
548 889 637 928 ὥσπερ
646 891 741 928 Κηφᾶς
749 889 878 924 Ἀνανίαν,

110 934 179 963 ἀλλὰ
192 936 230 974 τῷ
245 939 348 974 σατανᾷ
368 934 546 974 παρέδωκαςς
568 936 629 974 Οὐχ
642 934 685 963 ἴνα
700 936 878 971 κολασθῶσιν,

109 981 168 1009 ἀλλ’
181 980 224 1009 ἵνα
237 981 410 1010 παιδευθῶσι.
422 981 517 1010 Καίτοι
528 979 573 1009 καὶ
585 976 658 1014 οὗτος
671 980 726 1020 ἔχει
740 980 829 1020 ἰσχὺν,
844 983 879 1013 ὡς

108 1025 172 1056 ὅταν
195 1026 260 1065 λε’γῃ
273 1037 279 1044 ·
296 1027 332 1055 Τί
349 1027 450 1062 θέλετε,
467 1028 492 1055 ἐν
511 1026 600 1065 ῥοίῧδῳ
618 1026 685 1055 ἔλθω
709 1027 773 1067 πρὸς
791 1028 878 1065 ὑμᾶς

946 305 1008 323 cum
1022 294 1098 323 illis?
1113 293 1255 329 Quomodo
1270 299 1359 321 autem
1373 298 1477 321 satanas
1491 291 1551 320 illos
1566 302 1619 320 nou
1633 291 1688 319 bla-

945 342 1085 381 sphemare
1099 340 1197 370 docet?
1219 340 1242 369 si
1257 339 1328 369 enim
1349 339 1416 368 alios
1436 349 1488 368 non
1503 338 1688 378 blasphemare

944 387 1034 423 docet',
1057 387 1143 416 multo
1162 386 1248 425 magis
1259 386 1377 425 scipsum
1393 384 1420 413 id
1441 385 1536 414 docere
1550 385 1686 424 oportuit:

942 432 963 460 si
975 443 1039 462 vero
1052 433 1170 472 seipsum
1182 431 1310 460 haetenus
1320 431 1416 459 docere
1428 441 1481 460 non
1494 431 1591 470 potuit,
1603 441 1690 469 neque

941 478 1008 507 alios
1022 478 1130 517 poterit.
1153 478 1212 506 Non
1227 477 1309 513 dixit,
1329 478 1367 506 Ut
1381 476 1473 506 doceat
1488 477 1549 506 illos
1564 487 1614 506 non
1631 476 1689 505 bla-

939 523 1094 562 sphemare;
1114 522 1171 560 scd,
1199 524 1237 551 Ui
1260 523 1375 551 discant
1395 533 1454 550 non
1475 523 1687 561 blasphemare.

939 570 999 598 Non
1012 569 1058 598 ille
1077 570 1128 598 hoc
1145 576 1287 608 operatur,
1304 568 1351 597 scd
1363 568 1413 597 hoc
1425 569 1461 597 ita
1476 569 1580 598 evenit:
1595 580 1688 607 quem-

939 615 1088 644 admodum
1113 615 1180 644 alibi
1209 614 1277 643 dicit
1301 613 1336 642 de
1359 614 1533 643 fornicatore:

937 658 1105 699 hujusmodi
1118 665 1232 687 satance
1245 658 1285 686 ad
1299 659 1448 686 interitum
1465 660 1577 686 carnis:
1591 669 1642 686 non
1659 666 1688 687 ut

938 715 1035 744 corpus
1055 704 1162 733 salvum
1184 703 1277 739 saciat,
1303 703 1350 731 sed
1375 709 1404 731 ut
1420 702 1531 742 spiritus
1550 711 1686 736 servetur:

936 751 987 780 hoc
1001 761 1065 780 vero
1076 751 1179 779 nullam
1195 759 1337 789 personam
1353 748 1464 777 indicat.
1482 749 1624 784 Quomodo
1639 760 1688 778 au-

936 803 988 826 tem
1004 796 1153 836 contingit?
1165 796 1241 825 Sicut
1255 794 1393 824 carnifices
1408 795 1560 823 innumeris
1574 795 1687 824 obnoxii

937 842 1099 879 sceleribus,
1116 842 1183 871 alios
1203 841 1333 880 castigant
1347 864 1353 875 ‚
1369 840 1406 869 ita
1421 848 1445 870 et
1459 841 1505 870 hic
1518 841 1552 870 de
1567 841 1685 879 maligno

935 888 1056 917 daemone
1069 887 1224 917 dicendum.
1241 887 1277 915 Et
1291 895 1340 915 cur
1355 892 1383 914 tu
1397 886 1458 915 illos
1474 897 1527 915 non
1542 886 1686 926 punivisti,

936 935 1005 963 sicut
1016 934 1095 963 illum
1106 934 1260 972 Barjesum,
1275 933 1344 961 sicut
1355 932 1460 972 Cephas
1475 932 1625 969 Ananiam3
1639 932 1687 961 sed

937 988 1035 1010 satanae
1051 980 1208 1009 tradidisti?
1232 980 1292 1008 Non
1314 986 1344 1008 ut
1357 979 1505 1018 puniantur
1515 1001 1522 1015 ‚
1538 978 1584 1007 sed
1598 986 1627 1008 ut
1641 978 1685 1007 di-

936 1034 1019 1056 scant.
1036 1026 1208 1064 Quamquam
1225 1031 1251 1054 et
1264 1025 1309 1054 hic
1323 1025 1380 1054 vim
1396 1025 1618 1054 etauctoritatem
1633 1025 1685 1053 lia-

1568 616 1688 644 Tradite
1701 628 1721 644 ι.
1734 623 1841 645 cunm.

937 1072 1018 1101 bebat
1032 1095 1040 1108 ‚
1063 1078 1092 1100 ut
1115 1081 1177 1100 cum
1198 1070 1264 1099 dicit
1280 1082 1286 1097 :
1307 1071 1385 1109 Quid
1401 1070 1493 1099 vultis
1509 1072 1522 1098 Ρ
1542 1071 1575 1098 in
1596 1072 1685 1109 virga
1701 1080 1720 1094 ¹·
1737 1073 1788 1095 Cor.
1802 1073 1824 1103 (ρ.

109 1119 185 1155 ὗμεῑς
194 1117 224 1146 τὸ
234 1118 315 1147 καλὸν
325 1119 433 1152 ποιῆτε·
444 1118 490 1146 καὶ
500 1118 590 1154 πάλιν,
602 1119 660 1147 Οὐκ
671 1120 707 1151 εἷς
718 1118 880 1157 καθαίρεσιν,
938 1121 1058 1149 veniam
1069 1120 1110 1148 ad
1125 1129 1179 1147 vos
1196 1121 1245 1147 .²et
1259 1128 1353 1146 rursus
1364 1139 1373 1152 ,
1391 1119 1461 1146 ,Non
1471 1123 1503 1146 ut
1515 1128 1567 1146 nos
1578 1119 1684 1157 proba·
1698 1110 1737 1126 ²¹⁸

110 1163 169 1198 ἀλλ’
182 1164 218 1195 εἰς
240 1163 393 1201 οἰκοδομήν.
409 1164 445 1192 Τί
466 1159 510 1192 οὖν
532 1164 576 1192 τὸν
591 1169 706 1194 σατανᾶν
727 1166 803 1193 καλεῖ
817 1164 881 1204 πρὸς
939 1168 962 1195 ti
974 1168 1081 1201 simus,
1095 1166 1147 1194 sed
1159 1170 1189 1193 ul
1204 1174 1260 1193 vos
1272 1164 1350 1202 quod
1365 1165 1472 1192 bonum
1488 1164 1662 1203 estfacialis
1671 1175 1684 1200 ;
1697 1182 1719 1197 2,
1735 1174 1787 1195 cm*
1805 1174 1841 1196 13.

109 1208 158 1244 τὴν
180 1209 312 1248 τιμωρίαν
323 1221 330 1245 3
343 1209 402 1238 Ἵνα
418 1209 486 1248 μετὰ
501 1211 548 1244 τῆς
569 1211 745 1250 σφοδρότητος
767 1211 813 1239 καὶ
835 1213 882 1245 τῆς
901 1218 918 1240 D
939 1212 1102 1249 iterumque,
1118 1211 1186 1239 Non
1198 1212 1230 1238 in
1241 1210 1436 1244 eversionem,
1449 1210 1543 1238 sedin
1557 1209 1686 1248 aedifica·
1699 1215 1721 1236 7·
1737 1212 1771 1227 ¹⁰·

109 1072 154 1100 καὶ
168 1072 248 1101 πάλιν
259 1083 265 1089 ·
279 1073 339 1111 Οὐχ
362 1073 405 1101 ἵνα
426 1075 503 1110 ἡμεῖς
527 1072 631 1110 δόκιμοι
655 1074 744 1110 ὦμεν,
759 1074 817 1101 ἀλλ’
837 1072 880 1101 ἵνα

109 1254 243 1287 κολάσεως
255 1255 300 1284 καὶ
314 1258 330 1291 ἡ
348 1255 422 1294 ’ὔὸρις
435 1251 452 1294 ᾗ
473 1256 568 1293 μείζων
583 1268 588 1273 ·
603 1258 702 1294 μᾶλλον
718 1256 745 1285 δὲ
761 1256 821 1289 τοὺς
834 1256 880 1295 μὲν

110 1300 236 1333 ἀπίστους
249 1301 321 1329 αὐτοὶ
331 1301 479 1337 ἐπαίδευον,
488 1300 548 1334 τοὺς
560 1301 586 1330 δὲ
598 1302 776 1341 ἐκτραπέντας
786 1304 824 1341 τῷ
835 1314 882 1331 σα-

109 1350 177 1385 τανᾷ
193 1345 361 1384 παρεδίδουν.
376 1346 412 1375 Τί
428 1346 526 1381 δήποτε
538 1346 564 1375 δὲ
578 1346 680 1386 Πέτρος
692 1347 735 1375 τὸν
746 1347 881 1382 Ἀνανίαν,

109 1391 215 1431 καὶγὰρ
225 1394 239 1421 ὁ
251 1392 371 1425 Ἀνανίας
383 1392 495 1424 ἄπιστος
509 1388 540 1428 ἦν
553 1392 593 1422 ἔτι
604 1393 746 1433 πειράζων.
757 1392 816 1422 Ἵνα
828 1394 881 1431 μά-

109 1440 176 1467 θωσι
189 1437 274 1467 τοίνυν
294 1441 317 1468 οἱ
334 1438 457 1475 ἄπιστοι,
475 1438 515 1467 ὅτι
531 1439 560 1467 οὗ
578 1438 701 1468 δύνανται
713 1441 813 1474 λαθεῖν,
838 1439 881 1468 διὰ

110 1486 188 1514 τοῦτο
201 1485 235 1514 δι’
256 1486 355 1514 ἑαυτῶν
377 1484 468 1518 αὐτοὺς
485 1487 660 1526 ἐτιμωροῦντο
671 1498 677 1504 ·
693 1485 752 1519 τοὺς
765 1486 792 1515 δὲ
807 1489 882 1515 τοῦτο

111 1530 243 1569 μαθόντας
257 1531 365 1568 λοιπὸν,
380 1526 437 1560 εἶτα
454 1532 646 1571 ἐκτραπέντας,
660 1535 699 1572 τῷ
714 1537 817 1572 σατανξί
830 1544 880 1560 πα-

113 1575 242 1615 ρεδίδουν,
261 1577 406 1611 δεικνύντες
418 1577 458 1606 ὅτι
471 1578 517 1606 οὔκ
528 1578 612 1617 οἰκεία
628 1578 752 1616 δυνάμει,
766 1578 834 1607 ἀλλὰ
848 1581 880 1617 τῇ

112 1623 198 1650 αὐτῶν
211 1623 316 1662 φυλακῇ
333 1623 499 1662 συνείχοντο,
514 1624 559 1652 καὶ
573 1624 745 1663 παρεδίδοντο
765 1624 822 1653 ὅσοι
845 1626 881 1657 εἷς

111 1666 238 1696 ἀπόνοιαν
252 1667 380 1708 ἤρθησαν.
397 1669 526 1709 Καθάπερ
543 1666 586 1698 οὖν
603 1669 646 1699 ἐπὶ
668 1672 720 1698 τῶν
736 1670 880 1709 βασιλέων,

110 1713 170 1745 τοὺς
180 1713 228 1752 μὲν
238 1714 380 1752 πολεμίους
392 1715 437 1744 καὶ
449 1716 558 1749 οἰκείαις
569 1716 714 1755 σφάττουσι
725 1716 812 1756 χερσὶ,
823 1716 882 1748 τοὺς

111 1758 138 1788 δὲ
153 1761 195 1798 ὑφ’
215 1760 322 1794 ἑαυτοὺς
336 1766 390 1795 τοῖς
407 1762 512 1800 δημίοις
530 1762 737 1801 παραδιδόασιν,
753 1763 822 1791 οὕτω
836 1762 881 1792 καὶ

109 1806 230 1835 ἐνταῦθα.
243 1806 384 1836 Δείκνυται
408 1807 435 1837 δὲ
453 1807 506 1836 ἀπὸ
527 1808 636 1842 τούτου,
651 1808 691 1837 ὅτι
708 1808 750 1836 διὰ
765 1808 812 1844 τὴν
828 1811 880 1837 τῶν

111 1852 265 1881 ἀποστόλων
288 1853 408 1892 φυλακὴν
433 1857 510 1883 τοῦτο
531 1854 630 1893 ε’γίνετο
641 1866 647 1871 ·
663 1854 749 1887 ἄλλως
773 1854 801 1883 δὲ
822 1854 880 1884 οὑδὲ

112 1898 205 1938 μικρὸν
216 1894 248 1934 ἦν
263 1898 293 1927 τὸ
306 1899 432 1928 δύνασθαι
447 1899 595 1929 ἐπιτάττειν
607 1901 645 1938 τῷ
661 1899 776 1941 διαέόλῳ
786 1912 792 1918 ·
806 1903 881 1929 τοῦτο

111 1943 163 1982 γὰρ
180 1943 326 1977 δεικνύντος
346 1939 395 1980 ἦν,
410 1944 451 1974 ὅτι
463 1945 580 1974 δουλεύει
600 1945 645 1973 καὶ
662 1945 727 1973 εἴκει
748 1945 794 1974 καὶ
809 1947 880 1974 ἄκων

112 1992 165 2021 τοῖς
179 1989 335 2021 ἀποστόλοις
347 1991 360 2018 ὁ
373 1990 501 2023 διάὸολος.
512 1989 597 2019 (Ώοτε
609 1991 656 2019 οὐκ
667 1990 776 2019 ἔλαττον
787 1993 823 2023 εἷς
833 1992 882 2029 χοί-

115 2045 154 2072 ριν
166 2035 243 2062 τοῦτο
252 2028 294 2068 ἦν.
307 2035 371 2067 Πῶς
382 2034 410 2063 δὲ
421 2035 586 2074 παρέδωκεν,
599 2035 719 2064 ἄκουσον.
731 2036 882 2075 Συνιη-Οέν-

113 2089 166 2106 των
181 2079 253 2116 ὑμῶν
262 2101 269 2113 ,
282 2079 363 2118 φησὶ,
375 2080 420 2108 καὶ
433 2083 478 2109 τοῦ
490 2082 554 2118 ἐμοῦ
568 2081 717 2119 πνεύματος
729 2081 775 2110 σὺν
788 2084 820 2120 τῇ
837 2083 881 2110 δυ-

114 2123 191 2161 νάμει
212 2127 256 2152 τοῦ
279 2125 376 2164 Κυρίου
394 2128 470 2164 ἡμῶν
494 2126 582 2162 Ἰησοῦ
602 2127 735 2166 Χριστοῦ,
750 2127 882 2168 παράδοτε

114 2169 157 2198 τὸν
170 2173 286 2199 τοιοῦτον
302 2173 340 2210 τῷ
355 2177 465 2211 σατανᾷ.
480 2172 655 2206 Ἐξείάλλετο
671 2168 715 2202 οὖν
731 2173 824 2206 εὐθέως
837 2177 882 2202 τοῦ

114 2219 201 2245 κοινοῦ
224 2217 371 2256 συνεδρίου,
397 2219 555 2258 &neers-{Zeto
581 2221 628 2254 τ’ἧς
651 2219 762 2258 ἀγέλης,
783 2220 883 2258 ἐγίνετο

113 2262 211 2301 ἔρημος
222 2262 268 2291 καὶ
278 2263 390 2302 γυμνὸς,
402 2264 560 2303 παρεδίδοτο
572 2267 609 2304 τῷ
620 2265 702 2304 λύκῳ.
712 2265 821 2305 εὨσπερ
831 2266 883 2305 γὰρ
894 2295 930 2313 577

941 1259 1061 1286 tionem.
1078 1257 1134 1285 Cur
1143 1256 1226 1294 igitur
1236 1262 1355 1284 satanam
1367 1254 1404 1283 ad
1412 1254 1577 1294 supplicium
1588 1262 1664 1283 vocat
1673 1256 1686 1283 ἱ)

944 1305 981 1333 Ut
995 1313 1056 1332 cum
1068 1302 1236 1331 vehementia
1250 1308 1277 1331 et
1288 1300 1422 1340 supplicio
1435 1300 1598 1329 contumelia
1617 1308 1686 1330 esset

938 1349 1023 1388 major
1038 1361 1044 1377 ε
1063 1348 1117 1377 imo
1129 1357 1193 1376 vero
1204 1346 1326 1375 infideles
1341 1346 1392 1386 ipsi
1405 1346 1547 1382 docebant,
1565 1357 1608 1375 eos
1622 1357 1686 1375 vcro

938 1395 986 1433 qui
1000 1405 1016 1423 a
1027 1394 1081 1423 fide
1098 1399 1262 1422 recesserant
1279 1399 1377 1421 satanae
1389 1391 1539 1422 tradebant.
1559 1393 1615 1420 Cur
1624 1403 1686 1431 ergo

938 1441 1035 1469 Petrus
1055 1439 1188 1468 Ananiam
1210 1437 1342 1477 punivit?
1356 1437 1474 1466 Ananias
1490 1437 1562 1465 enim
1581 1449 1689 1476 quoque

939 1486 1056 1516 infidelis
1074 1492 1129 1515 crat
1147 1485 1247 1521 adhuc,
1258 1484 1304 1523 qui
1320 1483 1446 1513 tentabat.
1462 1484 1499 1512 Ut
1512 1493 1575 1522 ergo
1589 1484 1686 1512 infide-

938 1533 975 1562 les
990 1532 1122 1561 discerent
1138 1542 1165 1560 sc
1180 1541 1232 1560 non
1251 1541 1327 1570 posse
1342 1530 1423 1559 latere
1435 1552 1442 1566 ,
1457 1529 1517 1558 ideo
1529 1540 1574 1569 per
1586 1530 1686 1570 seipsos

938 1578 1002 1608 illos
1026 1577 1174 1618 puniebant
1193 1589 1199 1604 :
1216 1587 1260 1606 eos
1280 1586 1344 1606 vero
1367 1576 1414 1614 qui
1433 1575 1491 1605 brec
1510 1576 1685 1610 didicissent,

938 1625 1087 1662 deindeque
1097 1623 1275 1653 abscedebant
1289 1645 1298 1660 ‚
1314 1622 1456 1651 tradebant
1471 1622 1513 1651 illi
1523 1629 1620 1651 satanae
1633 1645 1641 1659 ‚
1655 1631 1684 1651 ut

937 1669 1107 1700 ostenderent
1119 1680 1147 1698 se
1159 1679 1211 1698 non
1233 1668 1342 1707 propria
1354 1668 1455 1697 virtute
1471 1691 1478 1705 ,
1502 1667 1549 1697 sed
1564 1668 1681 1707 ipsorum

938 1717 1059 1747 custodia
1079 1716 1187 1745 retineri
1204 1738 1212 1753 ,
1229 1722 1254 1744 et
1271 1715 1447 1744 tradebantur
1460 1721 1590 1753 quotquot
1610 1725 1637 1743 se
1655 1717 1681 1743 iu

937 1763 1116 1802 arrogantiam
1143 1762 1309 1791 extulissent.
1332 1760 1569 1796 Quemadmodum
1599 1761 1683 1799 igitur

937 1809 1011 1849 apud
1026 1819 1100 1848 reges
1114 1808 1237 1836 inimicos
1250 1807 1306 1835 suis
1318 1807 1443 1835 manibus
1453 1806 1579 1845 jugulant
1590 1827 1599 1843 ‚
1617 1807 1683 1834 suh-

937 1854 1007 1883 ditos
1021 1864 1084 1882 vero
1097 1852 1268 1881 carnificibus
1285 1852 1394 1881 tradunt
1409 1864 1414 1879 :
1432 1851 1468 1880 ita
1486 1858 1512 1879 et
1525 1851 1571 1879 hic
1583 1851 1682 1890 agitur.

938 1900 1008 1929 Hinc
1019 1898 1167 1928 ostenditur
1176 1905 1287 1937 propter
1297 1896 1476 1936 apostolorum
1487 1896 1635 1925 custodiam
1646 1897 1683 1926 ita

939 1945 1038 1974 sactum
1058 1943 1156 1972 fuisse:
1170 1950 1194 1972 et
1203 1949 1327 1982 praeterea
1337 1952 1387 1971 non
1398 1952 1481 1981 parva
1493 1952 1534 1971 res
1545 1949 1683 1981 cratpcsse

939 1991 1071 2030 imperare
1083 1989 1192 2018 diabolo
1211 2000 1217 2016 ε
1234 1988 1297 2017 hinc
1306 1988 1377 2017 enim
1384 1987 1575 2017 ostendebatur
1588 1988 1683 2017 diabo-

939 2037 996 2065 lum
1005 2034 1133 2075 apostolis
1146 2034 1247 2063 servire
1262 2044 1293 2062 ac
1308 2034 1354 2063 vel
1368 2033 1484 2063 invitum
1496 2033 1562 2073 ipsis
1575 2034 1681 2063 cedere.

939 2083 1031 2120 Itaque
1039 2091 1091 2110 non
1098 2091 1214 2120 parvum
1225 2079 1295 2109 illud
1306 2086 1361 2109 erat
1372 2080 1406 2109 ad
1417 2079 1682 2119 gratiamostenden-

938 2128 1010 2157 dam.
1033 2125 1176 2161 Quomodo
1191 2132 1280 2154 autem
1297 2123 1509 2154 tradideritaudi
1527 2136 1533 2153 :
1553 2125 1682 2164 Congre-

938 2173 1024 2213 gatis,
1036 2171 1122 2210 inquit
1132 2193 1141 2206 ‚
1153 2171 1239 2200 vobis
1253 2177 1279 2199 et
1289 2171 1395 2209 Spiritu
1406 2181 1483 2206 meo,
1495 2179 1562 2199 cum
1572 2174 1682 2199 virtute
1698 2176 1802 2198 censs».
1814 2180 1838 2206 .¹‚.

939 2218 1061 2246 Domini
1072 2218 1163 2245 nostri
1179 2217 1252 2246 Jesu
1263 2217 1384 2251 Christi,
1395 2216 1502 2245 tradite
1516 2216 1682 2254 hujusmodi
1694 2206 1716 2230 ⁵·

940 2269 1060 2292 satanoe.
1081 2262 1246 2302 Ejiciehatur
1260 2272 1323 2301 ergo
1336 2262 1427 2290 statim
1440 2272 1455 2290 a
1467 2262 1603 2290 communi
1617 2272 1682 2291 con—

113 2311 130 2343 ἡ
144 2308 238 2347 νεφέλη
262 2309 291 2338 τὸ
315 2310 491 2348 στρατόπεδον
514 2313 567 2340 τῶν
583 2311 717 2350 Ἓὸραίων
728 2333 735 2347 ,
752 2311 821 2340 οὕτω
835 2312 882 2347 τὴν
903 2323 923 2344 A
940 2319 1012 2338 sessu
1033 2330 1040 2344 ,
1064 2307 1272 2337 abscindebatur
1291 2318 1306 2336 a
1327 2317 1427 2346 grege:
1443 2313 1499 2336 erat
1518 2306 1639 2336 desertus
1657 2315 1682 2337 et

113 2354 275 2390 Ἐκκλησίαν
288 2355 318 2384 τὸ
327 2356 437 2394 Πνεῦμα
451 2356 599 2396 ἐγνώριζεν.
616 2357 651 2386 Εἴ
661 2370 700 2390 τις
712 2357 797 2386 τοίνυν
811 2358 884 2391 ἐκτὸς

114 2400 227 2438 ἐγίνετο,
241 2401 412 2431 κατεκαίετο·
432 2402 531 2440 ἐγίνετο
546 2403 573 2432 δὲ
588 2403 662 2435 ἐκτὸς
677 2405 710 2441 τῇ
734 2403 817 2442 κρίσει
832 2405 883 2431 τῶν

115 2445 279 2475 ἀποστόλων.
293 2446 372 2475 Οὕτω
391 2447 436 2476 καὶ
451 2450 465 2477 ὁ
480 2448 576 2488 Κύριος
595 2449 733 2488 παρέδωκε
753 2449 796 2477 τὸν
811 2449 881 2477 Ἰού-

115 2491 161 2519 δαν
176 2492 215 2530 τῷ
230 2496 349 2531 σατανᾷ·
365 2493 460 2526 εὐθέως
471 2493 522 2533 γὰρ
544 2494 612 2531 μετὰ
627 2495 657 2524 τὸ
670 2494 774 2534 ψωμίον
791 2495 884 2527 εἰσῆλ-

115 2540 157 2565 θεν
172 2538 207 2569 εἷς
221 2538 319 2566 ἐκεῖνον
333 2539 346 2566 ὁ
366 2545 489 2573 σατανές.
503 2540 582 2570 Ἐστι
598 2540 624 2570 δὲ
639 2541 684 2570 καὶ
696 2543 772 2570 τοῦτο
788 2542 882 2576 εἰπεῖν,

292 2587 364 2606 rom.
385 2588 428 2608 xi.

940 2354 1030 2384 nudus
1042 2376 1049 2390 ,
1065 2353 1219 2383 tradebatur
1230 2353 1306 2393 lupo.
1320 2353 1396 2383 Sicut
1409 2352 1480 2382 enim
1491 2352 1574 2382 nubes
1597 2360 1681 2382 castra

940 2401 1133 2436 Hebraeorum,
1148 2400 1187 2428 sie
1205 2399 1323 2439 Spiritus
1336 2399 1483 2428 Ecclesiam
1500 2399 1679 2438 significabat.

941 2447 969 2477 Si
983 2447 1044 2485 quis
1058 2446 1141 2485 igitur
1154 2452 1229 2474 extra
1246 2445 1392 2474 Ecclesiam
1407 2452 1474 2474 esset
1487 2468 1495 2479 ,
1508 2445 1684 2474 combureba-

942 2501 1001 2522 tur:
1014 2499 1089 2522 extra
1100 2499 1189 2521 autem
1203 2491 1474 2531 educebaturjudicio
1486 2491 1680 2531 apostolorum.

942 2541 986 2569 Sic
1002 2546 1026 2568 et
1053 2538 1186 2568 Dominus
1202 2538 1301 2568 Judam
1325 2545 1420 2568 satanae
1443 2538 1555 2568 tradidit
1571 2549 1577 2565 z
1593 2538 1681 2566 statim
1695 2548 1761 2568 Jfflm.
1785 2548 1818 2569 13.

1491 2578 1529 2606 44
1696 2585 1735 2606 27.
