<?xml version="1.0" encoding="UTF-8"?>
<!DOCTYPE html PUBLIC "-//W3C//DTD XHTML 1.0 Transitional//EN"
    "http://www.w3.org/TR/xhtml1/DTD/xhtml1-transitional.dtd">
<html xmlns="http://www.w3.org/1999/xhtml" xml:lang="en" lang="en">
 <head>
  <title>
</title>
<meta http-equiv="Content-Type" content="text/html;charset=utf-8" />
  <meta name='ocr-system' content='tesseract 3.04.00' />
  <meta name='ocr-capabilities' content='ocr_page ocr_carea ocr_par ocr_line ocrx_word'/>
</head>
<body>
  <div class='ocr_page' id='page_1' title='image "./operaomniaquaeex11johnuoft/operaomniaquaeex11johnuoft_0604.png"; bbox 0 0 1893 2860; ppageno 0'>
   <div class='ocr_carea' id='block_1_1' title="bbox 110 1999 237 2090">
    <p class='ocr_par' dir='ltr' id='par_1_1' title="bbox 110 1999 237 2090">
     <span class='ocr_line' id='line_1_1' title="bbox 110 1999 237 2020; baseline 0 0"><span class='ocrx_word' id='word_1_1' title='bbox 110 1999 237 2020; x_wconf 72' lang='lat' dir='ltr'>mendican-</span> 
     </span>
     <span class='ocr_line' id='line_1_2' title="bbox 111 2033 222 2051; baseline 0 0"><span class='ocrx_word' id='word_1_2' title='bbox 111 2033 165 2051; x_wconf 85' lang='lat' dir='ltr'>tium</span> <span class='ocrx_word' id='word_1_3' title='bbox 177 2039 222 2051; x_wconf 89' lang='lat' dir='ltr'>mos</span> 
     </span>
     <span class='ocr_line' id='line_1_3' title="bbox 110 2063 235 2090; baseline 0.008 -8"><span class='ocrx_word' id='word_1_4' title='bbox 110 2063 235 2090; x_wconf 76' lang='lat' dir='ltr'>singularis.</span> 
     </span>
    </p>
   </div>
   <div class='ocr_carea' id='block_1_2' title="bbox 267 138 328 150">
    <p class='ocr_par' dir='ltr' id='par_1_2' title="bbox 267 138 328 150">
     <span class='ocr_line' id='line_1_4' title="bbox 267 138 328 150; baseline -0.016 0"><span class='ocrx_word' id='word_1_5' title='bbox 267 138 328 150; x_wconf 61' lang='grc' dir='ltr'>--ιβ</span> 
     </span>
    </p>
   </div>
   <div class='ocr_carea' id='block_1_3' title="bbox 261 147 989 173">
    <p class='ocr_par' dir='ltr' id='par_1_3' title="bbox 261 147 989 173">
     <span class='ocr_line' id='line_1_5' title="bbox 261 147 989 173; baseline -0.003 0"><span class='ocrx_word' id='word_1_6' title='bbox 261 147 330 173; x_wconf 61' lang='lat'>900</span> <span class='ocrx_word' id='word_1_7' title='bbox 587 150 616 170; x_wconf 78' lang='lat' dir='ltr'>S.</span> <span class='ocrx_word' id='word_1_8' title='bbox 643 148 782 171; x_wconf 64' lang='lat' dir='ltr'>JoANNts</span> <span class='ocrx_word' id='word_1_9' title='bbox 809 149 989 171; x_wconf 72' lang='lat' dir='ltr'>cttnrsos‘r.</span> 
     </span>
    </p>
   </div>
   <div class='ocr_carea' id='block_1_4' title="bbox 258 208 998 522">
    <p class='ocr_par' dir='ltr' id='par_1_4' title="bbox 258 208 998 522">
     <span class='ocr_line' id='line_1_6' title="bbox 259 208 995 250; baseline 0 -12"><span class='ocrx_word' id='word_1_10' title='bbox 259 212 315 250; x_wconf 80' lang='lat' dir='ltr'>ipsa</span> <span class='ocrx_word' id='word_1_11' title='bbox 327 217 411 240; x_wconf 77' lang='lat' dir='ltr'>oraret</span> <span class='ocrx_word' id='word_1_12' title='bbox 425 222 432 244; x_wconf 86' lang='lat'>;</span> <span class='ocrx_word' id='word_1_13' title='bbox 446 216 470 237; x_wconf 80' lang='lat' dir='ltr'>ct</span> <span class='ocrx_word' id='word_1_14' title='bbox 485 208 577 237; x_wconf 82' lang='lat' dir='ltr'>multis</span> <span class='ocrx_word' id='word_1_15' title='bbox 588 208 676 237; x_wconf 77' lang='lat' dir='ltr'>verbis</span> <span class='ocrx_word' id='word_1_16' title='bbox 686 208 831 237; x_wconf 82' lang='lat' dir='ltr'><strong>consumtis</strong></span> <span class='ocrx_word' id='word_1_17' title='bbox 846 215 934 248; x_wconf 79' lang='lat' dir='ltr'>postca</span> <span class='ocrx_word' id='word_1_18' title='bbox 945 209 995 238; x_wconf 85' lang='lat' dir='ltr'>hoc</span> 
     </span>
     <span class='ocr_line' id='line_1_7' title="bbox 258 254 995 294; baseline -0.001 -11"><span class='ocrx_word' id='word_1_19' title='bbox 258 268 363 294; x_wconf 77' lang='lat' dir='ltr'>quoquc</span> <span class='ocrx_word' id='word_1_20' title='bbox 378 255 502 290; x_wconf 76' lang='lat' dir='ltr'>addidit,</span> <span class='ocrx_word' id='word_1_21' title='bbox 527 261 663 292; x_wconf 79' lang='lat' dir='ltr'>tamquam</span> <span class='ocrx_word' id='word_1_22' title='bbox 681 254 703 282; x_wconf 88' lang='lat' dir='ltr'>ei</span> <span class='ocrx_word' id='word_1_23' title='bbox 720 254 837 283; x_wconf 78' lang='lat' dir='ltr'>maxime</span> <span class='ocrx_word' id='word_1_24' title='bbox 852 264 995 293; x_wconf 84' lang='lat' dir='ltr'>persuasu-</span> 
     </span>
     <span class='ocr_line' id='line_1_8' title="bbox 259 299 996 339; baseline -0.004 -9"><span class='ocrx_word' id='word_1_25' title='bbox 259 313 302 337; x_wconf 70' lang='lat' dir='ltr'>ra,</span> <span class='ocrx_word' id='word_1_26' title='bbox 316 300 450 339; x_wconf 77' lang='lat' dir='ltr'>quoddam</span> <span class='ocrx_word' id='word_1_27' title='bbox 467 299 584 328; x_wconf 79' lang='lat' dir='ltr'>maxime</span> <span class='ocrx_word' id='word_1_28' title='bbox 596 299 760 328; x_wconf 86' lang='lat' dir='ltr'>horrendum</span> <span class='ocrx_word' id='word_1_29' title='bbox 780 300 895 328; x_wconf 83' lang='lat' dir='ltr'>inserens</span> <span class='ocrx_word' id='word_1_30' title='bbox 907 300 996 339; x_wconf 90' lang='lat' dir='ltr'>jusju-</span> 
     </span>
     <span class='ocr_line' id='line_1_9' title="bbox 259 345 995 386; baseline 0 -11"><span class='ocrx_word' id='word_1_31' title='bbox 259 348 373 376; x_wconf 74' lang='lat' dir='ltr'>randum</span> <span class='ocrx_word' id='word_1_32' title='bbox 385 359 390 374; x_wconf 86' lang='lat'>:</span> <span class='ocrx_word' id='word_1_33' title='bbox 403 354 458 375; x_wconf 86' lang='lat' dir='ltr'>erat</span> <span class='ocrx_word' id='word_1_34' title='bbox 472 353 560 375; x_wconf 85' lang='lat' dir='ltr'>autem</span> <span class='ocrx_word' id='word_1_35' title='bbox 571 347 621 375; x_wconf 85' lang='lat' dir='ltr'>hoc</span> <span class='ocrx_word' id='word_1_36' title='bbox 629 345 821 386; x_wconf 85' lang='lat' dir='ltr'>jusjurandum</span> <span class='ocrx_word' id='word_1_37' title='bbox 835 358 840 373; x_wconf 74' lang='grc' dir='ltr'>ι</span> <span class='ocrx_word' id='word_1_38' title='bbox 856 347 895 375; x_wconf 85' lang='lat' dir='ltr'>Ita</span> <span class='ocrx_word' id='word_1_39' title='bbox 917 347 995 375; x_wconf 86' lang='lat' dir='ltr'>Chri-</span> 
     </span>
     <span class='ocr_line' id='line_1_10' title="bbox 258 392 997 432; baseline 0.001 -11"><span class='ocrx_word' id='word_1_40' title='bbox 258 401 329 421; x_wconf 74' lang='lat' dir='ltr'>stum</span> <span class='ocrx_word' id='word_1_41' title='bbox 343 392 434 422; x_wconf 79' lang='lat' dir='ltr'>videas</span> <span class='ocrx_word' id='word_1_42' title='bbox 447 393 473 421; x_wconf 91' lang='lat' dir='ltr'>in</span> <span class='ocrx_word' id='word_1_43' title='bbox 488 392 533 421; x_wconf 93' lang='lat' dir='ltr'>die</span> <span class='ocrx_word' id='word_1_44' title='bbox 543 392 641 431; x_wconf 89' lang='lat' dir='ltr'>judicii</span> <span class='ocrx_word' id='word_1_45' title='bbox 652 415 659 429; x_wconf 92' lang='lat'>,</span> <span class='ocrx_word' id='word_1_46' title='bbox 674 403 706 420; x_wconf 90' lang='lat' dir='ltr'>ne</span> <span class='ocrx_word' id='word_1_47' title='bbox 720 403 790 421; x_wconf 86' lang='lat' dir='ltr'>meas</span> <span class='ocrx_word' id='word_1_48' title='bbox 804 403 895 432; x_wconf 87' lang='lat' dir='ltr'>preces</span> <span class='ocrx_word' id='word_1_49' title='bbox 908 393 997 432; x_wconf 83' lang='lat' dir='ltr'>despi-</span> 
     </span>
     <span class='ocr_line' id='line_1_11' title="bbox 258 437 997 474; baseline 0.001 -8"><span class='ocrx_word' id='word_1_50' title='bbox 258 439 311 466; x_wconf 86' lang='lat' dir='ltr'>cias</span> <span class='ocrx_word' id='word_1_51' title='bbox 325 449 331 465; x_wconf 85' lang='lat'>:</span> <span class='ocrx_word' id='word_1_52' title='bbox 346 445 371 467; x_wconf 87' lang='lat' dir='ltr'>et</span> <span class='ocrx_word' id='word_1_53' title='bbox 383 448 445 467; x_wconf 87' lang='lat' dir='ltr'>cum</span> <span class='ocrx_word' id='word_1_54' title='bbox 458 438 515 466; x_wconf 78' lang='lat' dir='ltr'>ltaec</span> <span class='ocrx_word' id='word_1_55' title='bbox 526 437 638 466; x_wconf 75' lang='lat' dir='ltr'><strong>dixisset</strong></span> <span class='ocrx_word' id='word_1_56' title='bbox 652 437 730 466; x_wconf 87' lang='lat' dir='ltr'>abiit.</span> <span class='ocrx_word' id='word_1_57' title='bbox 751 440 818 474; x_wconf 83' lang='lat' dir='ltr'>Quae</span> <span class='ocrx_word' id='word_1_58' title='bbox 833 449 897 467; x_wconf 80' lang='lat' dir='ltr'>vero</span> <span class='ocrx_word' id='word_1_59' title='bbox 912 439 997 468; x_wconf 80' lang='lat' dir='ltr'>fuerat</span> 
     </span>
     <span class='ocr_line' id='line_1_12' title="bbox 259 483 998 522; baseline 0.001 -10"><span class='ocrx_word' id='word_1_60' title='bbox 259 491 350 522; x_wconf 76' lang='lat' dir='ltr'>rogata</span> <span class='ocrx_word' id='word_1_61' title='bbox 360 507 369 519; x_wconf 90' lang='lat'>,</span> <span class='ocrx_word' id='word_1_62' title='bbox 396 494 458 513; x_wconf 92' lang='lat' dir='ltr'>cum</span> <span class='ocrx_word' id='word_1_63' title='bbox 485 484 611 522; x_wconf 78' lang='lat' dir='ltr'>quaedam</span> <span class='ocrx_word' id='word_1_64' title='bbox 627 483 764 513; x_wconf 87' lang='lat' dir='ltr'>incidisset</span> <span class='ocrx_word' id='word_1_65' title='bbox 787 484 941 513; x_wconf 88' lang='lat' dir='ltr'>sollicitudo</span> <span class='ocrx_word' id='word_1_66' title='bbox 964 484 998 513; x_wconf 89' lang='lat' dir='ltr'>de</span> 
     </span>
    </p>
   </div>
   <div class='ocr_carea' id='block_1_5' title="bbox 260 530 1035 569">
    <p class='ocr_par' dir='ltr' id='par_1_5' title="bbox 260 530 1035 569">
     <span class='ocr_line' id='line_1_13' title="bbox 260 530 1035 569; baseline 0.004 -11"><span class='ocrx_word' id='word_1_67' title='bbox 260 531 292 558; x_wconf 80' lang='lat' dir='ltr'>iis</span> <span class='ocrx_word' id='word_1_68' title='bbox 305 542 364 569; x_wconf 81' lang='lat' dir='ltr'>quae</span> <span class='ocrx_word' id='word_1_69' title='bbox 383 530 417 559; x_wconf 86' lang='lat' dir='ltr'>ad</span> <span class='ocrx_word' id='word_1_70' title='bbox 432 530 516 560; x_wconf 82' lang='lat' dir='ltr'>vitam</span> <span class='ocrx_word' id='word_1_71' title='bbox 541 530 694 569; x_wconf 87' lang='lat' dir='ltr'>pertinent,</span> <span class='ocrx_word' id='word_1_72' title='bbox 710 537 740 558; x_wconf 91' lang='lat' dir='ltr'>ut</span> <span class='ocrx_word' id='word_1_73' title='bbox 760 530 858 559; x_wconf 87' lang='lat' dir='ltr'>accidit</span> <span class='ocrx_word' id='word_1_74' title='bbox 872 531 899 559; x_wconf 90' lang='lat' dir='ltr'>in</span> <span class='ocrx_word' id='word_1_75' title='bbox 912 530 998 560; x_wconf 91' lang='lat' dir='ltr'>domi·</span> <span class='ocrx_word' id='word_1_76' title='bbox 1019 539 1035 561; x_wconf 87' lang='lat' dir='ltr'>F</span> 
     </span>
    </p>
   </div>
   <div class='ocr_carea' id='block_1_6' title="bbox 259 575 999 754">
    <p class='ocr_par' dir='ltr' id='par_1_6' title="bbox 259 575 999 754">
     <span class='ocr_line' id='line_1_14' title="bbox 259 575 999 615; baseline 0.003 -12"><span class='ocrx_word' id='word_1_77' title='bbox 259 576 325 612; x_wconf 82' lang='lat' dir='ltr'>hus,</span> <span class='ocrx_word' id='word_1_78' title='bbox 336 576 418 604; x_wconf 86' lang='lat' dir='ltr'>oblita</span> <span class='ocrx_word' id='word_1_79' title='bbox 434 582 481 605; x_wconf 89' lang='lat' dir='ltr'>est.</span> <span class='ocrx_word' id='word_1_80' title='bbox 495 575 598 604; x_wconf 88' lang='lat' dir='ltr'>Deinde</span> <span class='ocrx_word' id='word_1_81' title='bbox 609 582 715 614; x_wconf 87' lang='lat' dir='ltr'>repente</span> <span class='ocrx_word' id='word_1_82' title='bbox 727 576 754 604; x_wconf 91' lang='lat' dir='ltr'>in</span> <span class='ocrx_word' id='word_1_83' title='bbox 779 577 936 615; x_wconf 86' lang='lat' dir='ltr'>crepusculo</span> <span class='ocrx_word' id='word_1_84' title='bbox 951 587 999 615; x_wconf 92' lang='lat' dir='ltr'>po-</span> 
     </span>
     <span class='ocr_line' id='line_1_15' title="bbox 260 620 998 651; baseline 0.001 -2"><span class='ocrx_word' id='word_1_85' title='bbox 260 621 408 650; x_wconf 82' lang='lat' dir='ltr'>meridiano</span> <span class='ocrx_word' id='word_1_86' title='bbox 428 620 564 650; x_wconf 74' lang='lat' dir='ltr'>recordata</span> <span class='ocrx_word' id='word_1_87' title='bbox 584 628 623 650; x_wconf 89' lang='lat' dir='ltr'>est</span> <span class='ocrx_word' id='word_1_88' title='bbox 644 621 762 650; x_wconf 78' lang='lat' dir='ltr'>maxime</span> <span class='ocrx_word' id='word_1_89' title='bbox 776 621 904 650; x_wconf 91' lang='lat' dir='ltr'>horrendi</span> <span class='ocrx_word' id='word_1_90' title='bbox 923 622 998 651; x_wconf 87' lang='lat' dir='ltr'>illius</span> 
     </span>
     <span class='ocr_line' id='line_1_16' title="bbox 259 666 999 720; baseline 0.003 -25"><span class='ocrx_word' id='word_1_91' title='bbox 259 678 314 706; x_wconf 91' lang='lat' dir='ltr'>quo</span> <span class='ocrx_word' id='word_1_92' title='bbox 335 667 428 697; x_wconf 80' lang='lat' dir='ltr'>adacta</span> <span class='ocrx_word' id='word_1_93' title='bbox 451 668 537 696; x_wconf 85' lang='lat' dir='ltr'>suerat</span> <span class='ocrx_word' id='word_1_94' title='bbox 554 666 755 720; x_wconf 81' lang='lat' dir='ltr'>jurisjurandi,</span> <span class='ocrx_word' id='word_1_95' title='bbox 779 675 804 696; x_wconf 88' lang='lat' dir='ltr'>et</span> <span class='ocrx_word' id='word_1_96' title='bbox 828 668 999 697; x_wconf 82' lang='lat' dir='ltr'>vehementer</span> 
     </span>
     <span class='ocr_line' id='line_1_17' title="bbox 261 714 998 754; baseline 0.003 -12"><span class='ocrx_word' id='word_1_97' title='bbox 261 714 310 743; x_wconf 79' lang='lat' dir='ltr'>luit</span> <span class='ocrx_word' id='word_1_98' title='bbox 324 721 501 754; x_wconf 83' lang='lat' dir='ltr'>compuncta,</span> <span class='ocrx_word' id='word_1_99' title='bbox 518 721 543 742; x_wconf 83' lang='lat' dir='ltr'>et</span> <span class='ocrx_word' id='word_1_100' title='bbox 557 714 648 743; x_wconf 81' lang='lat' dir='ltr'>abiens</span> <span class='ocrx_word' id='word_1_101' title='bbox 660 715 738 743; x_wconf 81' lang='lat' dir='ltr'>enixe</span> <span class='ocrx_word' id='word_1_102' title='bbox 759 722 784 743; x_wconf 89' lang='lat' dir='ltr'>et</span> <span class='ocrx_word' id='word_1_103' title='bbox 797 715 941 754; x_wconf 77' lang='lat' dir='ltr'>diligenter</span> <span class='ocrx_word' id='word_1_104' title='bbox 955 726 998 744; x_wconf 90' lang='lat' dir='ltr'>ro-</span> 
     </span>
    </p>
   </div>
   <div class='ocr_carea' id='block_1_7' title="bbox 1010 742 1044 760">
    <p class='ocr_par' dir='ltr' id='par_1_7' title="bbox 1010 742 1044 760">
     <span class='ocr_line' id='line_1_18' title="bbox 1010 742 1044 760; baseline -0.029 0"><span class='ocrx_word' id='word_1_105' title='bbox 1010 742 1044 760; x_wconf 80' lang='lat'>505</span> 
     </span>
    </p>
   </div>
   <div class='ocr_carea' id='block_1_8' title="bbox 1020 149 1469 175">
    <p class='ocr_par' dir='ltr' id='par_1_8' title="bbox 1020 149 1469 175">
     <span class='ocr_line' id='line_1_19' title="bbox 1020 149 1469 175; baseline 0.011 -5"><span class='ocrx_word' id='word_1_106' title='bbox 1020 149 1037 170; x_wconf 68' lang='lat' dir='ltr'>A</span> <span class='ocrx_word' id='word_1_107' title='bbox 1045 150 1160 173; x_wconf 78' lang='lat' dir='ltr'>ncutEP</span> <span class='ocrx_word' id='word_1_108' title='bbox 1167 165 1174 172; x_wconf 91' lang='lat'>.</span> <span class='ocrx_word' id='word_1_109' title='bbox 1202 151 1455 175; x_wconf 66' lang='lat' dir='ltr'>CONSTANTtNOP</span> <span class='ocrx_word' id='word_1_110' title='bbox 1462 167 1469 175; x_wconf 85' lang='lat'><strong><em>.</em></strong></span> 
     </span>
    </p>
   </div>
   <div class='ocr_carea' id='block_1_9' title="bbox 1050 205 1819 752">
    <p class='ocr_par' dir='ltr' id='par_1_9' title="bbox 1050 205 1819 752">
     <span class='ocr_line' id='line_1_20' title="bbox 1051 205 1816 252; baseline 0.001 -14"><span class='ocrx_word' id='word_1_111' title='bbox 1051 205 1161 244; x_wconf 80' lang='grc' dir='ltr'>πολλους</span> <span class='ocrx_word' id='word_1_112' title='bbox 1172 211 1330 241; x_wconf 81' lang='grc' dir='ltr'>ἀναλώσασα</span> <span class='ocrx_word' id='word_1_113' title='bbox 1341 212 1468 252; x_wconf 67' lang='grc' dir='ltr'>λόγους,”</span> <span class='ocrx_word' id='word_1_114' title='bbox 1455 224 1560 251; x_wconf 84' lang='grc' dir='ltr'>υστερον</span> <span class='ocrx_word' id='word_1_115' title='bbox 1576 224 1620 240; x_wconf 88' lang='grc' dir='ltr'>και</span> <span class='ocrx_word' id='word_1_116' title='bbox 1634 223 1708 240; x_wconf 80' lang='grc' dir='ltr'>τουτο</span> <span class='ocrx_word' id='word_1_117' title='bbox 1718 211 1816 250; x_wconf 82' lang='grc' dir='ltr'>προσέ-</span> 
     </span>
     <span class='ocr_line' id='line_1_21' title="bbox 1050 256 1812 297; baseline 0.001 -14"><span class='ocrx_word' id='word_1_118' title='bbox 1050 258 1138 291; x_wconf 80' lang='grc' dir='ltr'>θηκεν,</span> <span class='ocrx_word' id='word_1_119' title='bbox 1148 258 1183 288; x_wconf 86' lang='grc' dir='ltr'>ὡς</span> <span class='ocrx_word' id='word_1_120' title='bbox 1192 256 1275 285; x_wconf 81' lang='grc' dir='ltr'>τούτω</span> <span class='ocrx_word' id='word_1_121' title='bbox 1285 258 1411 287; x_wconf 87' lang='grc' dir='ltr'>πείσουσα</span> <span class='ocrx_word' id='word_1_122' title='bbox 1424 259 1549 297; x_wconf 81' lang='grc' dir='ltr'>μάλιστα,</span> <span class='ocrx_word' id='word_1_123' title='bbox 1557 258 1654 297; x_wconf 74' lang='grc' dir='ltr'>ὅρκον</span> <span class='ocrx_word' id='word_1_124' title='bbox 1642 257 1700 286; x_wconf 74' lang='grc' dir='ltr'>τινὰ</span> <span class='ocrx_word' id='word_1_125' title='bbox 1714 268 1758 295; x_wconf 75' lang='grc' dir='ltr'>φρι</span> <span class='ocrx_word' id='word_1_126' title='bbox 1752 268 1812 285; x_wconf 83' lang='grc' dir='ltr'>,κω-</span> 
     </span>
     <span class='ocr_line' id='line_1_22' title="bbox 1050 301 1815 343; baseline 0.003 -14.003"><span class='ocrx_word' id='word_1_127' title='bbox 1050 301 1172 330; x_wconf 79' lang='grc' dir='ltr'>δεστατον</span> <span class='ocrx_word' id='word_1_128' title='bbox 1195 302 1340 340; x_wconf 69' lang='grc' dir='ltr'>ἐπάγουσα*</span> <span class='ocrx_word' id='word_1_129' title='bbox 1356 304 1397 331; x_wconf 81' lang='grc' dir='ltr'>ὁ</span> <span class='ocrx_word' id='word_1_130' title='bbox 1383 303 1410 332; x_wconf 81' lang='grc' dir='ltr'>οὲ</span> <span class='ocrx_word' id='word_1_131' title='bbox 1432 304 1507 343; x_wconf 81' lang='grc' dir='ltr'>ὅρκος</span> <span class='ocrx_word' id='word_1_132' title='bbox 1522 307 1553 339; x_wconf 84' lang='grc' dir='ltr'>ἠν</span> <span class='ocrx_word' id='word_1_133' title='bbox 1575 306 1664 336; x_wconf 78' lang='grc' dir='ltr'>οὗτος·</span> <span class='ocrx_word' id='word_1_134' title='bbox 1684 302 1751 331; x_wconf 78' lang='grc' dir='ltr'>οὕτω</span> <span class='ocrx_word' id='word_1_135' title='bbox 1771 302 1815 331; x_wconf 86' lang='grc' dir='ltr'>τὸν</span> 
     </span>
     <span class='ocr_line' id='line_1_23' title="bbox 1051 346 1815 388; baseline -0.001 -13"><span class='ocrx_word' id='word_1_136' title='bbox 1051 347 1190 385; x_wconf 72' lang='grc' dir='ltr'>Χριστὸν’</span> <span class='ocrx_word' id='word_1_137' title='bbox 1181 348 1243 380; x_wconf 67' lang='grc' dir='ltr'>ιδοις</span> <span class='ocrx_word' id='word_1_138' title='bbox 1261 350 1286 376; x_wconf 83' lang='grc' dir='ltr'>ἐν</span> <span class='ocrx_word' id='word_1_139' title='bbox 1301 348 1388 387; x_wconf 72' lang='grc' dir='ltr'>ἡμέρᾳ</span> <span class='ocrx_word' id='word_1_140' title='bbox 1397 349 1521 387; x_wconf 83' lang='grc' dir='ltr'>κρίσεως,</span> <span class='ocrx_word' id='word_1_141' title='bbox 1532 350 1568 385; x_wconf 79' lang='grc' dir='ltr'>μὴ</span> <span class='ocrx_word' id='word_1_142' title='bbox 1583 349 1696 388; x_wconf 73' lang='grc' dir='ltr'>παρίδῃς</span> <span class='ocrx_word' id='word_1_143' title='bbox 1706 359 1756 385; x_wconf 85' lang='grc' dir='ltr'>μου</span> <span class='ocrx_word' id='word_1_144' title='bbox 1768 346 1815 382; x_wconf 78' lang='grc' dir='ltr'>τὴν</span> 
     </span>
     <span class='ocr_line' id='line_1_24' title="bbox 1052 392 1817 431; baseline 0 -11"><span class='ocrx_word' id='word_1_145' title='bbox 1052 392 1173 425; x_wconf 61' lang='lat' dir='ltr'>&amp;Eunu-tv·</span> <span class='ocrx_word' id='word_1_146' title='bbox 1188 394 1233 421; x_wconf 85' lang='grc' dir='ltr'>καὶ</span> <span class='ocrx_word' id='word_1_147' title='bbox 1254 396 1337 421; x_wconf 79' lang='grc' dir='ltr'>ταῦτα</span> <span class='ocrx_word' id='word_1_148' title='bbox 1357 395 1466 422; x_wconf 79' lang='grc' dir='ltr'>εἰποῦσα</span> <span class='ocrx_word' id='word_1_149' title='bbox 1488 396 1612 430; x_wconf 67' lang='grc' dir='ltr'>ἀπῆλθεν.</span> <span class='ocrx_word' id='word_1_150' title='bbox 1627 395 1661 423; x_wconf 85' lang='grc' dir='ltr'><em>Ἡ</em></span> <span class='ocrx_word' id='word_1_151' title='bbox 1685 394 1711 423; x_wconf 76' lang='grc' dir='ltr'>δὲ</span> <span class='ocrx_word' id='word_1_152' title='bbox 1731 404 1817 431; x_wconf 85' lang='grc' dir='ltr'>παρα-</span> 
     </span>
     <span class='ocr_line' id='line_1_25' title="bbox 1052 437 1817 478; baseline 0 -12"><span class='ocrx_word' id='word_1_153' title='bbox 1052 440 1193 475; x_wconf 78' lang='grc' dir='ltr'>κληθεῖσα,</span> <span class='ocrx_word' id='word_1_154' title='bbox 1208 439 1342 478; x_wconf 72' lang='grc' dir='ltr'>φροντίδος</span> <span class='ocrx_word' id='word_1_155' title='bbox 1356 439 1425 471; x_wconf 76' lang='grc' dir='ltr'>τινὸς</span> <span class='ocrx_word' id='word_1_156' title='bbox 1439 440 1602 477; x_wconf 70' lang='grc' dir='ltr'>ἐμπεσούσης</span> <span class='ocrx_word' id='word_1_157' title='bbox 1619 442 1759 478; x_wconf 76' lang='grc' dir='ltr'>βιωτικῆς,</span> <span class='ocrx_word' id='word_1_158' title='bbox 1775 437 1817 467; x_wconf 75' lang='grc' dir='ltr'>οἵα</span> 
     </span>
     <span class='ocr_line' id='line_1_26' title="bbox 1053 482 1818 524; baseline 0 -12"><span class='ocrx_word' id='word_1_159' title='bbox 1053 483 1194 522; x_wconf 67' lang='grc' dir='ltr'>συμὲαίνει</span> <span class='ocrx_word' id='word_1_160' title='bbox 1217 486 1243 512; x_wconf 85' lang='grc' dir='ltr'>ἐν</span> <span class='ocrx_word' id='word_1_161' title='bbox 1267 489 1324 517; x_wconf 85' lang='grc' dir='ltr'>ταῖς</span> <span class='ocrx_word' id='word_1_162' title='bbox 1349 485 1456 520; x_wconf 80' lang='grc' dir='ltr'>οἰκίαις,</span> <span class='ocrx_word' id='word_1_163' title='bbox 1480 485 1629 514; x_wconf 80' lang='grc' dir='ltr'>ἐπελάθετο.</span> <span class='ocrx_word' id='word_1_164' title='bbox 1653 482 1720 515; x_wconf 73' lang='grc' dir='ltr'>Εἶτα</span> <span class='ocrx_word' id='word_1_165' title='bbox 1746 484 1818 524; x_wconf 80' lang='grc' dir='ltr'>ἄφνω</span> 
     </span>
     <span class='ocr_line' id='line_1_27' title="bbox 1053 527 1819 570; baseline 0.001 -13"><span class='ocrx_word' id='word_1_166' title='bbox 1053 530 1140 565; x_wconf 75' lang='grc' dir='ltr'>δείλης</span> <span class='ocrx_word' id='word_1_167' title='bbox 1155 529 1322 568; x_wconf 70' lang='grc' dir='ltr'>μεσημὸρίας</span> <span class='ocrx_word' id='word_1_168' title='bbox 1337 532 1372 562; x_wconf 82' lang='grc' dir='ltr'>εἷς</span> <span class='ocrx_word' id='word_1_169' title='bbox 1385 530 1492 568; x_wconf 78' lang='grc' dir='ltr'>μνήμην</span> <span class='ocrx_word' id='word_1_170' title='bbox 1506 527 1570 565; x_wconf 66' lang='grc' dir='ltr'>ἦλθε</span> <span class='ocrx_word' id='word_1_171' title='bbox 1582 533 1627 560; x_wconf 77' lang='grc' dir='ltr'>τοῦ</span> <span class='ocrx_word' id='word_1_172' title='bbox 1639 530 1819 570; x_wconf 68' lang='grc' dir='ltr'>φρικωδεστά-</span> 
     </span>
     <span class='ocr_line' id='line_1_28' title="bbox 1053 574 1819 615; baseline -0.001 -11"><span class='ocrx_word' id='word_1_173' title='bbox 1053 587 1098 604; x_wconf 86' lang='grc' dir='ltr'>του</span> <span class='ocrx_word' id='word_1_174' title='bbox 1111 574 1205 614; x_wconf 73' lang='grc' dir='ltr'>ὅρκου,</span> <span class='ocrx_word' id='word_1_175' title='bbox 1224 575 1268 604; x_wconf 79' lang='grc' dir='ltr'>καὶ</span> <span class='ocrx_word' id='word_1_176' title='bbox 1294 575 1423 614; x_wconf 84' lang='grc' dir='ltr'>κατενύγτ,</span> <span class='ocrx_word' id='word_1_177' title='bbox 1445 577 1581 615; x_wconf 66' lang='grc' dir='ltr'>σφοδρῶς,</span> <span class='ocrx_word' id='word_1_178' title='bbox 1604 576 1649 604; x_wconf 82' lang='grc' dir='ltr'>καὶ</span> <span class='ocrx_word' id='word_1_179' title='bbox 1670 577 1819 605; x_wconf 75' lang='grc' dir='ltr'>ἀπελθοῦσα</span> 
     </span>
     <span class='ocr_line' id='line_1_29' title="bbox 1053 621 1819 661; baseline 0.001 -12"><span class='ocrx_word' id='word_1_180' title='bbox 1053 621 1148 655; x_wconf 81' lang='grc' dir='ltr'>ἠξίωσε</span> <span class='ocrx_word' id='word_1_181' title='bbox 1164 621 1231 659; x_wconf 80' lang='grc' dir='ltr'>μετὰ</span> <span class='ocrx_word' id='word_1_182' title='bbox 1248 623 1346 656; x_wconf 65' lang='grc' dir='ltr'>πολλῆς</span> <span class='ocrx_word' id='word_1_183' title='bbox 1358 624 1405 657; x_wconf 78' lang='grc' dir='ltr'>τ’ἧς</span> <span class='ocrx_word' id='word_1_184' title='bbox 1419 622 1586 660; x_wconf 77' lang='grc' dir='ltr'>ἐπιμελείας,</span> <span class='ocrx_word' id='word_1_185' title='bbox 1601 621 1688 650; x_wconf 82' lang='grc' dir='ltr'>καὶτὸ</span> <span class='ocrx_word' id='word_1_186' title='bbox 1707 627 1819 661; x_wconf 81' lang='grc' dir='ltr'>πρᾶγμα</span> 
     </span>
     <span class='ocr_line' id='line_1_30' title="bbox 1053 667 1818 707; baseline 0 -12"><span class='ocrx_word' id='word_1_187' title='bbox 1053 668 1141 702; x_wconf 83' lang='grc' dir='ltr'>ἤνυσε.</span> <span class='ocrx_word' id='word_1_188' title='bbox 1155 668 1206 696; x_wconf 81' lang='grc' dir='ltr'>Καὶ</span> <span class='ocrx_word' id='word_1_189' title='bbox 1222 670 1279 696; x_wconf 85' lang='grc' dir='ltr'>κατ’</span> <span class='ocrx_word' id='word_1_190' title='bbox 1296 667 1397 703; x_wconf 80' lang='grc' dir='ltr'>ἐκείνην</span> <span class='ocrx_word' id='word_1_191' title='bbox 1418 668 1465 704; x_wconf 80' lang='grc' dir='ltr'>τὴν</span> <span class='ocrx_word' id='word_1_192' title='bbox 1479 668 1561 697; x_wconf 84' lang='grc' dir='ltr'>νύκτα</span> <span class='ocrx_word' id='word_1_193' title='bbox 1577 669 1650 707; x_wconf 71' lang='grc' dir='ltr'>ἄφνω</span> <span class='ocrx_word' id='word_1_194' title='bbox 1663 667 1723 700; x_wconf 86' lang='grc' dir='ltr'>τους</span> <span class='ocrx_word' id='word_1_195' title='bbox 1736 669 1818 707; x_wconf 79' lang='grc' dir='ltr'>οὖρα-</span> 
     </span>
     <span class='ocr_line' id='line_1_31' title="bbox 1053 708 1818 752; baseline 0.001 -12"><span class='ocrx_word' id='word_1_196' title='bbox 1053 712 1111 745; x_wconf 87' lang='grc' dir='ltr'>νους</span> <span class='ocrx_word' id='word_1_197' title='bbox 1132 708 1197 741; x_wconf 77' lang='grc' dir='ltr'>εἶδεν</span> <span class='ocrx_word' id='word_1_198' title='bbox 1214 713 1374 752; x_wconf 80' lang='grc' dir='ltr'>ἀνεῳγότας,</span> <span class='ocrx_word' id='word_1_199' title='bbox 1389 725 1433 741; x_wconf 90' lang='grc' dir='ltr'>και</span> <span class='ocrx_word' id='word_1_200' title='bbox 1453 714 1529 743; x_wconf 75' lang='grc' dir='ltr'>αὐτὸν</span> <span class='ocrx_word' id='word_1_201' title='bbox 1550 714 1594 742; x_wconf 81' lang='grc' dir='ltr'>τὸν</span> <span class='ocrx_word' id='word_1_202' title='bbox 1619 713 1752 752; x_wconf 82' lang='grc' dir='ltr'>Χριστόν·</span> <span class='ocrx_word' id='word_1_203' title='bbox 1767 708 1818 742; x_wconf 76' lang='grc' dir='ltr'>εἶδε</span> 
     </span>
    </p>
   </div>
   <div class='ocr_carea' id='block_1_10' title="bbox 260 758 1819 798">
    <p class='ocr_par' dir='ltr' id='par_1_10' title="bbox 260 758 1819 798">
     <span class='ocr_line' id='line_1_32' title="bbox 260 758 1819 798; baseline 0.003 -10"><span class='ocrx_word' id='word_1_204' title='bbox 260 760 344 798; x_wconf 80' lang='lat' dir='ltr'>gavit,</span> <span class='ocrx_word' id='word_1_205' title='bbox 359 767 383 789; x_wconf 80' lang='lat' dir='ltr'>et</span> <span class='ocrx_word' id='word_1_206' title='bbox 397 771 453 789; x_wconf 86' lang='lat' dir='ltr'>rem</span> <span class='ocrx_word' id='word_1_207' title='bbox 471 760 592 789; x_wconf 78' lang='lat' dir='ltr'>confecit.</span> <span class='ocrx_word' id='word_1_208' title='bbox 604 760 654 788; x_wconf 83' lang='lat' dir='ltr'>Illa</span> <span class='ocrx_word' id='word_1_209' title='bbox 669 767 758 789; x_wconf 81' lang='lat' dir='ltr'>autem</span> <span class='ocrx_word' id='word_1_210' title='bbox 779 768 855 790; x_wconf 87' lang='lat' dir='ltr'>nocte</span> <span class='ocrx_word' id='word_1_211' title='bbox 869 762 946 790; x_wconf 78' lang='lat' dir='ltr'>caelos</span> <span class='ocrx_word' id='word_1_212' title='bbox 959 773 995 790; x_wconf 85' lang='lat' dir='ltr'>re-</span> <span class='ocrx_word' id='word_1_213' title='bbox 1017 770 1036 791; x_wconf 76' lang='lat' dir='ltr'><strong>A</strong></span> <span class='ocrx_word' id='word_1_214' title='bbox 1054 758 1093 793; x_wconf 76' lang='grc' dir='ltr'>δὲ</span> <span class='ocrx_word' id='word_1_215' title='bbox 1104 760 1137 790; x_wconf 73' lang='grc' dir='ltr'>ὥς</span> <span class='ocrx_word' id='word_1_216' title='bbox 1150 759 1256 787; x_wconf 67' lang='grc' dir='ltr'>δυνατὸν</span> <span class='ocrx_word' id='word_1_217' title='bbox 1269 759 1371 797; x_wconf 75' lang='grc' dir='ltr'>γυναικὶ</span> <span class='ocrx_word' id='word_1_218' title='bbox 1384 760 1455 788; x_wconf 74' lang='grc' dir='ltr'>ἷὸεῑν-</span> <span class='ocrx_word' id='word_1_219' title='bbox 1465 760 1576 794; x_wconf 72' lang='grc' dir='ltr'>Ἐπειοή</span> <span class='ocrx_word' id='word_1_220' title='bbox 1589 759 1639 798; x_wconf 81' lang='grc' dir='ltr'>γὰρ</span> <span class='ocrx_word' id='word_1_221' title='bbox 1652 759 1742 792; x_wconf 80' lang='grc' dir='ltr'>ὅλως’</span> <span class='ocrx_word' id='word_1_222' title='bbox 1731 759 1819 798; x_wconf 79' lang='grc' dir='ltr'>εφρόν-</span> 
     </span>
    </p>
   </div>
   <div class='ocr_carea' id='block_1_11' title="bbox 257 806 1033 2446">
    <p class='ocr_par' dir='ltr' id='par_1_11' title="bbox 257 806 1033 2446">
     <span class='ocr_line' id='line_1_33' title="bbox 261 806 998 846; baseline 0.001 -11"><span class='ocrx_word' id='word_1_223' title='bbox 261 813 337 845; x_wconf 86' lang='lat' dir='ltr'>pente</span> <span class='ocrx_word' id='word_1_224' title='bbox 351 806 420 836; x_wconf 73' lang='lat' dir='ltr'>vidit</span> <span class='ocrx_word' id='word_1_225' title='bbox 431 813 545 846; x_wconf 83' lang='lat' dir='ltr'>apertos,</span> <span class='ocrx_word' id='word_1_226' title='bbox 557 813 582 834; x_wconf 88' lang='lat' dir='ltr'>et</span> <span class='ocrx_word' id='word_1_227' title='bbox 593 806 681 845; x_wconf 87' lang='lat' dir='ltr'>ipsum</span> <span class='ocrx_word' id='word_1_228' title='bbox 695 807 851 836; x_wconf 80' lang='lat' dir='ltr'>Christum:</span> <span class='ocrx_word' id='word_1_229' title='bbox 865 808 937 837; x_wconf 77' lang='lat' dir='ltr'>vidit</span> <span class='ocrx_word' id='word_1_230' title='bbox 952 819 998 836; x_wconf 87' lang='lat' dir='ltr'>au-</span> 
     </span>
     <span class='ocr_line' id='line_1_34' title="bbox 261 852 998 891; baseline 0.003 -11"><span class='ocrx_word' id='word_1_231' title='bbox 261 859 329 888; x_wconf 89' lang='lat' dir='ltr'>tem,</span> <span class='ocrx_word' id='word_1_232' title='bbox 341 860 371 881; x_wconf 92' lang='lat' dir='ltr'>ut</span> <span class='ocrx_word' id='word_1_233' title='bbox 381 852 469 882; x_wconf 78' lang='lat' dir='ltr'>videri</span> <span class='ocrx_word' id='word_1_234' title='bbox 481 859 585 891; x_wconf 90' lang='lat' dir='ltr'>poterat</span> <span class='ocrx_word' id='word_1_235' title='bbox 599 863 613 880; x_wconf 93' lang='lat' dir='ltr'>a</span> <span class='ocrx_word' id='word_1_236' title='bbox 629 852 748 881; x_wconf 84' lang='lat' dir='ltr'>muliere.</span> <span class='ocrx_word' id='word_1_237' title='bbox 762 853 896 888; x_wconf 83' lang='lat' dir='ltr'>Quoniam</span> <span class='ocrx_word' id='word_1_238' title='bbox 908 860 998 882; x_wconf 84' lang='lat' dir='ltr'>autem</span> 
     </span>
     <span class='ocr_line' id='line_1_35' title="bbox 258 897 998 936; baseline 0.001 -10"><span class='ocrx_word' id='word_1_239' title='bbox 258 897 474 936; x_wconf 85' lang='lat' dir='ltr'>dejurejurando</span> <span class='ocrx_word' id='word_1_240' title='bbox 496 897 547 925; x_wconf 82' lang='lat' dir='ltr'>fuit</span> <span class='ocrx_word' id='word_1_241' title='bbox 562 897 692 933; x_wconf 78' lang='lat' dir='ltr'>sollicita,</span> <span class='ocrx_word' id='word_1_242' title='bbox 709 904 734 925; x_wconf 87' lang='lat' dir='ltr'>et</span> <span class='ocrx_word' id='word_1_243' title='bbox 749 898 812 935; x_wconf 83' lang='lat' dir='ltr'>quia</span> <span class='ocrx_word' id='word_1_244' title='bbox 825 898 934 936; x_wconf 91' lang='lat' dir='ltr'>timuit,</span> <span class='ocrx_word' id='word_1_245' title='bbox 947 899 998 927; x_wconf 87' lang='lat' dir='ltr'>hac</span> 
     </span>
     <span class='ocr_line' id='line_1_36' title="bbox 260 941 998 980; baseline 0.004 -10"><span class='ocrx_word' id='word_1_246' title='bbox 260 943 363 971; x_wconf 77' lang='lat' dir='ltr'>visione</span> <span class='ocrx_word' id='word_1_247' title='bbox 385 942 468 980; x_wconf 82' lang='lat' dir='ltr'>digna</span> <span class='ocrx_word' id='word_1_248' title='bbox 489 942 541 970; x_wconf 81' lang='lat' dir='ltr'>fuit</span> <span class='ocrx_word' id='word_1_249' title='bbox 564 941 669 970; x_wconf 79' lang='lat' dir='ltr'>habita.</span> <span class='ocrx_word' id='word_1_250' title='bbox 686 942 750 971; x_wconf 88' lang='lat' dir='ltr'>Haec</span> <span class='ocrx_word' id='word_1_251' title='bbox 764 949 853 971; x_wconf 85' lang='lat' dir='ltr'>autem</span> <span class='ocrx_word' id='word_1_252' title='bbox 868 943 948 978; x_wconf 81' lang='lat' dir='ltr'>dixi,</span> <span class='ocrx_word' id='word_1_253' title='bbox 966 955 998 973; x_wconf 90' lang='lat' dir='ltr'>ne</span> 
     </span>
     <span class='ocr_line' id='line_1_37' title="bbox 259 988 998 1028; baseline 0.004 -12"><span class='ocrx_word' id='word_1_254' title='bbox 259 988 394 1028; x_wconf 87' lang='lat' dir='ltr'>despectui</span> <span class='ocrx_word' id='word_1_255' title='bbox 416 988 561 1016; x_wconf 80' lang='lat' dir='ltr'>habeamus</span> <span class='ocrx_word' id='word_1_256' title='bbox 585 988 766 1027; x_wconf 81' lang='lat' dir='ltr'>adjurationes</span> <span class='ocrx_word' id='word_1_257' title='bbox 778 1012 786 1025; x_wconf 86' lang='lat'>,</span> <span class='ocrx_word' id='word_1_258' title='bbox 804 989 922 1018; x_wconf 74' lang='lat' dir='ltr'>maxime</span> <span class='ocrx_word' id='word_1_259' title='bbox 937 1001 998 1020; x_wconf 87' lang='lat' dir='ltr'>culn</span> 
     </span>
     <span class='ocr_line' id='line_1_38' title="bbox 258 1034 997 1073; baseline 0.003 -11"><span class='ocrx_word' id='word_1_260' title='bbox 258 1034 292 1063; x_wconf 88' lang='lat' dir='ltr'>de</span> <span class='ocrx_word' id='word_1_261' title='bbox 304 1034 382 1062; x_wconf 87' lang='lat' dir='ltr'>rebus</span> <span class='ocrx_word' id='word_1_262' title='bbox 391 1034 469 1062; x_wconf 90' lang='lat' dir='ltr'>bonis</span> <span class='ocrx_word' id='word_1_263' title='bbox 485 1041 509 1062; x_wconf 85' lang='lat' dir='ltr'>et</span> <span class='ocrx_word' id='word_1_264' title='bbox 520 1034 637 1063; x_wconf 84' lang='lat' dir='ltr'>honestis</span> <span class='ocrx_word' id='word_1_265' title='bbox 653 1044 700 1063; x_wconf 90' lang='lat' dir='ltr'>nos</span> <span class='ocrx_word' id='word_1_266' title='bbox 713 1034 822 1072; x_wconf 87' lang='lat' dir='ltr'>quidam</span> <span class='ocrx_word' id='word_1_267' title='bbox 834 1035 997 1073; x_wconf 73' lang='lat' dir='ltr'>rogaverint,</span> 
     </span>
     <span class='ocr_line' id='line_1_39' title="bbox 259 1079 996 1119; baseline 0.003 -11"><span class='ocrx_word' id='word_1_268' title='bbox 259 1090 307 1118; x_wconf 86' lang='lat' dir='ltr'>pro</span> <span class='ocrx_word' id='word_1_269' title='bbox 332 1079 497 1119; x_wconf 83' lang='lat' dir='ltr'>eleemosyna</span> <span class='ocrx_word' id='word_1_270' title='bbox 508 1103 515 1115; x_wconf 94' lang='lat'>‚</span> <span class='ocrx_word' id='word_1_271' title='bbox 537 1090 586 1119; x_wconf 91' lang='lat' dir='ltr'>pro</span> <span class='ocrx_word' id='word_1_272' title='bbox 612 1079 774 1119; x_wconf 82' lang='lat' dir='ltr'>benignitate</span> <span class='ocrx_word' id='word_1_273' title='bbox 797 1087 822 1109; x_wconf 88' lang='lat' dir='ltr'>et</span> <span class='ocrx_word' id='word_1_274' title='bbox 848 1081 996 1110; x_wconf 86' lang='lat' dir='ltr'>clementia.</span> 
     </span>
     <span class='ocr_line' id='line_1_40' title="bbox 258 1126 998 1166; baseline 0.001 -11"><span class='ocrx_word' id='word_1_275' title='bbox 258 1127 337 1155; x_wconf 79' lang='lat' dir='ltr'>Nunc</span> <span class='ocrx_word' id='word_1_276' title='bbox 351 1133 440 1155; x_wconf 89' lang='lat' dir='ltr'>autem</span> <span class='ocrx_word' id='word_1_277' title='bbox 464 1126 555 1155; x_wconf 88' lang='lat' dir='ltr'>sedent</span> <span class='ocrx_word' id='word_1_278' title='bbox 579 1137 709 1165; x_wconf 81' lang='lat' dir='ltr'>pauperes</span> <span class='ocrx_word' id='word_1_279' title='bbox 728 1127 842 1166; x_wconf 88' lang='lat' dir='ltr'>pedibus</span> <span class='ocrx_word' id='word_1_280' title='bbox 856 1128 943 1156; x_wconf 87' lang='lat' dir='ltr'>manci</span> <span class='ocrx_word' id='word_1_281' title='bbox 967 1138 998 1156; x_wconf 86' lang='lat' dir='ltr'>ae</span> 
     </span>
     <span class='ocr_line' id='line_1_41' title="bbox 258 1169 998 1209; baseline 0.003 -11"><span class='ocrx_word' id='word_1_282' title='bbox 258 1170 396 1207; x_wconf 87' lang='lat' dir='ltr'>mutilati,</span> <span class='ocrx_word' id='word_1_283' title='bbox 418 1169 539 1198; x_wconf 84' lang='lat' dir='ltr'>videntes</span> <span class='ocrx_word' id='word_1_284' title='bbox 563 1176 588 1198; x_wconf 84' lang='lat' dir='ltr'>te</span> <span class='ocrx_word' id='word_1_285' title='bbox 610 1177 856 1209; x_wconf 79' lang='lat' dir='ltr'>praetercurrentem</span> <span class='ocrx_word' id='word_1_286' title='bbox 876 1183 881 1199; x_wconf 96' lang='lat'><strong>:</strong></span> <span class='ocrx_word' id='word_1_287' title='bbox 901 1171 998 1200; x_wconf 87' lang='lat' dir='ltr'>deinde</span> 
     </span>
     <span class='ocr_line' id='line_1_42' title="bbox 257 1215 1032 1256; baseline 0.003 -12"><span class='ocrx_word' id='word_1_288' title='bbox 257 1216 384 1254; x_wconf 86' lang='lat' dir='ltr'>quoniam</span> <span class='ocrx_word' id='word_1_289' title='bbox 398 1215 512 1254; x_wconf 89' lang='lat' dir='ltr'>pedibus</span> <span class='ocrx_word' id='word_1_290' title='bbox 526 1222 552 1244; x_wconf 87' lang='lat' dir='ltr'>te</span> <span class='ocrx_word' id='word_1_291' title='bbox 566 1226 618 1244; x_wconf 88' lang='lat' dir='ltr'>non</span> <span class='ocrx_word' id='word_1_292' title='bbox 634 1224 744 1255; x_wconf 88' lang='lat' dir='ltr'>possunt</span> <span class='ocrx_word' id='word_1_293' title='bbox 755 1218 857 1255; x_wconf 83' lang='lat' dir='ltr'>assequi</span> <span class='ocrx_word' id='word_1_294' title='bbox 869 1240 877 1254; x_wconf 81' lang='grc'>,</span> <span class='ocrx_word' id='word_1_295' title='bbox 891 1224 997 1256; x_wconf 83' lang='lat' dir='ltr'>sperant</span> <span class='ocrx_word' id='word_1_296' title='bbox 1016 1225 1032 1247; x_wconf 80' lang='grc' dir='ltr'><strong><em>Β</em></strong></span> 
     </span>
     <span class='ocr_line' id='line_1_43' title="bbox 257 1261 997 1301; baseline 0.004 -12"><span class='ocrx_word' id='word_1_297' title='bbox 257 1272 285 1290; x_wconf 88' lang='lat' dir='ltr'>se</span> <span class='ocrx_word' id='word_1_298' title='bbox 295 1262 381 1291; x_wconf 79' lang='lat' dir='ltr'>veluti</span> <span class='ocrx_word' id='word_1_299' title='bbox 392 1261 510 1300; x_wconf 88' lang='lat' dir='ltr'>quodam</span> <span class='ocrx_word' id='word_1_300' title='bbox 526 1261 607 1290; x_wconf 88' lang='lat' dir='ltr'>hamo</span> <span class='ocrx_word' id='word_1_301' title='bbox 627 1261 804 1301; x_wconf 70' lang='lat' dir='ltr'>adjiuationis</span> <span class='ocrx_word' id='word_1_302' title='bbox 819 1269 891 1291; x_wconf 89' lang='lat' dir='ltr'>metu</span> <span class='ocrx_word' id='word_1_303' title='bbox 911 1270 937 1292; x_wconf 89' lang='lat' dir='ltr'>tc</span> <span class='ocrx_word' id='word_1_304' title='bbox 951 1274 997 1292; x_wconf 86' lang='lat' dir='ltr'>re—</span> 
     </span>
     <span class='ocr_line' id='line_1_44' title="bbox 258 1307 997 1347; baseline 0.001 -11"><span class='ocrx_word' id='word_1_305' title='bbox 258 1314 386 1344; x_wconf 87' lang='lat' dir='ltr'>tenturos,</span> <span class='ocrx_word' id='word_1_306' title='bbox 395 1315 419 1336; x_wconf 83' lang='lat' dir='ltr'>et</span> <span class='ocrx_word' id='word_1_307' title='bbox 427 1318 522 1336; x_wconf 84' lang='lat' dir='ltr'>manus</span> <span class='ocrx_word' id='word_1_308' title='bbox 535 1307 708 1336; x_wconf 75' lang='lat' dir='ltr'>extendentes</span> <span class='ocrx_word' id='word_1_309' title='bbox 722 1309 856 1347; x_wconf 86' lang='lat' dir='ltr'>adjurant,</span> <span class='ocrx_word' id='word_1_310' title='bbox 872 1316 901 1337; x_wconf 92' lang='lat' dir='ltr'>ut</span> <span class='ocrx_word' id='word_1_311' title='bbox 913 1320 997 1338; x_wconf 91' lang='lat' dir='ltr'>unum</span> 
     </span>
     <span class='ocr_line' id='line_1_45' title="bbox 258 1353 997 1394; baseline 0.003 -12"><span class='ocrx_word' id='word_1_312' title='bbox 258 1361 304 1382; x_wconf 90' lang='lat' dir='ltr'>aut</span> <span class='ocrx_word' id='word_1_313' title='bbox 315 1353 384 1382; x_wconf 93' lang='lat' dir='ltr'>duos</span> <span class='ocrx_word' id='word_1_314' title='bbox 396 1354 466 1382; x_wconf 86' lang='lat' dir='ltr'>solos</span> <span class='ocrx_word' id='word_1_315' title='bbox 481 1353 528 1382; x_wconf 90' lang='lat' dir='ltr'>des</span> <span class='ocrx_word' id='word_1_316' title='bbox 542 1354 653 1382; x_wconf 87' lang='lat' dir='ltr'>obolos:</span> <span class='ocrx_word' id='word_1_317' title='bbox 668 1361 697 1382; x_wconf 88' lang='lat' dir='ltr'>tu</span> <span class='ocrx_word' id='word_1_318' title='bbox 712 1361 802 1383; x_wconf 83' lang='lat' dir='ltr'>autem</span> <span class='ocrx_word' id='word_1_319' title='bbox 814 1355 997 1394; x_wconf 87' lang='lat' dir='ltr'>praetercurris</span> 
     </span>
     <span class='ocr_line' id='line_1_46' title="bbox 260 1400 998 1440; baseline 0.004 -12"><span class='ocrx_word' id='word_1_320' title='bbox 260 1411 307 1439; x_wconf 86' lang='lat' dir='ltr'>per</span> <span class='ocrx_word' id='word_1_321' title='bbox 318 1407 396 1428; x_wconf 86' lang='lat' dir='ltr'>tuum</span> <span class='ocrx_word' id='word_1_322' title='bbox 411 1400 534 1439; x_wconf 78' lang='lat' dir='ltr'>adjurata</span> <span class='ocrx_word' id='word_1_323' title='bbox 544 1400 707 1428; x_wconf 84' lang='lat' dir='ltr'>Dominum:</span> <span class='ocrx_word' id='word_1_324' title='bbox 721 1408 745 1429; x_wconf 88' lang='lat' dir='ltr'>et</span> <span class='ocrx_word' id='word_1_325' title='bbox 759 1401 781 1429; x_wconf 88' lang='lat' dir='ltr'>si</span> <span class='ocrx_word' id='word_1_326' title='bbox 794 1408 819 1429; x_wconf 90' lang='lat' dir='ltr'>te</span> <span class='ocrx_word' id='word_1_327' title='bbox 833 1401 998 1440; x_wconf 71' lang='lat' dir='ltr'>adjuraverit</span> 
     </span>
     <span class='ocr_line' id='line_1_47' title="bbox 258 1446 1000 1486; baseline 0.004 -13"><span class='ocrx_word' id='word_1_328' title='bbox 258 1446 368 1483; x_wconf 87' lang='lat' dir='ltr'>quidem</span> <span class='ocrx_word' id='word_1_329' title='bbox 381 1457 428 1485; x_wconf 87' lang='lat' dir='ltr'>per</span> <span class='ocrx_word' id='word_1_330' title='bbox 440 1446 531 1474; x_wconf 84' lang='lat' dir='ltr'>oculos</span> <span class='ocrx_word' id='word_1_331' title='bbox 541 1453 586 1474; x_wconf 80' lang='lat' dir='ltr'>aut</span> <span class='ocrx_word' id='word_1_332' title='bbox 598 1446 687 1474; x_wconf 87' lang='lat' dir='ltr'>mariti</span> <span class='ocrx_word' id='word_1_333' title='bbox 698 1457 807 1485; x_wconf 82' lang='lat' dir='ltr'>peregre</span> <span class='ocrx_word' id='word_1_334' title='bbox 818 1447 941 1486; x_wconf 78' lang='lat' dir='ltr'>profecti,</span> <span class='ocrx_word' id='word_1_335' title='bbox 952 1454 1000 1476; x_wconf 87' lang='lat' dir='ltr'>aut</span> 
     </span>
     <span class='ocr_line' id='line_1_48' title="bbox 258 1491 999 1530; baseline 0.004 -12"><span class='ocrx_word' id='word_1_336' title='bbox 258 1491 325 1527; x_wconf 87' lang='lat' dir='ltr'>filii,</span> <span class='ocrx_word' id='word_1_337' title='bbox 340 1498 386 1519; x_wconf 91' lang='lat' dir='ltr'>aut</span> <span class='ocrx_word' id='word_1_338' title='bbox 396 1491 473 1526; x_wconf 82' lang='lat' dir='ltr'>filiae,</span> <span class='ocrx_word' id='word_1_339' title='bbox 484 1491 574 1519; x_wconf 82' lang='lat' dir='ltr'>statim</span> <span class='ocrx_word' id='word_1_340' title='bbox 585 1491 672 1527; x_wconf 82' lang='lat' dir='ltr'>cedis,</span> <span class='ocrx_word' id='word_1_341' title='bbox 687 1498 713 1520; x_wconf 88' lang='lat' dir='ltr'>et</span> <span class='ocrx_word' id='word_1_342' title='bbox 723 1491 786 1519; x_wconf 87' lang='lat' dir='ltr'>salit</span> <span class='ocrx_word' id='word_1_343' title='bbox 798 1492 914 1530; x_wconf 87' lang='lat' dir='ltr'>animus,</span> <span class='ocrx_word' id='word_1_344' title='bbox 929 1493 999 1521; x_wconf 82' lang='lat' dir='ltr'>inca·</span> 
     </span>
     <span class='ocr_line' id='line_1_49' title="bbox 259 1537 998 1578; baseline 0.003 -13"><span class='ocrx_word' id='word_1_345' title='bbox 259 1537 335 1566; x_wconf 85' lang='lat' dir='ltr'>lescis</span> <span class='ocrx_word' id='word_1_346' title='bbox 347 1549 353 1565; x_wconf 71' lang='grc' dir='ltr'>ε</span> <span class='ocrx_word' id='word_1_347' title='bbox 366 1538 406 1566; x_wconf 91' lang='lat' dir='ltr'>sin</span> <span class='ocrx_word' id='word_1_348' title='bbox 422 1544 512 1566; x_wconf 86' lang='lat' dir='ltr'>autem</span> <span class='ocrx_word' id='word_1_349' title='bbox 532 1548 579 1576; x_wconf 87' lang='lat' dir='ltr'>per</span> <span class='ocrx_word' id='word_1_350' title='bbox 598 1537 746 1566; x_wconf 87' lang='lat' dir='ltr'>Dominum</span> <span class='ocrx_word' id='word_1_351' title='bbox 765 1537 913 1577; x_wconf 86' lang='lat' dir='ltr'>adjurarit,</span> <span class='ocrx_word' id='word_1_352' title='bbox 930 1550 998 1578; x_wconf 61' lang='lat' dir='ltr'>prze-</span> 
     </span>
     <span class='ocr_line' id='line_1_50' title="bbox 259 1583 1033 1623; baseline 0.004 -11"><span class='ocrx_word' id='word_1_353' title='bbox 259 1584 394 1612; x_wconf 84' lang='lat' dir='ltr'>tercurris.</span> <span class='ocrx_word' id='word_1_354' title='bbox 420 1584 478 1622; x_wconf 86' lang='lat' dir='ltr'>Ego</span> <span class='ocrx_word' id='word_1_355' title='bbox 502 1590 591 1612; x_wconf 85' lang='lat' dir='ltr'>autem</span> <span class='ocrx_word' id='word_1_356' title='bbox 617 1583 716 1612; x_wconf 88' lang='lat' dir='ltr'>multas</span> <span class='ocrx_word' id='word_1_357' title='bbox 740 1585 804 1613; x_wconf 85' lang='lat' dir='ltr'>novi</span> <span class='ocrx_word' id='word_1_358' title='bbox 828 1595 887 1623; x_wconf 84' lang='lat' dir='ltr'>quae</span> <span class='ocrx_word' id='word_1_359' title='bbox 906 1585 998 1615; x_wconf 84' lang='lat' dir='ltr'>audito</span> <span class='ocrx_word' id='word_1_360' title='bbox 1016 1592 1033 1616; x_wconf 90' lang='lat' dir='ltr'>C</span> 
     </span>
     <span class='ocr_line' id='line_1_51' title="bbox 259 1629 998 1669; baseline 0.001 -11"><span class='ocrx_word' id='word_1_361' title='bbox 259 1630 377 1658; x_wconf 90' lang='lat' dir='ltr'>Domino</span> <span class='ocrx_word' id='word_1_362' title='bbox 398 1636 656 1669; x_wconf 62' lang='lat' dir='ltr'>praetercurrerunt;</span> <span class='ocrx_word' id='word_1_363' title='bbox 673 1629 706 1658; x_wconf 87' lang='lat' dir='ltr'>de</span> <span class='ocrx_word' id='word_1_364' title='bbox 727 1630 931 1669; x_wconf 87' lang='lat' dir='ltr'>pulchritudine</span> <span class='ocrx_word' id='word_1_365' title='bbox 950 1642 998 1660; x_wconf 86' lang='lat' dir='ltr'>au-</span> 
     </span>
     <span class='ocr_line' id='line_1_52' title="bbox 259 1674 998 1713; baseline 0.003 -10"><span class='ocrx_word' id='word_1_366' title='bbox 259 1681 313 1703; x_wconf 88' lang='lat' dir='ltr'>tem</span> <span class='ocrx_word' id='word_1_367' title='bbox 324 1674 440 1703; x_wconf 84' lang='lat' dir='ltr'>laudatae</span> <span class='ocrx_word' id='word_1_368' title='bbox 454 1675 489 1703; x_wconf 89' lang='lat' dir='ltr'>ab</span> <span class='ocrx_word' id='word_1_369' title='bbox 501 1674 689 1703; x_wconf 80' lang='lat' dir='ltr'>accedentibus</span> <span class='ocrx_word' id='word_1_370' title='bbox 699 1698 707 1712; x_wconf 87' lang='lat'>‚</span> <span class='ocrx_word' id='word_1_371' title='bbox 719 1675 811 1704; x_wconf 78' lang='lat' dir='ltr'>laetitia</span> <span class='ocrx_word' id='word_1_372' title='bbox 826 1683 888 1704; x_wconf 86' lang='lat' dir='ltr'>sunt</span> <span class='ocrx_word' id='word_1_373' title='bbox 899 1677 998 1713; x_wconf 61' lang='lat' dir='ltr'>effusae,</span> 
     </span>
     <span class='ocr_line' id='line_1_53' title="bbox 260 1721 1000 1760; baseline 0.004 -12"><span class='ocrx_word' id='word_1_374' title='bbox 260 1728 286 1749; x_wconf 84' lang='lat' dir='ltr'>et</span> <span class='ocrx_word' id='word_1_375' title='bbox 299 1721 425 1749; x_wconf 84' lang='lat' dir='ltr'>emollitae</span> <span class='ocrx_word' id='word_1_376' title='bbox 437 1743 444 1757; x_wconf 93' lang='lat'>,</span> <span class='ocrx_word' id='word_1_377' title='bbox 463 1727 489 1749; x_wconf 90' lang='lat' dir='ltr'>et</span> <span class='ocrx_word' id='word_1_378' title='bbox 514 1731 624 1749; x_wconf 89' lang='lat' dir='ltr'>manum</span> <span class='ocrx_word' id='word_1_379' title='bbox 639 1728 824 1759; x_wconf 78' lang='lat' dir='ltr'>porrexerunt.</span> <span class='ocrx_word' id='word_1_380' title='bbox 847 1721 887 1750; x_wconf 88' lang='lat' dir='ltr'>Eo</span> <span class='ocrx_word' id='word_1_381' title='bbox 911 1722 1000 1760; x_wconf 83' lang='lat' dir='ltr'>itaque</span> 
     </span>
     <span class='ocr_line' id='line_1_54' title="bbox 260 1765 999 1804; baseline 0.004 -11"><span class='ocrx_word' id='word_1_382' title='bbox 260 1766 371 1794; x_wconf 88' lang='lat' dir='ltr'>miseros</span> <span class='ocrx_word' id='word_1_383' title='bbox 385 1765 497 1804; x_wconf 84' lang='lat' dir='ltr'>adigunt</span> <span class='ocrx_word' id='word_1_384' title='bbox 504 1776 635 1804; x_wconf 83' lang='lat' dir='ltr'>pauperes</span> <span class='ocrx_word' id='word_1_385' title='bbox 649 1773 679 1794; x_wconf 87' lang='lat' dir='ltr'>ut</span> <span class='ocrx_word' id='word_1_386' title='bbox 694 1766 777 1794; x_wconf 89' lang='lat' dir='ltr'>risum</span> <span class='ocrx_word' id='word_1_387' title='bbox 787 1774 918 1796; x_wconf 79' lang='lat' dir='ltr'>moveant.</span> <span class='ocrx_word' id='word_1_388' title='bbox 932 1769 999 1796; x_wconf 84' lang='lat' dir='ltr'>Nam</span> 
     </span>
     <span class='ocr_line' id='line_1_55' title="bbox 260 1811 1000 1849; baseline 0.004 -10"><span class='ocrx_word' id='word_1_389' title='bbox 260 1811 387 1849; x_wconf 90' lang='lat' dir='ltr'>quoniam</span> <span class='ocrx_word' id='word_1_390' title='bbox 402 1811 490 1839; x_wconf 75' lang='lat' dir='ltr'>verbis</span> <span class='ocrx_word' id='word_1_391' title='bbox 506 1818 608 1840; x_wconf 89' lang='lat' dir='ltr'>utentes</span> <span class='ocrx_word' id='word_1_392' title='bbox 623 1812 824 1841; x_wconf 73' lang='lat' dir='ltr'>vehementibus</span> <span class='ocrx_word' id='word_1_393' title='bbox 839 1820 864 1841; x_wconf 83' lang='lat' dir='ltr'>et</span> <span class='ocrx_word' id='word_1_394' title='bbox 875 1813 982 1842; x_wconf 87' lang='lat' dir='ltr'>acribus</span> <span class='ocrx_word' id='word_1_395' title='bbox 993 1836 1000 1848; x_wconf 97' lang='lat'>‚</span> 
     </span>
     <span class='ocr_line' id='line_1_56' title="bbox 260 1856 1001 1895; baseline 0.004 -11"><span class='ocrx_word' id='word_1_396' title='bbox 260 1866 312 1884; x_wconf 90' lang='lat' dir='ltr'>non</span> <span class='ocrx_word' id='word_1_397' title='bbox 334 1863 445 1895; x_wconf 79' lang='lat' dir='ltr'>tangunt</span> <span class='ocrx_word' id='word_1_398' title='bbox 460 1856 580 1884; x_wconf 85' lang='lat' dir='ltr'>animum</span> <span class='ocrx_word' id='word_1_399' title='bbox 593 1879 600 1892; x_wconf 82' lang='lat'>,</span> <span class='ocrx_word' id='word_1_400' title='bbox 615 1856 651 1884; x_wconf 88' lang='lat' dir='ltr'>ad</span> <span class='ocrx_word' id='word_1_401' title='bbox 670 1857 739 1885; x_wconf 88' lang='lat' dir='ltr'>hanc</span> <span class='ocrx_word' id='word_1_402' title='bbox 759 1857 831 1886; x_wconf 74' lang='lat' dir='ltr'>viani</span> <span class='ocrx_word' id='word_1_403' title='bbox 854 1858 1001 1887; x_wconf 78' lang='lat' dir='ltr'>deveniunt</span> 
     </span>
     <span class='ocr_line' id='line_1_57' title="bbox 261 1902 1000 1942; baseline 0.004 -12"><span class='ocrx_word' id='word_1_404' title='bbox 261 1912 309 1941; x_wconf 86' lang='lat' dir='ltr'>per</span> <span class='ocrx_word' id='word_1_405' title='bbox 321 1913 403 1940; x_wconf 86' lang='lat' dir='ltr'>quam</span> <span class='ocrx_word' id='word_1_406' title='bbox 427 1902 545 1930; x_wconf 79' lang='lat' dir='ltr'>maxime</span> <span class='ocrx_word' id='word_1_407' title='bbox 570 1902 701 1931; x_wconf 88' lang='lat' dir='ltr'>delectant</span> <span class='ocrx_word' id='word_1_408' title='bbox 719 1914 724 1930; x_wconf 96' lang='lat'>:</span> <span class='ocrx_word' id='word_1_409' title='bbox 742 1910 767 1931; x_wconf 88' lang='lat' dir='ltr'>et</span> <span class='ocrx_word' id='word_1_410' title='bbox 783 1914 844 1932; x_wconf 86' lang='lat' dir='ltr'>eum</span> <span class='ocrx_word' id='word_1_411' title='bbox 860 1904 905 1942; x_wconf 90' lang='lat' dir='ltr'>qui</span> <span class='ocrx_word' id='word_1_412' title='bbox 919 1911 958 1933; x_wconf 87' lang='lat' dir='ltr'>est</span> <span class='ocrx_word' id='word_1_413' title='bbox 973 1905 1000 1933; x_wconf 91' lang='lat' dir='ltr'>in</span> 
     </span>
     <span class='ocr_line' id='line_1_58' title="bbox 262 1947 1000 1987; baseline 0.004 -12"><span class='ocrx_word' id='word_1_414' title='bbox 262 1947 429 1984; x_wconf 82' lang='lat' dir='ltr'>calamitate,</span> <span class='ocrx_word' id='word_1_415' title='bbox 443 1954 469 1976; x_wconf 89' lang='lat' dir='ltr'>et</span> <span class='ocrx_word' id='word_1_416' title='bbox 491 1948 560 1976; x_wconf 82' lang='lat' dir='ltr'>fame</span> <span class='ocrx_word' id='word_1_417' title='bbox 582 1948 736 1985; x_wconf 87' lang='lat' dir='ltr'>cruciatur,</span> <span class='ocrx_word' id='word_1_418' title='bbox 756 1949 828 1987; x_wconf 80' lang='lat' dir='ltr'>cogit</span> <span class='ocrx_word' id='word_1_419' title='bbox 842 1956 931 1978; x_wconf 86' lang='lat' dir='ltr'>nostra</span> <span class='ocrx_word' id='word_1_420' title='bbox 947 1949 1000 1978; x_wconf 91' lang='lat' dir='ltr'>im-</span> 
     </span>
     <span class='ocr_line' id='line_1_59' title="bbox 262 1993 1001 2032; baseline 0.001 -10"><span class='ocrx_word' id='word_1_421' title='bbox 262 1993 382 2032; x_wconf 81' lang='lat' dir='ltr'>probitas</span> <span class='ocrx_word' id='word_1_422' title='bbox 396 1993 607 2032; x_wconf 85' lang='lat' dir='ltr'>pulchritudinis</span> <span class='ocrx_word' id='word_1_423' title='bbox 619 1993 709 2022; x_wconf 87' lang='lat' dir='ltr'>dicere</span> <span class='ocrx_word' id='word_1_424' title='bbox 723 1994 883 2024; x_wconf 81' lang='lat' dir='ltr'>encomium.</span> <span class='ocrx_word' id='word_1_425' title='bbox 898 1994 932 2023; x_wconf 84' lang='lat' dir='ltr'>Et</span> <span class='ocrx_word' id='word_1_426' title='bbox 945 1995 1001 2023; x_wconf 86' lang='lat' dir='ltr'>uti—</span> 
     </span>
     <span class='ocr_line' id='line_1_60' title="bbox 262 2039 1001 2080; baseline 0.004 -13"><span class='ocrx_word' id='word_1_427' title='bbox 262 2050 324 2068; x_wconf 89' lang='lat' dir='ltr'>nam</span> <span class='ocrx_word' id='word_1_428' title='bbox 336 2039 386 2068; x_wconf 89' lang='lat' dir='ltr'>hoc</span> <span class='ocrx_word' id='word_1_429' title='bbox 408 2042 514 2077; x_wconf 71' lang='lat' dir='ltr'>solum,</span> <span class='ocrx_word' id='word_1_430' title='bbox 529 2039 574 2068; x_wconf 90' lang='lat' dir='ltr'>sed</span> <span class='ocrx_word' id='word_1_431' title='bbox 597 2040 712 2068; x_wconf 84' lang='lat' dir='ltr'>alterum</span> <span class='ocrx_word' id='word_1_432' title='bbox 735 2051 841 2079; x_wconf 88' lang='lat' dir='ltr'>quoque</span> <span class='ocrx_word' id='word_1_433' title='bbox 855 2051 937 2080; x_wconf 87' lang='lat' dir='ltr'>genus</span> <span class='ocrx_word' id='word_1_434' title='bbox 951 2041 1001 2070; x_wconf 87' lang='lat' dir='ltr'>hoc</span> 
     </span>
     <span class='ocr_line' id='line_1_61' title="bbox 260 2085 1001 2128; baseline 0.004 -15"><span class='ocrx_word' id='word_1_435' title='bbox 260 2085 383 2114; x_wconf 86' lang='lat' dir='ltr'>acerbius</span> <span class='ocrx_word' id='word_1_436' title='bbox 393 2108 400 2122; x_wconf 88' lang='lat'>,</span> <span class='ocrx_word' id='word_1_437' title='bbox 416 2095 510 2124; x_wconf 87' lang='lat' dir='ltr'>nempe</span> <span class='ocrx_word' id='word_1_438' title='bbox 524 2085 731 2125; x_wconf 69' lang='lat' dir='ltr'>przestigiatores</span> <span class='ocrx_word' id='word_1_439' title='bbox 744 2088 815 2126; x_wconf 83' lang='lat' dir='ltr'>cogit</span> <span class='ocrx_word' id='word_1_440' title='bbox 826 2098 882 2116; x_wconf 83' lang='lat' dir='ltr'>esse</span> <span class='ocrx_word' id='word_1_441' title='bbox 895 2099 1001 2128; x_wconf 85' lang='lat' dir='ltr'>paupe-</span> 
     </span>
     <span class='ocr_line' id='line_1_62' title="bbox 260 2132 1001 2170; baseline 0.003 -9"><span class='ocrx_word' id='word_1_442' title='bbox 260 2143 302 2161; x_wconf 86' lang='lat' dir='ltr'>res</span> <span class='ocrx_word' id='word_1_443' title='bbox 312 2155 322 2170; x_wconf 85' lang='lat'>,</span> <span class='ocrx_word' id='word_1_444' title='bbox 336 2143 442 2161; x_wconf 84' lang='lat' dir='ltr'>scurras</span> <span class='ocrx_word' id='word_1_445' title='bbox 456 2139 483 2160; x_wconf 88' lang='lat' dir='ltr'>et</span> <span class='ocrx_word' id='word_1_446' title='bbox 495 2132 579 2160; x_wconf 89' lang='lat' dir='ltr'>risum</span> <span class='ocrx_word' id='word_1_447' title='bbox 589 2139 735 2161; x_wconf 79' lang='lat' dir='ltr'>moventes.</span> <span class='ocrx_word' id='word_1_448' title='bbox 751 2133 866 2169; x_wconf 88' lang='lat' dir='ltr'>Quando</span> <span class='ocrx_word' id='word_1_449' title='bbox 877 2134 947 2163; x_wconf 88' lang='lat' dir='ltr'>enim</span> <span class='ocrx_word' id='word_1_450' title='bbox 960 2145 1001 2163; x_wconf 82' lang='lat' dir='ltr'>ca-</span> 
     </span>
     <span class='ocr_line' id='line_1_63' title="bbox 260 2176 1001 2217; baseline 0.003 -12"><span class='ocrx_word' id='word_1_451' title='bbox 260 2176 340 2213; x_wconf 85' lang='lat' dir='ltr'>lices,</span> <span class='ocrx_word' id='word_1_452' title='bbox 359 2176 519 2205; x_wconf 86' lang='lat' dir='ltr'>hederaceas</span> <span class='ocrx_word' id='word_1_453' title='bbox 535 2183 659 2216; x_wconf 82' lang='lat' dir='ltr'>pateras,</span> <span class='ocrx_word' id='word_1_454' title='bbox 677 2184 702 2205; x_wconf 89' lang='lat' dir='ltr'>et</span> <span class='ocrx_word' id='word_1_455' title='bbox 717 2178 813 2216; x_wconf 86' lang='lat' dir='ltr'>pocula</span> <span class='ocrx_word' id='word_1_456' title='bbox 835 2178 928 2217; x_wconf 81' lang='lat' dir='ltr'>digitis</span> <span class='ocrx_word' id='word_1_457' title='bbox 956 2179 1001 2207; x_wconf 91' lang='lat' dir='ltr'>in-</span> 
     </span>
     <span class='ocr_line' id='line_1_64' title="bbox 261 2222 1001 2262; baseline 0.005 -12"><span class='ocrx_word' id='word_1_458' title='bbox 261 2233 349 2252; x_wconf 86' lang='lat' dir='ltr'>serens</span> <span class='ocrx_word' id='word_1_459' title='bbox 373 2230 398 2252; x_wconf 92' lang='lat' dir='ltr'>et</span> <span class='ocrx_word' id='word_1_460' title='bbox 422 2223 561 2262; x_wconf 84' lang='lat' dir='ltr'>imponens</span> <span class='ocrx_word' id='word_1_461' title='bbox 584 2222 654 2251; x_wconf 88' lang='lat' dir='ltr'>ludit</span> <span class='ocrx_word' id='word_1_462' title='bbox 678 2223 826 2262; x_wconf 80' lang='lat' dir='ltr'>cymbalis,</span> <span class='ocrx_word' id='word_1_463' title='bbox 841 2231 866 2253; x_wconf 85' lang='lat' dir='ltr'>et</span> <span class='ocrx_word' id='word_1_464' title='bbox 881 2225 1001 2254; x_wconf 81' lang='lat' dir='ltr'>fistulam</span> 
     </span>
     <span class='ocr_line' id='line_1_65' title="bbox 260 2269 998 2309; baseline 0.004 -13"><span class='ocrx_word' id='word_1_465' title='bbox 260 2269 360 2297; x_wconf 85' lang='lat' dir='ltr'>habens</span> <span class='ocrx_word' id='word_1_466' title='bbox 371 2291 379 2306; x_wconf 94' lang='lat'>,</span> <span class='ocrx_word' id='word_1_467' title='bbox 394 2269 483 2308; x_wconf 85' lang='lat' dir='ltr'>turpia</span> <span class='ocrx_word' id='word_1_468' title='bbox 502 2269 603 2297; x_wconf 88' lang='lat' dir='ltr'>cantica</span> <span class='ocrx_word' id='word_1_469' title='bbox 627 2275 651 2297; x_wconf 88' lang='lat' dir='ltr'>et</span> <span class='ocrx_word' id='word_1_470' title='bbox 665 2280 754 2297; x_wconf 86' lang='lat' dir='ltr'>amore</span> <span class='ocrx_word' id='word_1_471' title='bbox 769 2269 847 2308; x_wconf 87' lang='lat' dir='ltr'>plena</span> <span class='ocrx_word' id='word_1_472' title='bbox 862 2281 910 2309; x_wconf 89' lang='lat' dir='ltr'>per</span> <span class='ocrx_word' id='word_1_473' title='bbox 922 2281 980 2299; x_wconf 87' lang='lat' dir='ltr'>eam</span> <span class='ocrx_word' id='word_1_474' title='bbox 990 2293 998 2307; x_wconf 85' lang='lat'>,</span> 
     </span>
     <span class='ocr_line' id='line_1_66' title="bbox 265 2315 999 2354; baseline 0.004 -11"><span class='ocrx_word' id='word_1_475' title='bbox 265 2323 344 2344; x_wconf 88' lang='lat' dir='ltr'>cantu</span> <span class='ocrx_word' id='word_1_476' title='bbox 355 2322 381 2344; x_wconf 90' lang='lat' dir='ltr'>et</span> <span class='ocrx_word' id='word_1_477' title='bbox 394 2326 459 2343; x_wconf 74' lang='lat' dir='ltr'>voce</span> <span class='ocrx_word' id='word_1_478' title='bbox 470 2315 567 2343; x_wconf 87' lang='lat' dir='ltr'>clamat</span> <span class='ocrx_word' id='word_1_479' title='bbox 581 2327 586 2342; x_wconf 91' lang='lat'>:</span> <span class='ocrx_word' id='word_1_480' title='bbox 604 2315 702 2344; x_wconf 84' lang='lat' dir='ltr'>deinde</span> <span class='ocrx_word' id='word_1_481' title='bbox 716 2316 793 2344; x_wconf 90' lang='lat' dir='ltr'>multi</span> <span class='ocrx_word' id='word_1_482' title='bbox 808 2317 999 2354; x_wconf 83' lang='lat' dir='ltr'>circumstant,</span> 
     </span>
     <span class='ocr_line' id='line_1_67' title="bbox 260 2361 998 2401; baseline 0.005 -13"><span class='ocrx_word' id='word_1_483' title='bbox 260 2367 285 2388; x_wconf 88' lang='lat' dir='ltr'>et</span> <span class='ocrx_word' id='word_1_484' title='bbox 301 2361 347 2389; x_wconf 85' lang='lat' dir='ltr'>alii</span> <span class='ocrx_word' id='word_1_485' title='bbox 369 2361 479 2399; x_wconf 88' lang='lat' dir='ltr'>quidem</span> <span class='ocrx_word' id='word_1_486' title='bbox 494 2362 609 2389; x_wconf 84' lang='lat' dir='ltr'>frustum</span> <span class='ocrx_word' id='word_1_487' title='bbox 624 2362 715 2400; x_wconf 53' lang='lat' dir='ltr'>lisinis,</span> <span class='ocrx_word' id='word_1_488' title='bbox 729 2362 775 2390; x_wconf 88' lang='lat' dir='ltr'>alii</span> <span class='ocrx_word' id='word_1_489' title='bbox 790 2373 854 2391; x_wconf 78' lang='lat' dir='ltr'>vero</span> <span class='ocrx_word' id='word_1_490' title='bbox 868 2363 979 2392; x_wconf 85' lang='lat' dir='ltr'>obolum</span> <span class='ocrx_word' id='word_1_491' title='bbox 990 2386 998 2401; x_wconf 93' lang='lat'>,</span> 
     </span>
     <span class='ocr_line' id='line_1_68' title="bbox 261 2406 999 2446; baseline 0.007 -13"><span class='ocrx_word' id='word_1_492' title='bbox 261 2406 308 2433; x_wconf 77' lang='lat' dir='ltr'>alii</span> <span class='ocrx_word' id='word_1_493' title='bbox 322 2417 384 2434; x_wconf 74' lang='lat' dir='ltr'>vero</span> <span class='ocrx_word' id='word_1_494' title='bbox 395 2406 497 2444; x_wconf 85' lang='lat' dir='ltr'>aliquid</span> <span class='ocrx_word' id='word_1_495' title='bbox 512 2407 587 2435; x_wconf 87' lang='lat' dir='ltr'>aliud</span> <span class='ocrx_word' id='word_1_496' title='bbox 609 2407 748 2446; x_wconf 72' lang='lat' dir='ltr'>praebent,</span> <span class='ocrx_word' id='word_1_497' title='bbox 764 2415 788 2437; x_wconf 85' lang='lat' dir='ltr'>et</span> <span class='ocrx_word' id='word_1_498' title='bbox 802 2408 850 2437; x_wconf 89' lang='lat' dir='ltr'>diu</span> <span class='ocrx_word' id='word_1_499' title='bbox 865 2410 977 2438; x_wconf 85' lang='lat' dir='ltr'>retinent</span> <span class='ocrx_word' id='word_1_500' title='bbox 991 2432 999 2446; x_wconf 92' lang='lat'>,</span> 
     </span>
    </p>
   </div>
   <div class='ocr_carea' id='block_1_12' title="bbox 1051 804 1825 2447">
    <p class='ocr_par' dir='ltr' id='par_1_12' title="bbox 1051 804 1825 2447">
     <span class='ocr_line' id='line_1_69' title="bbox 1052 804 1819 844; baseline 0 -13"><span class='ocrx_word' id='word_1_501' title='bbox 1052 815 1107 833; x_wconf 78' lang='grc' dir='ltr'>τισε</span> <span class='ocrx_word' id='word_1_502' title='bbox 1130 807 1175 832; x_wconf 80' lang='grc' dir='ltr'>τοῦ</span> <span class='ocrx_word' id='word_1_503' title='bbox 1195 806 1340 844; x_wconf 75' lang='grc' dir='ltr'>ὁρκισμοῧ,</span> <span class='ocrx_word' id='word_1_504' title='bbox 1363 805 1452 840; x_wconf 77' lang='grc' dir='ltr'>ἐπειοὴ</span> <span class='ocrx_word' id='word_1_505' title='bbox 1475 805 1609 843; x_wconf 62' lang='grc' dir='ltr'>ἕφοὲηθη,</span> <span class='ocrx_word' id='word_1_506' title='bbox 1623 807 1671 839; x_wconf 77' lang='grc' dir='ltr'>τῆς</span> <span class='ocrx_word' id='word_1_507' title='bbox 1691 804 1819 837; x_wconf 84' lang='grc' dir='ltr'>ὀπτασίας</span> 
     </span>
     <span class='ocr_line' id='line_1_70' title="bbox 1052 846 1819 890; baseline 0.003 -14"><span class='ocrx_word' id='word_1_508' title='bbox 1052 848 1202 884; x_wconf 66' lang='grc' dir='ltr'>κατηξιώθη</span> <span class='ocrx_word' id='word_1_509' title='bbox 1217 850 1324 885; x_wconf 77' lang='grc' dir='ltr'>ταύτης.</span> <span class='ocrx_word' id='word_1_510' title='bbox 1335 852 1360 879; x_wconf 90' lang='lat' dir='ltr'>T</span> <span class='ocrx_word' id='word_1_511' title='bbox 1363 853 1428 879; x_wconf 71' lang='grc' dir='ltr'>αὔτα</span> <span class='ocrx_word' id='word_1_512' title='bbox 1443 850 1470 879; x_wconf 74' lang='grc' dir='ltr'>δὲ</span> <span class='ocrx_word' id='word_1_513' title='bbox 1483 846 1566 886; x_wconf 68' lang='grc' dir='ltr'>εἶπον,</span> <span class='ocrx_word' id='word_1_514' title='bbox 1579 852 1622 880; x_wconf 76' lang='grc' dir='ltr'>ἵνα</span> <span class='ocrx_word' id='word_1_515' title='bbox 1635 850 1672 888; x_wconf 80' lang='grc' dir='ltr'>μὴ</span> <span class='ocrx_word' id='word_1_516' title='bbox 1687 862 1819 890; x_wconf 73' lang='grc' dir='ltr'>καταφρο-</span> 
     </span>
     <span class='ocr_line' id='line_1_71' title="bbox 1052 896 1818 935; baseline 0.003 -13"><span class='ocrx_word' id='word_1_517' title='bbox 1052 896 1138 932; x_wconf 75' lang='grc' dir='ltr'>νῶμεν</span> <span class='ocrx_word' id='word_1_518' title='bbox 1160 898 1212 924; x_wconf 83' lang='grc' dir='ltr'>τῶν</span> <span class='ocrx_word' id='word_1_519' title='bbox 1236 898 1380 934; x_wconf 79' lang='grc' dir='ltr'>ὁρκισμῶν,</span> <span class='ocrx_word' id='word_1_520' title='bbox 1400 896 1516 934; x_wconf 83' lang='grc' dir='ltr'>μάλιστα</span> <span class='ocrx_word' id='word_1_521' title='bbox 1538 897 1599 926; x_wconf 82' lang='grc' dir='ltr'>ὅταν</span> <span class='ocrx_word' id='word_1_522' title='bbox 1622 896 1689 934; x_wconf 80' lang='grc' dir='ltr'>ὑπὲρ</span> <span class='ocrx_word' id='word_1_523' title='bbox 1714 897 1818 935; x_wconf 79' lang='grc' dir='ltr'>ἀγαθῶν</span> 
     </span>
     <span class='ocr_line' id='line_1_72' title="bbox 1052 940 1820 981; baseline 0.003 -13"><span class='ocrx_word' id='word_1_524' title='bbox 1052 940 1215 979; x_wconf 79' lang='grc' dir='ltr'>πραγμάτων</span> <span class='ocrx_word' id='word_1_525' title='bbox 1237 943 1309 979; x_wconf 77' lang='grc' dir='ltr'>ἡμᾶς</span> <span class='ocrx_word' id='word_1_526' title='bbox 1323 954 1391 974; x_wconf 88' lang='grc' dir='ltr'>τινες</span> <span class='ocrx_word' id='word_1_527' title='bbox 1412 943 1613 981; x_wconf 70' lang='grc' dir='ltr'>παρακαλῶσιν,</span> <span class='ocrx_word' id='word_1_528' title='bbox 1626 941 1692 981; x_wconf 76' lang='grc' dir='ltr'>ὑπὲρ</span> <span class='ocrx_word' id='word_1_529' title='bbox 1712 942 1820 979; x_wconf 77' lang='grc' dir='ltr'>ἐλεημο-</span> 
     </span>
     <span class='ocr_line' id='line_1_73' title="bbox 1053 986 1820 1026; baseline 0 -11"><span class='ocrx_word' id='word_1_530' title='bbox 1053 986 1146 1022; x_wconf 82' lang='grc' dir='ltr'>σύνης,</span> <span class='ocrx_word' id='word_1_531' title='bbox 1161 986 1226 1026; x_wconf 81' lang='grc' dir='ltr'>ὑπὲρ</span> <span class='ocrx_word' id='word_1_532' title='bbox 1250 987 1456 1026; x_wconf 80' lang='grc' dir='ltr'>φιλανθρωπίας.</span> <span class='ocrx_word' id='word_1_533' title='bbox 1471 989 1525 1016; x_wconf 74' lang='grc' dir='ltr'>Νῦν</span> <span class='ocrx_word' id='word_1_534' title='bbox 1543 987 1569 1016; x_wconf 74' lang='grc' dir='ltr'>δὲ</span> <span class='ocrx_word' id='word_1_535' title='bbox 1590 987 1720 1022; x_wconf 80' lang='grc' dir='ltr'>κάθηνται</span> <span class='ocrx_word' id='word_1_536' title='bbox 1734 986 1820 1022; x_wconf 76' lang='grc' dir='ltr'>πένη-</span> 
     </span>
     <span class='ocr_line' id='line_1_74' title="bbox 1052 1032 1819 1073; baseline 0.003 -13"><span class='ocrx_word' id='word_1_537' title='bbox 1052 1043 1094 1064; x_wconf 80' lang='grc' dir='ltr'>τες</span> <span class='ocrx_word' id='word_1_538' title='bbox 1109 1032 1297 1070; x_wconf 79' lang='grc' dir='ltr'>ἔκκεκομμένοι</span> <span class='ocrx_word' id='word_1_539' title='bbox 1312 1032 1370 1066; x_wconf 77' lang='grc' dir='ltr'>τοὺς</span> <span class='ocrx_word' id='word_1_540' title='bbox 1391 1033 1491 1067; x_wconf 76' lang='grc' dir='ltr'>πόδας,</span> <span class='ocrx_word' id='word_1_541' title='bbox 1507 1033 1619 1073; x_wconf 78' lang='grc' dir='ltr'>ὁρῶντές</span> <span class='ocrx_word' id='word_1_542' title='bbox 1635 1045 1665 1061; x_wconf 84' lang='grc' dir='ltr'>σε</span> <span class='ocrx_word' id='word_1_543' title='bbox 1685 1032 1819 1072; x_wconf 80' lang='grc' dir='ltr'>παρατρέ-</span> 
     </span>
     <span class='ocr_line' id='line_1_75' title="bbox 1052 1073 1819 1117; baseline 0 -11"><span class='ocrx_word' id='word_1_544' title='bbox 1052 1089 1151 1115; x_wconf 81' lang='grc' dir='ltr'>χουσαν</span> <span class='ocrx_word' id='word_1_545' title='bbox 1161 1089 1166 1094; x_wconf 91' lang='grc'><em>·</em></span> <span class='ocrx_word' id='word_1_546' title='bbox 1190 1073 1236 1106; x_wconf 69' lang='grc' dir='ltr'>εἶτ’</span> <span class='ocrx_word' id='word_1_547' title='bbox 1261 1078 1351 1113; x_wconf 76' lang='grc' dir='ltr'>ἐπειδὴ</span> <span class='ocrx_word' id='word_1_548' title='bbox 1376 1083 1429 1112; x_wconf 86' lang='grc' dir='ltr'>τοῖς</span> <span class='ocrx_word' id='word_1_549' title='bbox 1450 1079 1527 1108; x_wconf 77' lang='grc' dir='ltr'>ποσὶν</span> <span class='ocrx_word' id='word_1_550' title='bbox 1549 1079 1760 1114; x_wconf 76' lang='grc' dir='ltr'>ἐπακολουθῆσαι</span> <span class='ocrx_word' id='word_1_551' title='bbox 1783 1078 1819 1117; x_wconf 85' lang='grc' dir='ltr'>μὴ</span> 
     </span>
     <span class='ocr_line' id='line_1_76' title="bbox 1053 1122 1820 1164; baseline 0.004 -14"><span class='ocrx_word' id='word_1_552' title='bbox 1053 1122 1188 1158; x_wconf 74' lang='grc' dir='ltr'>δύνανται,</span> <span class='ocrx_word' id='word_1_553' title='bbox 1204 1123 1324 1164; x_wconf 85' lang='grc' dir='ltr'>καθάπερ</span> <span class='ocrx_word' id='word_1_554' title='bbox 1339 1124 1473 1164; x_wconf 79' lang='grc' dir='ltr'>ἀγκίστρῳ</span> <span class='ocrx_word' id='word_1_555' title='bbox 1488 1124 1538 1152; x_wconf 79' lang='grc' dir='ltr'>τινὶ</span> <span class='ocrx_word' id='word_1_556' title='bbox 1559 1125 1726 1164; x_wconf 81' lang='grc' dir='ltr'>προσδοκῶσι</span> <span class='ocrx_word' id='word_1_557' title='bbox 1744 1124 1820 1153; x_wconf 82' lang='grc' dir='ltr'>κατέ-</span> 
     </span>
     <span class='ocr_line' id='line_1_77' title="bbox 1051 1169 1821 1210; baseline 0.003 -14"><span class='ocrx_word' id='word_1_558' title='bbox 1051 1180 1108 1206; x_wconf 77' lang='grc' dir='ltr'>χειν</span> <span class='ocrx_word' id='word_1_559' title='bbox 1124 1170 1161 1207; x_wconf 83' lang='grc' dir='ltr'>τῷ</span> <span class='ocrx_word' id='word_1_560' title='bbox 1174 1169 1247 1209; x_wconf 61' lang='grc' dir='ltr'>φόὸῳ</span> <span class='ocrx_word' id='word_1_561' title='bbox 1262 1172 1307 1198; x_wconf 81' lang='grc' dir='ltr'>τοῦ</span> <span class='ocrx_word' id='word_1_562' title='bbox 1321 1169 1414 1210; x_wconf 76' lang='grc' dir='ltr'>ὅρκου,</span> <span class='ocrx_word' id='word_1_563' title='bbox 1430 1170 1475 1198; x_wconf 77' lang='grc' dir='ltr'>καὶ</span> <span class='ocrx_word' id='word_1_564' title='bbox 1495 1169 1542 1203; x_wconf 79' lang='grc' dir='ltr'>τὰς</span> <span class='ocrx_word' id='word_1_565' title='bbox 1558 1175 1649 1209; x_wconf 83' lang='grc' dir='ltr'>χεῖρας</span> <span class='ocrx_word' id='word_1_566' title='bbox 1663 1169 1821 1202; x_wconf 80' lang='grc' dir='ltr'>ἐκτείνοντες</span> 
     </span>
     <span class='ocr_line' id='line_1_78' title="bbox 1052 1214 1820 1254; baseline 0.003 -12"><span class='ocrx_word' id='word_1_567' title='bbox 1052 1214 1205 1253; x_wconf 80' lang='grc' dir='ltr'>ὁρκίζουσιν,</span> <span class='ocrx_word' id='word_1_568' title='bbox 1215 1215 1282 1244; x_wconf 81' lang='grc' dir='ltr'>ὥστε</span> <span class='ocrx_word' id='word_1_569' title='bbox 1292 1216 1379 1244; x_wconf 73' lang='grc' dir='ltr'>δοῦναι</span> <span class='ocrx_word' id='word_1_570' title='bbox 1390 1216 1480 1245; x_wconf 63' lang='grc' dir='ltr'>ὁέολὸν</span> <span class='ocrx_word' id='word_1_571' title='bbox 1491 1215 1549 1251; x_wconf 74' lang='grc' dir='ltr'>ἕνα,</span> <span class='ocrx_word' id='word_1_572' title='bbox 1562 1216 1579 1251; x_wconf 82' lang='grc' dir='ltr'><strong>ἢ</strong></span> <span class='ocrx_word' id='word_1_573' title='bbox 1592 1216 1635 1246; x_wconf 80' lang='grc' dir='ltr'>δύο</span> <span class='ocrx_word' id='word_1_574' title='bbox 1647 1216 1736 1254; x_wconf 84' lang='grc' dir='ltr'>μόνον·</span> <span class='ocrx_word' id='word_1_575' title='bbox 1749 1214 1780 1244; x_wconf 65' lang='grc' dir='ltr'>σὺ</span> <span class='ocrx_word' id='word_1_576' title='bbox 1792 1215 1820 1245; x_wconf 81' lang='grc' dir='ltr'>δὲ</span> 
     </span>
     <span class='ocr_line' id='line_1_79' title="bbox 1052 1260 1820 1301; baseline 0.001 -12"><span class='ocrx_word' id='word_1_577' title='bbox 1052 1260 1228 1300; x_wconf 75' lang='grc' dir='ltr'>παρατρέχεις</span> <span class='ocrx_word' id='word_1_578' title='bbox 1238 1284 1246 1297; x_wconf 89' lang='grc'>,</span> <span class='ocrx_word' id='word_1_579' title='bbox 1261 1262 1304 1290; x_wconf 77' lang='grc' dir='ltr'>τὸν</span> <span class='ocrx_word' id='word_1_580' title='bbox 1317 1261 1454 1298; x_wconf 79' lang='grc' dir='ltr'>Δεσπότην</span> <span class='ocrx_word' id='word_1_581' title='bbox 1467 1262 1622 1301; x_wconf 76' lang='grc' dir='ltr'>ὑρκιζομένη</span> <span class='ocrx_word' id='word_1_582' title='bbox 1641 1262 1685 1292; x_wconf 74' lang='grc' dir='ltr'>τὸν</span> <span class='ocrx_word' id='word_1_583' title='bbox 1700 1261 1754 1291; x_wconf 87' lang='grc' dir='ltr'>σόν.</span> <span class='ocrx_word' id='word_1_584' title='bbox 1766 1261 1820 1291; x_wconf 72' lang='grc' dir='ltr'>Καὶ</span> 
     </span>
     <span class='ocr_line' id='line_1_80' title="bbox 1053 1306 1820 1347; baseline 0.004 -13"><span class='ocrx_word' id='word_1_585' title='bbox 1053 1306 1083 1334; x_wconf 80' lang='grc' dir='ltr'>ἂν</span> <span class='ocrx_word' id='word_1_586' title='bbox 1097 1307 1143 1344; x_wconf 79' lang='grc' dir='ltr'>μὲν</span> <span class='ocrx_word' id='word_1_587' title='bbox 1159 1307 1226 1335; x_wconf 77' lang='grc' dir='ltr'>κατὰ</span> <span class='ocrx_word' id='word_1_588' title='bbox 1243 1310 1294 1336; x_wconf 81' lang='grc' dir='ltr'>τῶν</span> <span class='ocrx_word' id='word_1_589' title='bbox 1307 1309 1447 1347; x_wconf 61' lang='grc' dir='ltr'>ὀφθαλμῶν</span> <span class='ocrx_word' id='word_1_590' title='bbox 1463 1307 1480 1343; x_wconf 77' lang='grc' dir='ltr'>ἢ</span> <span class='ocrx_word' id='word_1_591' title='bbox 1493 1311 1537 1337; x_wconf 76' lang='grc' dir='ltr'>τοῦ</span> <span class='ocrx_word' id='word_1_592' title='bbox 1553 1308 1644 1347; x_wconf 78' lang='grc' dir='ltr'>ἀνδρὸς</span> <span class='ocrx_word' id='word_1_593' title='bbox 1659 1311 1705 1337; x_wconf 73' lang='grc' dir='ltr'>τοῦ</span> <span class='ocrx_word' id='word_1_594' title='bbox 1720 1309 1820 1343; x_wconf 83' lang='grc' dir='ltr'>ἀποδη-</span> 
     </span>
     <span class='ocr_line' id='line_1_81' title="bbox 1053 1353 1822 1394; baseline 0.001 -13"><span class='ocrx_word' id='word_1_595' title='bbox 1053 1357 1161 1391; x_wconf 74' lang='grc' dir='ltr'>μοῦντος</span> <span class='ocrx_word' id='word_1_596' title='bbox 1173 1354 1277 1393; x_wconf 85' lang='grc' dir='ltr'>ὁρκίσῃ,</span> <span class='ocrx_word' id='word_1_597' title='bbox 1290 1353 1306 1388; x_wconf 80' lang='grc' dir='ltr'>ἢ</span> <span class='ocrx_word' id='word_1_598' title='bbox 1317 1358 1362 1383; x_wconf 72' lang='grc' dir='ltr'>τοῦ</span> <span class='ocrx_word' id='word_1_599' title='bbox 1375 1355 1490 1390; x_wconf 69' lang='grc' dir='ltr'>παιδίου,</span> <span class='ocrx_word' id='word_1_600' title='bbox 1500 1354 1516 1389; x_wconf 77' lang='grc' dir='ltr'>ἢ</span> <span class='ocrx_word' id='word_1_601' title='bbox 1525 1357 1572 1390; x_wconf 81' lang='grc' dir='ltr'>τ’ἤς</span> <span class='ocrx_word' id='word_1_602' title='bbox 1584 1354 1718 1394; x_wconf 83' lang='grc' dir='ltr'>θυγατρὸς,</span> <span class='ocrx_word' id='word_1_603' title='bbox 1728 1353 1822 1387; x_wconf 81' lang='grc' dir='ltr'>εὗθέως</span> 
     </span>
     <span class='ocr_line' id='line_1_82' title="bbox 1052 1399 1819 1439; baseline 0.003 -12"><span class='ocrx_word' id='word_1_604' title='bbox 1052 1399 1143 1435; x_wconf 80' lang='grc' dir='ltr'>εἴκεις,</span> <span class='ocrx_word' id='word_1_605' title='bbox 1158 1401 1202 1427; x_wconf 86' lang='grc' dir='ltr'>καὶ</span> <span class='ocrx_word' id='word_1_606' title='bbox 1215 1400 1356 1438; x_wconf 70' lang='grc' dir='ltr'>ε’φάλλεταί</span> <span class='ocrx_word' id='word_1_607' title='bbox 1366 1412 1411 1428; x_wconf 88' lang='grc' dir='ltr'>σου</span> <span class='ocrx_word' id='word_1_608' title='bbox 1429 1403 1444 1435; x_wconf 83' lang='grc' dir='ltr'>ἡ</span> <span class='ocrx_word' id='word_1_609' title='bbox 1458 1401 1558 1429; x_wconf 76' lang='grc' dir='ltr'>’διάνοια</span> <span class='ocrx_word' id='word_1_610' title='bbox 1574 1400 1619 1429; x_wconf 75' lang='grc' dir='ltr'>καὶ</span> <span class='ocrx_word' id='word_1_611' title='bbox 1630 1400 1802 1439; x_wconf 83' lang='grc' dir='ltr'>διαθερμαίνῃ</span> <span class='ocrx_word' id='word_1_612' title='bbox 1813 1411 1819 1417; x_wconf 94' lang='grc'><em>“</em></span> 
     </span>
     <span class='ocr_line' id='line_1_83' title="bbox 1053 1442 1820 1486; baseline 0.003 -14"><span class='ocrx_word' id='word_1_613' title='bbox 1053 1444 1082 1473; x_wconf 83' lang='grc' dir='ltr'>ἂν</span> <span class='ocrx_word' id='word_1_614' title='bbox 1095 1445 1121 1473; x_wconf 71' lang='grc' dir='ltr'>δὲ</span> <span class='ocrx_word' id='word_1_615' title='bbox 1136 1445 1179 1473; x_wconf 80' lang='grc' dir='ltr'>τὸν</span> <span class='ocrx_word' id='word_1_616' title='bbox 1189 1445 1284 1484; x_wconf 77' lang='grc' dir='ltr'>Κύριον</span> <span class='ocrx_word' id='word_1_617' title='bbox 1298 1445 1596 1486; x_wconf 73' lang='grc' dir='ltr'>ὁρκίσῃ,παρατρε’χεις.</span> <span class='ocrx_word' id='word_1_618' title='bbox 1609 1446 1715 1480; x_wconf 85' lang='grc' dir='ltr'>Πολλὰς</span> <span class='ocrx_word' id='word_1_619' title='bbox 1724 1446 1750 1475; x_wconf 81' lang='grc' dir='ltr'>δὲ</span> <span class='ocrx_word' id='word_1_620' title='bbox 1763 1442 1820 1475; x_wconf 71' lang='grc' dir='ltr'>οἶδα</span> 
     </span>
     <span class='ocr_line' id='line_1_84' title="bbox 1053 1490 1820 1531; baseline 0.003 -13"><span class='ocrx_word' id='word_1_621' title='bbox 1053 1490 1114 1528; x_wconf 78' lang='grc' dir='ltr'>ἐγὼ,</span> <span class='ocrx_word' id='word_1_622' title='bbox 1128 1490 1165 1524; x_wconf 79' lang='grc' dir='ltr'>αἲ,</span> <span class='ocrx_word' id='word_1_623' title='bbox 1180 1491 1224 1520; x_wconf 67' lang='grc' dir='ltr'>τὀν</span> <span class='ocrx_word' id='word_1_624' title='bbox 1238 1491 1285 1528; x_wconf 81' lang='grc' dir='ltr'>μὲν</span> <span class='ocrx_word' id='word_1_625' title='bbox 1297 1491 1410 1531; x_wconf 77' lang='grc' dir='ltr'>Χριστὸν</span> <span class='ocrx_word' id='word_1_626' title='bbox 1422 1492 1573 1528; x_wconf 81' lang='grc' dir='ltr'>ἀκούουσαι,</span> <span class='ocrx_word' id='word_1_627' title='bbox 1585 1492 1754 1531; x_wconf 75' lang='grc' dir='ltr'>παρέδραμον</span> <span class='ocrx_word' id='word_1_628' title='bbox 1765 1503 1771 1509; x_wconf 92' lang='grc'>·</span> <span class='ocrx_word' id='word_1_629' title='bbox 1784 1493 1820 1524; x_wconf 87' lang='grc' dir='ltr'>εἷς</span> 
     </span>
     <span class='ocr_line' id='line_1_85' title="bbox 1053 1535 1820 1578; baseline 0.004 -14"><span class='ocrx_word' id='word_1_630' title='bbox 1053 1535 1080 1565; x_wconf 73' lang='grc' dir='ltr'>δὲ</span> <span class='ocrx_word' id='word_1_631' title='bbox 1091 1537 1186 1569; x_wconf 76' lang='grc' dir='ltr'>κάλλος</span> <span class='ocrx_word' id='word_1_632' title='bbox 1201 1540 1377 1567; x_wconf 79' lang='grc' dir='ltr'>ἐπαινεθεῖσαι</span> <span class='ocrx_word' id='word_1_633' title='bbox 1392 1538 1463 1578; x_wconf 77' lang='grc' dir='ltr'>παρὰ</span> <span class='ocrx_word' id='word_1_634' title='bbox 1479 1541 1530 1567; x_wconf 78' lang='grc' dir='ltr'>τῶν</span> <span class='ocrx_word' id='word_1_635' title='bbox 1545 1538 1718 1578; x_wconf 79' lang='grc' dir='ltr'>προσιόντων,</span> <span class='ocrx_word' id='word_1_636' title='bbox 1733 1537 1820 1577; x_wconf 79' lang='grc' dir='ltr'>’διεχύ-</span> 
     </span>
     <span class='ocr_line' id='line_1_86' title="bbox 1053 1583 1820 1624; baseline 0.003 -14"><span class='ocrx_word' id='word_1_637' title='bbox 1053 1585 1145 1616; x_wconf 82' lang='grc' dir='ltr'>θησαν,</span> <span class='ocrx_word' id='word_1_638' title='bbox 1162 1583 1362 1622; x_wconf 62' lang='grc' dir='ltr'>ἐμαλάχθησαν,</span> <span class='ocrx_word' id='word_1_639' title='bbox 1379 1583 1424 1612; x_wconf 75' lang='grc' dir='ltr'>καὶ</span> <span class='ocrx_word' id='word_1_640' title='bbox 1447 1589 1524 1623; x_wconf 73' lang='grc' dir='ltr'>χεῖρα</span> <span class='ocrx_word' id='word_1_641' title='bbox 1543 1583 1651 1624; x_wconf 82' lang='grc' dir='ltr'>ὤρεξαν.</span> <span class='ocrx_word' id='word_1_642' title='bbox 1674 1585 1820 1623; x_wconf 77' lang='grc' dir='ltr'>Τοιγαροῦν</span> 
     </span>
     <span class='ocr_line' id='line_1_87' title="bbox 1053 1628 1817 1666; baseline 0.004 -10"><span class='ocrx_word' id='word_1_643' title='bbox 1053 1629 1089 1660; x_wconf 85' lang='grc' dir='ltr'>εἷς</span> <span class='ocrx_word' id='word_1_644' title='bbox 1103 1631 1178 1656; x_wconf 73' lang='grc' dir='ltr'>τοῦτο</span> <span class='ocrx_word' id='word_1_645' title='bbox 1192 1628 1250 1661; x_wconf 63' lang='grc' dir='ltr'>τοὺς</span> <span class='ocrx_word' id='word_1_646' title='bbox 1265 1629 1379 1663; x_wconf 78' lang='grc' dir='ltr'>πένητας</span> <span class='ocrx_word' id='word_1_647' title='bbox 1393 1630 1558 1665; x_wconf 81' lang='grc' dir='ltr'>κατέστησαν</span> <span class='ocrx_word' id='word_1_648' title='bbox 1579 1629 1639 1662; x_wconf 75' lang='grc' dir='ltr'>τοὺς</span> <span class='ocrx_word' id='word_1_649' title='bbox 1649 1629 1766 1666; x_wconf 79' lang='grc' dir='ltr'>ἀθλίους,</span> <span class='ocrx_word' id='word_1_650' title='bbox 1781 1631 1817 1662; x_wconf 87' lang='grc' dir='ltr'>εἷς</span> 
     </span>
     <span class='ocr_line' id='line_1_88' title="bbox 1053 1674 1818 1715; baseline 0.001 -13"><span class='ocrx_word' id='word_1_651' title='bbox 1053 1674 1082 1702; x_wconf 78' lang='grc' dir='ltr'>τὸ</span> <span class='ocrx_word' id='word_1_652' title='bbox 1096 1676 1288 1713; x_wconf 80' lang='grc' dir='ltr'>γελωτοποιεῖν.</span> <span class='ocrx_word' id='word_1_653' title='bbox 1301 1675 1410 1711; x_wconf 69' lang='grc' dir='ltr'>Ἐπειδὴ</span> <span class='ocrx_word' id='word_1_654' title='bbox 1428 1675 1478 1715; x_wconf 70' lang='grc' dir='ltr'>γὰρ</span> <span class='ocrx_word' id='word_1_655' title='bbox 1493 1675 1527 1704; x_wconf 78' lang='grc' dir='ltr'>τὰ</span> <span class='ocrx_word' id='word_1_656' title='bbox 1546 1676 1645 1714; x_wconf 71' lang='grc' dir='ltr'>σφοδρὰ</span> <span class='ocrx_word' id='word_1_657' title='bbox 1657 1675 1764 1715; x_wconf 78' lang='grc' dir='ltr'>ῥήματα</span> <span class='ocrx_word' id='word_1_658' title='bbox 1773 1675 1818 1705; x_wconf 77' lang='grc' dir='ltr'>καὶ</span> 
     </span>
     <span class='ocr_line' id='line_1_89' title="bbox 1053 1720 1819 1761; baseline 0.003 -13"><span class='ocrx_word' id='word_1_659' title='bbox 1053 1720 1136 1759; x_wconf 77' lang='grc' dir='ltr'>πικρὰ</span> <span class='ocrx_word' id='word_1_660' title='bbox 1156 1720 1275 1758; x_wconf 79' lang='grc' dir='ltr'>λέγοντες</span> <span class='ocrx_word' id='word_1_661' title='bbox 1287 1723 1315 1748; x_wconf 77' lang='grc' dir='ltr'>οὐ</span> <span class='ocrx_word' id='word_1_662' title='bbox 1334 1721 1512 1750; x_wconf 81' lang='grc' dir='ltr'>καθάπτονται</span> <span class='ocrx_word' id='word_1_663' title='bbox 1523 1723 1679 1761; x_wconf 70' lang='grc' dir='ltr'>τῆςψυχῆς,</span> <span class='ocrx_word' id='word_1_664' title='bbox 1696 1721 1740 1750; x_wconf 81' lang='grc' dir='ltr'>ἐπὶ</span> <span class='ocrx_word' id='word_1_665' title='bbox 1753 1721 1819 1750; x_wconf 85' lang='grc' dir='ltr'>ταύ-</span> 
     </span>
     <span class='ocr_line' id='line_1_90' title="bbox 1054 1763 1819 1806; baseline 0.003 -12"><span class='ocrx_word' id='word_1_666' title='bbox 1054 1778 1100 1801; x_wconf 84' lang='grc' dir='ltr'>την</span> <span class='ocrx_word' id='word_1_667' title='bbox 1121 1766 1241 1805; x_wconf 75' lang='grc' dir='ltr'>ἔρχονται</span> <span class='ocrx_word' id='word_1_668' title='bbox 1253 1766 1299 1801; x_wconf 69' lang='grc' dir='ltr'>τὴν</span> <span class='ocrx_word' id='word_1_669' title='bbox 1313 1767 1380 1800; x_wconf 67' lang='grc' dir='ltr'>ὁδον,</span> <span class='ocrx_word' id='word_1_670' title='bbox 1394 1767 1425 1795; x_wconf 74' lang='grc' dir='ltr'>δι’</span> <span class='ocrx_word' id='word_1_671' title='bbox 1438 1763 1469 1801; x_wconf 64' lang='grc' dir='ltr'>ἧς</span> <span class='ocrx_word' id='word_1_672' title='bbox 1490 1767 1606 1805; x_wconf 84' lang='grc' dir='ltr'>μάλιστα</span> <span class='ocrx_word' id='word_1_673' title='bbox 1621 1768 1758 1806; x_wconf 77' lang='grc' dir='ltr'>τέρπουσι·</span> <span class='ocrx_word' id='word_1_674' title='bbox 1773 1767 1819 1797; x_wconf 74' lang='grc' dir='ltr'>καὶ</span> 
     </span>
     <span class='ocr_line' id='line_1_91' title="bbox 1054 1812 1820 1852; baseline 0.003 -12"><span class='ocrx_word' id='word_1_675' title='bbox 1054 1812 1097 1840; x_wconf 72' lang='grc' dir='ltr'>τὸν</span> <span class='ocrx_word' id='word_1_676' title='bbox 1113 1813 1138 1840; x_wconf 82' lang='grc' dir='ltr'>ἓν</span> <span class='ocrx_word' id='word_1_677' title='bbox 1159 1817 1281 1851; x_wconf 66' lang='grc' dir='ltr'>συμφορᾷ</span> <span class='ocrx_word' id='word_1_678' title='bbox 1299 1812 1361 1840; x_wconf 81' lang='grc' dir='ltr'>ὄντα</span> <span class='ocrx_word' id='word_1_679' title='bbox 1383 1812 1427 1840; x_wconf 75' lang='grc' dir='ltr'>καὶ</span> <span class='ocrx_word' id='word_1_680' title='bbox 1442 1813 1492 1841; x_wconf 75' lang='grc' dir='ltr'>ὑπὸ</span> <span class='ocrx_word' id='word_1_681' title='bbox 1506 1816 1550 1841; x_wconf 77' lang='grc' dir='ltr'>τοῦ</span> <span class='ocrx_word' id='word_1_682' title='bbox 1575 1814 1653 1850; x_wconf 75' lang='grc' dir='ltr'>λιμοῦ</span> <span class='ocrx_word' id='word_1_683' title='bbox 1674 1813 1820 1852; x_wconf 44' lang='grc' dir='ltr'>ἀγχόμενον</span> 
     </span>
     <span class='ocr_line' id='line_1_92' title="bbox 1055 1858 1820 1897; baseline 0.003 -12"><span class='ocrx_word' id='word_1_684' title='bbox 1055 1858 1203 1896; x_wconf 71' lang='grc' dir='ltr'>ἠνάγκασεν</span> <span class='ocrx_word' id='word_1_685' title='bbox 1216 1861 1232 1893; x_wconf 77' lang='grc' dir='ltr'>ἦ</span> <span class='ocrx_word' id='word_1_686' title='bbox 1245 1858 1329 1893; x_wconf 65' lang='grc' dir='ltr'>πολλὴ</span> <span class='ocrx_word' id='word_1_687' title='bbox 1344 1858 1475 1897; x_wconf 71' lang='grc' dir='ltr'>φαυλότης</span> <span class='ocrx_word' id='word_1_688' title='bbox 1487 1861 1563 1896; x_wconf 71' lang='grc' dir='ltr'>ἡμῶν</span> <span class='ocrx_word' id='word_1_689' title='bbox 1576 1859 1686 1892; x_wconf 86' lang='grc' dir='ltr'>κάλλους</span> <span class='ocrx_word' id='word_1_690' title='bbox 1700 1858 1820 1897; x_wconf 81' lang='grc' dir='ltr'>ἐγκώμια</span> 
     </span>
     <span class='ocr_line' id='line_1_93' title="bbox 1055 1904 1820 1959; baseline 0.001 -28"><span class='ocrx_word' id='word_1_691' title='bbox 1055 1904 1139 1959; x_wconf 73' lang='grc' dir='ltr'>λέγειν</span> <span class='ocrx_word' id='word_1_692' title='bbox 1155 1916 1213 1936; x_wconf 88' lang='grc' dir='ltr'>τους</span> <span class='ocrx_word' id='word_1_693' title='bbox 1226 1906 1403 1936; x_wconf 74' lang='grc' dir='ltr'>ἐπαιτοῦντας.</span> <span class='ocrx_word' id='word_1_694' title='bbox 1418 1904 1471 1933; x_wconf 89' lang='grc' dir='ltr'>Και</span> <span class='ocrx_word' id='word_1_695' title='bbox 1491 1905 1542 1933; x_wconf 89' lang='grc' dir='ltr'>εἴθε</span> <span class='ocrx_word' id='word_1_696' title='bbox 1556 1916 1632 1933; x_wconf 86' lang='grc' dir='ltr'>τουτο</span> <span class='ocrx_word' id='word_1_697' title='bbox 1651 1904 1738 1942; x_wconf 77' lang='grc' dir='ltr'>μόνον,</span> <span class='ocrx_word' id='word_1_698' title='bbox 1752 1904 1820 1933; x_wconf 84' lang='grc' dir='ltr'>ἀλλα</span> 
     </span>
     <span class='ocr_line' id='line_1_94' title="bbox 1055 1945 1821 2005; baseline 0.001 -27"><span class='ocrx_word' id='word_1_699' title='bbox 1055 1961 1100 1978; x_wconf 90' lang='grc' dir='ltr'>και</span> <span class='ocrx_word' id='word_1_700' title='bbox 1112 1948 1198 2005; x_wconf 77' lang='grc' dir='ltr'>ἕτερον</span> <span class='ocrx_word' id='word_1_701' title='bbox 1210 1945 1275 1982; x_wconf 66' lang='grc' dir='ltr'>εἶδος</span> <span class='ocrx_word' id='word_1_702' title='bbox 1289 1949 1380 1978; x_wconf 63' lang='lat' dir='ltr'>wirot»</span> <span class='ocrx_word' id='word_1_703' title='bbox 1394 1949 1600 1989; x_wconf 33' lang='grc' dir='ltr'>ι[Ὶοιλεπόιτεροψ</span> <span class='ocrx_word' id='word_1_704' title='bbox 1612 1949 1821 1988; x_wconf 85' lang='grc' dir='ltr'>θαυματοποιους</span> 
     </span>
     <span class='ocr_line' id='line_1_95' title="bbox 1056 1994 1821 2035; baseline 0 -11"><span class='ocrx_word' id='word_1_705' title='bbox 1056 2007 1113 2027; x_wconf 83' lang='grc' dir='ltr'>τους</span> <span class='ocrx_word' id='word_1_706' title='bbox 1129 2007 1243 2030; x_wconf 82' lang='grc' dir='ltr'>πενητας</span> <span class='ocrx_word' id='word_1_707' title='bbox 1258 1994 1405 2033; x_wconf 75' lang='grc' dir='ltr'>ἠνάγκασεν</span> <span class='ocrx_word' id='word_1_708' title='bbox 1429 1998 1493 2023; x_wconf 78' lang='grc' dir='ltr'>εἶναι</span> <span class='ocrx_word' id='word_1_709' title='bbox 1513 1995 1558 2024; x_wconf 82' lang='grc' dir='ltr'>καὶ</span> <span class='ocrx_word' id='word_1_710' title='bbox 1577 1995 1762 2035; x_wconf 85' lang='grc' dir='ltr'>αἷσχρολόγους</span> <span class='ocrx_word' id='word_1_711' title='bbox 1776 2007 1821 2024; x_wconf 87' lang='grc' dir='ltr'>και</span> 
     </span>
     <span class='ocr_line' id='line_1_96' title="bbox 1055 2040 1822 2079; baseline 0.003 -11.021"><span class='ocrx_word' id='word_1_712' title='bbox 1055 2040 1251 2079; x_wconf 78' lang='grc' dir='ltr'>γελωτοποιούς.</span> <span class='ocrx_word' id='word_1_713' title='bbox 1268 2040 1352 2069; x_wconf 57' lang='grc' dir='ltr'>’Όταν</span> <span class='ocrx_word' id='word_1_714' title='bbox 1373 2040 1425 2079; x_wconf 77' lang='grc' dir='ltr'>γὰρ</span> <span class='ocrx_word' id='word_1_715' title='bbox 1445 2040 1553 2074; x_wconf 83' lang='grc' dir='ltr'>κύλικας</span> <span class='ocrx_word' id='word_1_716' title='bbox 1571 2040 1616 2070; x_wconf 77' lang='grc' dir='ltr'>καὶ</span> <span class='ocrx_word' id='word_1_717' title='bbox 1639 2041 1762 2070; x_wconf 74' lang='grc' dir='ltr'>κισσύὸια</span> <span class='ocrx_word' id='word_1_718' title='bbox 1776 2041 1822 2070; x_wconf 79' lang='grc' dir='ltr'>καὶ</span> 
     </span>
     <span class='ocr_line' id='line_1_97' title="bbox 1056 2086 1822 2126; baseline 0.003 -12"><span class='ocrx_word' id='word_1_719' title='bbox 1056 2087 1171 2126; x_wconf 74' lang='grc' dir='ltr'>ποτήρια</span> <span class='ocrx_word' id='word_1_720' title='bbox 1184 2091 1237 2119; x_wconf 84' lang='grc' dir='ltr'>τοῖς</span> <span class='ocrx_word' id='word_1_721' title='bbox 1252 2086 1391 2119; x_wconf 74' lang='grc' dir='ltr'>δακτύλοις</span> <span class='ocrx_word' id='word_1_722' title='bbox 1411 2087 1526 2125; x_wconf 79' lang='grc' dir='ltr'>ἐνείρων,</span> <span class='ocrx_word' id='word_1_723' title='bbox 1537 2086 1582 2115; x_wconf 80' lang='grc' dir='ltr'>καὶ</span> <span class='ocrx_word' id='word_1_724' title='bbox 1600 2087 1741 2126; x_wconf 81' lang='grc' dir='ltr'>περιτιθεὶς</span> <span class='ocrx_word' id='word_1_725' title='bbox 1752 2099 1822 2126; x_wconf 87' lang='grc' dir='ltr'>κυμ-</span> 
     </span>
     <span class='ocr_line' id='line_1_98' title="bbox 1057 2132 1824 2172; baseline -0.001 -11"><span class='ocrx_word' id='word_1_726' title='bbox 1057 2133 1165 2172; x_wconf 65' lang='grc' dir='ltr'>ίαλίζῃ,</span> <span class='ocrx_word' id='word_1_727' title='bbox 1177 2132 1222 2161; x_wconf 73' lang='grc' dir='ltr'>καὶ</span> <span class='ocrx_word' id='word_1_728' title='bbox 1235 2132 1345 2171; x_wconf 81' lang='grc' dir='ltr'>σύριγγα</span> <span class='ocrx_word' id='word_1_729' title='bbox 1361 2133 1428 2172; x_wconf 69' lang='grc' dir='ltr'>ἔχων</span> <span class='ocrx_word' id='word_1_730' title='bbox 1448 2133 1497 2172; x_wconf 77' lang='grc' dir='ltr'>ᾅδῃ</span> <span class='ocrx_word' id='word_1_731' title='bbox 1513 2133 1546 2160; x_wconf 87' lang='grc' dir='ltr'>δι’</span> <span class='ocrx_word' id='word_1_732' title='bbox 1564 2133 1645 2167; x_wconf 76' lang='grc' dir='ltr'>αὐτῆς</span> <span class='ocrx_word' id='word_1_733' title='bbox 1663 2132 1696 2162; x_wconf 79' lang='grc' dir='ltr'>τὰ</span> <span class='ocrx_word' id='word_1_734' title='bbox 1715 2133 1824 2171; x_wconf 80' lang='grc' dir='ltr'>ᾅσματα</span> 
     </span>
     <span class='ocr_line' id='line_1_99' title="bbox 1056 2177 1823 2218; baseline -0.001 -10"><span class='ocrx_word' id='word_1_735' title='bbox 1056 2180 1090 2208; x_wconf 70' lang='grc' dir='ltr'>τὰ</span> <span class='ocrx_word' id='word_1_736' title='bbox 1105 2179 1202 2218; x_wconf 52' lang='lat' dir='ltr'>otio-sp&amp;</span> <span class='ocrx_word' id='word_1_737' title='bbox 1227 2178 1272 2207; x_wconf 83' lang='grc' dir='ltr'>καὶ</span> <span class='ocrx_word' id='word_1_738' title='bbox 1294 2178 1388 2217; x_wconf 82' lang='grc' dir='ltr'>ἔρωτος</span> <span class='ocrx_word' id='word_1_739' title='bbox 1403 2177 1533 2217; x_wconf 80' lang='grc' dir='ltr'>γέμοντα,</span> <span class='ocrx_word' id='word_1_740' title='bbox 1546 2177 1591 2206; x_wconf 73' lang='grc' dir='ltr'>καὶ</span> <span class='ocrx_word' id='word_1_741' title='bbox 1614 2178 1656 2207; x_wconf 83' lang='grc' dir='ltr'>διὰ</span> <span class='ocrx_word' id='word_1_742' title='bbox 1675 2180 1722 2214; x_wconf 70' lang='grc' dir='ltr'>τῆς</span> <span class='ocrx_word' id='word_1_743' title='bbox 1736 2180 1823 2218; x_wconf 70' lang='grc' dir='ltr'>φωνῆς</span> 
     </span>
     <span class='ocr_line' id='line_1_100' title="bbox 1057 2221 1824 2264; baseline -0.001 -10"><span class='ocrx_word' id='word_1_744' title='bbox 1057 2225 1173 2264; x_wconf 65' lang='grc' dir='ltr'>ἀναέοᾷ·</span> <span class='ocrx_word' id='word_1_745' title='bbox 1186 2221 1242 2253; x_wconf 71' lang='grc' dir='ltr'>εἶτα</span> <span class='ocrx_word' id='word_1_746' title='bbox 1253 2225 1344 2253; x_wconf 82' lang='grc' dir='ltr'>πολλοὶ</span> <span class='ocrx_word' id='word_1_747' title='bbox 1355 2224 1549 2264; x_wconf 76' lang='grc' dir='ltr'>περιεστήκωσι</span> <span class='ocrx_word' id='word_1_748' title='bbox 1557 2245 1565 2259; x_wconf 84' lang='grc'>,</span> <span class='ocrx_word' id='word_1_749' title='bbox 1576 2224 1622 2253; x_wconf 80' lang='grc' dir='ltr'>καὶ</span> <span class='ocrx_word' id='word_1_750' title='bbox 1634 2226 1658 2254; x_wconf 81' lang='grc' dir='ltr'>οἱ</span> <span class='ocrx_word' id='word_1_751' title='bbox 1671 2223 1718 2263; x_wconf 80' lang='grc' dir='ltr'>μὲν</span> <span class='ocrx_word' id='word_1_752' title='bbox 1729 2224 1824 2264; x_wconf 68' lang='grc' dir='ltr'>τρύφος</span> 
     </span>
     <span class='ocr_line' id='line_1_101' title="bbox 1057 2269 1822 2311; baseline -0.003 -11"><span class='ocrx_word' id='word_1_753' title='bbox 1057 2272 1152 2311; x_wconf 77' lang='grc' dir='ltr'>ἄρτου,</span> <span class='ocrx_word' id='word_1_754' title='bbox 1165 2272 1188 2299; x_wconf 86' lang='grc' dir='ltr'>οἱ</span> <span class='ocrx_word' id='word_1_755' title='bbox 1206 2270 1232 2298; x_wconf 80' lang='grc' dir='ltr'>δὲ</span> <span class='ocrx_word' id='word_1_756' title='bbox 1249 2270 1349 2304; x_wconf 71' lang='grc' dir='ltr'>ὀὸολὸν,</span> <span class='ocrx_word' id='word_1_757' title='bbox 1364 2271 1388 2297; x_wconf 82' lang='grc' dir='ltr'>οἱ</span> <span class='ocrx_word' id='word_1_758' title='bbox 1405 2269 1431 2299; x_wconf 78' lang='grc' dir='ltr'>δὲ</span> <span class='ocrx_word' id='word_1_759' title='bbox 1455 2269 1542 2310; x_wconf 78' lang='grc' dir='ltr'>ἔτερόν</span> <span class='ocrx_word' id='word_1_760' title='bbox 1564 2282 1590 2298; x_wconf 85' lang='grc' dir='ltr'>τι</span> <span class='ocrx_word' id='word_1_761' title='bbox 1609 2270 1760 2309; x_wconf 77' lang='grc' dir='ltr'>παρέχωσι,</span> <span class='ocrx_word' id='word_1_762' title='bbox 1778 2270 1822 2299; x_wconf 81' lang='grc' dir='ltr'>καὶ</span> 
     </span>
     <span class='ocr_line' id='line_1_102' title="bbox 1056 2314 1824 2355; baseline -0.001 -10"><span class='ocrx_word' id='word_1_763' title='bbox 1056 2316 1205 2355; x_wconf 72' lang='grc' dir='ltr'>κατέχωσιν</span> <span class='ocrx_word' id='word_1_764' title='bbox 1219 2316 1262 2343; x_wconf 76' lang='grc' dir='ltr'>ἐπὶ</span> <span class='ocrx_word' id='word_1_765' title='bbox 1282 2314 1365 2351; x_wconf 73' lang='grc' dir='ltr'>πολὺ,</span> <span class='ocrx_word' id='word_1_766' title='bbox 1380 2315 1425 2344; x_wconf 77' lang='grc' dir='ltr'>καὶ</span> <span class='ocrx_word' id='word_1_767' title='bbox 1439 2315 1588 2354; x_wconf 77' lang='grc' dir='ltr'>τέρπωνται</span> <span class='ocrx_word' id='word_1_768' title='bbox 1610 2316 1655 2344; x_wconf 78' lang='grc' dir='ltr'>καὶ</span> <span class='ocrx_word' id='word_1_769' title='bbox 1669 2316 1760 2355; x_wconf 83' lang='grc' dir='ltr'>ἄνδρες</span> <span class='ocrx_word' id='word_1_770' title='bbox 1778 2316 1824 2345; x_wconf 81' lang='grc' dir='ltr'>καὶ</span> 
     </span>
     <span class='ocr_line' id='line_1_103' title="bbox 1056 2360 1823 2402; baseline 0.001 -12"><span class='ocrx_word' id='word_1_771' title='bbox 1056 2366 1191 2402; x_wconf 86' lang='grc' dir='ltr'>γυναῖκες,</span> <span class='ocrx_word' id='word_1_772' title='bbox 1203 2361 1229 2389; x_wconf 84' lang='grc' dir='ltr'>τί</span> <span class='ocrx_word' id='word_1_773' title='bbox 1240 2360 1331 2390; x_wconf 77' lang='grc' dir='ltr'>τούτου</span> <span class='ocrx_word' id='word_1_774' title='bbox 1350 2361 1624 2400; x_wconf 74' lang='grc' dir='ltr'>χαλεπώτερον;οὖχὶ</span> <span class='ocrx_word' id='word_1_775' title='bbox 1644 2363 1742 2391; x_wconf 80' lang='grc' dir='ltr'>πολλοῦ</span> <span class='ocrx_word' id='word_1_776' title='bbox 1764 2373 1823 2391; x_wconf 80' lang='grc' dir='ltr'>στε-</span> 
     </span>
     <span class='ocr_line' id='line_1_104' title="bbox 1055 2406 1825 2447; baseline -0.001 -10"><span class='ocrx_word' id='word_1_777' title='bbox 1055 2410 1155 2447; x_wconf 79' lang='grc' dir='ltr'>ναγμοῦ</span> <span class='ocrx_word' id='word_1_778' title='bbox 1178 2411 1260 2436; x_wconf 67' lang='grc' dir='ltr'>ταῦτα</span> <span class='ocrx_word' id='word_1_779' title='bbox 1287 2406 1360 2442; x_wconf 82' lang='grc' dir='ltr'>ἄξια;</span> <span class='ocrx_word' id='word_1_780' title='bbox 1388 2407 1479 2447; x_wconf 78' lang='grc' dir='ltr'>Μικρᾶ</span> <span class='ocrx_word' id='word_1_781' title='bbox 1507 2407 1553 2445; x_wconf 81' lang='grc' dir='ltr'>μέν</span> <span class='ocrx_word' id='word_1_782' title='bbox 1575 2408 1645 2443; x_wconf 79' lang='grc' dir='ltr'>ἐστι,</span> <span class='ocrx_word' id='word_1_783' title='bbox 1659 2408 1705 2436; x_wconf 84' lang='grc' dir='ltr'>καὶ</span> <span class='ocrx_word' id='word_1_784' title='bbox 1724 2409 1825 2446; x_wconf 85' lang='grc' dir='ltr'>νομίζε-</span> 
     </span>
    </p>
   </div>
   <div class='ocr_carea' id='block_1_13' title="bbox 261 2451 1822 2493">
    <p class='ocr_par' dir='ltr' id='par_1_13' title="bbox 261 2451 1822 2493">
     <span class='ocr_line' id='line_1_105' title="bbox 261 2451 1822 2493; baseline 0.001 -14"><span class='ocrx_word' id='word_1_785' title='bbox 261 2459 286 2480; x_wconf 86' lang='lat' dir='ltr'>ct</span> <span class='ocrx_word' id='word_1_786' title='bbox 299 2451 464 2480; x_wconf 84' lang='lat' dir='ltr'>delectantur</span> <span class='ocrx_word' id='word_1_787' title='bbox 476 2459 501 2480; x_wconf 86' lang='lat' dir='ltr'>et</span> <span class='ocrx_word' id='word_1_788' title='bbox 524 2452 577 2481; x_wconf 81' lang='lat' dir='ltr'>viri</span> <span class='ocrx_word' id='word_1_789' title='bbox 598 2459 622 2481; x_wconf 90' lang='lat' dir='ltr'>et</span> <span class='ocrx_word' id='word_1_790' title='bbox 647 2454 772 2482; x_wconf 89' lang='lat' dir='ltr'>mulieres</span> <span class='ocrx_word' id='word_1_791' title='bbox 787 2466 793 2481; x_wconf 91' lang='lat'><strong>:</strong></span> <span class='ocrx_word' id='word_1_792' title='bbox 809 2454 876 2493; x_wconf 88' lang='lat' dir='ltr'>quid</span> <span class='ocrx_word' id='word_1_793' title='bbox 890 2462 928 2484; x_wconf 91' lang='lat' dir='ltr'>est</span> <span class='ocrx_word' id='word_1_794' title='bbox 951 2456 1001 2484; x_wconf 90' lang='lat' dir='ltr'>hoc</span> <span class='ocrx_word' id='word_1_795' title='bbox 1019 2463 1037 2486; x_wconf 84' lang='grc' dir='ltr'>Ε</span> <span class='ocrx_word' id='word_1_796' title='bbox 1055 2467 1099 2483; x_wconf 83' lang='grc' dir='ltr'>ται</span> <span class='ocrx_word' id='word_1_797' title='bbox 1117 2453 1328 2492; x_wconf 76' lang='grc' dir='ltr'>μικρά-μεγάλα</span> <span class='ocrx_word' id='word_1_798' title='bbox 1341 2452 1366 2482; x_wconf 76' lang='grc' dir='ltr'>δὲ</span> <span class='ocrx_word' id='word_1_799' title='bbox 1381 2452 1546 2482; x_wconf 80' lang='grc' dir='ltr'>ἐναποτίκτει</span> <span class='ocrx_word' id='word_1_800' title='bbox 1565 2457 1619 2485; x_wconf 87' lang='grc' dir='ltr'>τοῖς</span> <span class='ocrx_word' id='word_1_801' title='bbox 1640 2453 1728 2488; x_wconf 86' lang='grc' dir='ltr'>ἤθεσιν</span> <span class='ocrx_word' id='word_1_802' title='bbox 1747 2455 1822 2491; x_wconf 79' lang='grc' dir='ltr'>ἡμῶν</span> 
     </span>
    </p>
   </div>
   <div class='ocr_carea' id='block_1_14' title="bbox 263 2496 1000 2585">
    <p class='ocr_par' dir='ltr' id='par_1_14' title="bbox 263 2496 1000 2585">
     <span class='ocr_line' id='line_1_106' title="bbox 263 2496 1000 2539; baseline 0.009 -16"><span class='ocrx_word' id='word_1_803' title='bbox 263 2496 392 2534; x_wconf 63' lang='lat' dir='ltr'>gravius?</span> <span class='ocrx_word' id='word_1_804' title='bbox 406 2507 491 2524; x_wconf 87' lang='lat' dir='ltr'>annon</span> <span class='ocrx_word' id='word_1_805' title='bbox 507 2504 567 2525; x_wconf 89' lang='lat' dir='ltr'>sunt</span> <span class='ocrx_word' id='word_1_806' title='bbox 580 2498 636 2526; x_wconf 65' lang='lat' dir='ltr'>haec</span> <span class='ocrx_word' id='word_1_807' title='bbox 647 2498 726 2527; x_wconf 70' lang='lat' dir='ltr'>valde</span> <span class='ocrx_word' id='word_1_808' title='bbox 736 2499 900 2539; x_wconf 84' lang='lat' dir='ltr'>deploranda</span> <span class='ocrx_word' id='word_1_809' title='bbox 911 2501 924 2529; x_wconf 73' lang='lat'>.⁰</span> <span class='ocrx_word' id='word_1_810' title='bbox 936 2502 1000 2530; x_wconf 79' lang='lat' dir='ltr'>Par-</span> 
     </span>
     <span class='ocr_line' id='line_1_107' title="bbox 263 2541 999 2585; baseline 0.012 -17"><span class='ocrx_word' id='word_1_811' title='bbox 263 2552 293 2570; x_wconf 80' lang='lat' dir='ltr'>va</span> <span class='ocrx_word' id='word_1_812' title='bbox 310 2541 417 2579; x_wconf 81' lang='lat' dir='ltr'>quidem</span> <span class='ocrx_word' id='word_1_813' title='bbox 434 2548 512 2578; x_wconf 86' lang='lat' dir='ltr'>sunt,</span> <span class='ocrx_word' id='word_1_814' title='bbox 530 2550 553 2570; x_wconf 77' lang='lat' dir='ltr'>et</span> <span class='ocrx_word' id='word_1_815' title='bbox 573 2554 656 2581; x_wconf 76' lang='lat' dir='ltr'>parva</span> <span class='ocrx_word' id='word_1_816' title='bbox 677 2545 884 2585; x_wconf 73' lang='lat' dir='ltr'>existimantur,</span> <span class='ocrx_word' id='word_1_817' title='bbox 903 2548 999 2577; x_wconf 85' lang='lat' dir='ltr'>nostris</span> 
     </span>
    </p>
   </div>
   <div class='ocr_carea' id='block_1_15' title="bbox 1055 2498 1823 2586">
    <p class='ocr_par' dir='ltr' id='par_1_15' title="bbox 1055 2498 1823 2586">
     <span class='ocr_line' id='line_1_108' title="bbox 1055 2498 1823 2538; baseline -0.004 -9"><span class='ocrx_word' id='word_1_818' title='bbox 1055 2501 1088 2529; x_wconf 72' lang='grc' dir='ltr'>τὰ</span> <span class='ocrx_word' id='word_1_819' title='bbox 1110 2498 1400 2538; x_wconf 67' lang='grc' dir='ltr'>ἁμαρτήματα.“οταν</span> <span class='ocrx_word' id='word_1_820' title='bbox 1422 2498 1473 2537; x_wconf 81' lang='grc' dir='ltr'>γὰρ</span> <span class='ocrx_word' id='word_1_821' title='bbox 1497 2498 1604 2538; x_wconf 63' lang='grc' dir='ltr'>αἰσχρόν</span> <span class='ocrx_word' id='word_1_822' title='bbox 1629 2511 1654 2528; x_wconf 87' lang='grc' dir='ltr'>τι</span> <span class='ocrx_word' id='word_1_823' title='bbox 1673 2500 1755 2538; x_wconf 77' lang='grc' dir='ltr'>λεχθῇ</span> <span class='ocrx_word' id='word_1_824' title='bbox 1779 2498 1823 2527; x_wconf 84' lang='grc' dir='ltr'>καὶ</span> 
     </span>
     <span class='ocr_line' id='line_1_109' title="bbox 1057 2544 1823 2586; baseline -0.005 -10"><span class='ocrx_word' id='word_1_825' title='bbox 1057 2547 1105 2582; x_wconf 64' lang='grc' dir='ltr'>ἡδὺ</span> <span class='ocrx_word' id='word_1_826' title='bbox 1122 2548 1216 2586; x_wconf 79' lang='grc' dir='ltr'>μέλος,</span> <span class='ocrx_word' id='word_1_827' title='bbox 1233 2545 1343 2584; x_wconf 72' lang='grc' dir='ltr'>ἐμάλαξε</span> <span class='ocrx_word' id='word_1_828' title='bbox 1365 2545 1411 2581; x_wconf 76' lang='grc' dir='ltr'>τὴν</span> <span class='ocrx_word' id='word_1_829' title='bbox 1425 2545 1554 2583; x_wconf 70' lang='grc' dir='ltr'>διάνοιαν,</span> <span class='ocrx_word' id='word_1_830' title='bbox 1567 2545 1611 2574; x_wconf 82' lang='grc' dir='ltr'>καὶ</span> <span class='ocrx_word' id='word_1_831' title='bbox 1627 2544 1707 2580; x_wconf 74' lang='grc' dir='ltr'>αὐτὴν</span> <span class='ocrx_word' id='word_1_832' title='bbox 1725 2544 1823 2579; x_wconf 83' lang='grc' dir='ltr'>ἐκείνην</span> 
     </span>
    </p>
   </div>
  </div>
 </body>
</html>
