1893 2860
446 137 478 159 IN
507 137 613 159 lss‘tST.
648 137 671 158 I.

95 203 193 240 κόσμον
204 201 247 230 τὸν
255 201 325 239 αὐτῷ
337 199 490 239 ἀρέσκοντα,
501 200 545 228 τὸν
557 201 626 237 αὐτῷ
639 199 721 238 φίλον,
732 198 780 234 τὴν
791 198 866 234 αἷδὼ,

95 248 142 283 τὴν
161 246 341 286 σωφροσύνην,
361 245 409 280 τὴν
426 244 605 283 κοσμιότητα,
617 245 665 280 τὴν
681 245 803 284 σώφρονα
817 257 865 273 κα-

91 292 237 328 ταστολήν;
251 292 317 327 αὕτη
328 291 441 330 πορνική
457 291 496 323 τίς
507 292 564 320 ἐστι
580 291 625 320 καὶ
640 291 748 330 αἰσχρά.
763 290 864 320 Οὐκέτι

91 338 298 377 διαγινώσκομεν
321 337 368 370 τὰς
384 337 482 376 πόρνας
503 338 549 366 καὶ
562 337 610 370 τὰς
623 338 776 375 παρθένους.
790 336 863 376 “Ὀρα

91 387 126 417 εἰς
145 384 229 419 πόσην
251 383 439 423 ἀσχημοσύνην
456 383 582 422 ἐξήγαγον
598 383 700 416 ἑαυτάς.
726 383 862 417 Ἀνεπιτή-

91 432 180 460 δευτον
195 426 262 458 εἶναι
275 429 328 469 χρὴ
344 429 391 465 τὴν
407 429 546 468 παρθένον,
566 430 657 461 ἁπλῶς
678 428 723 457 καὶ
737 430 795 467 εἰκῇ
811 428 862 456 διε-

91 476 285 515 σκευασμένην·
300 479 316 511 ἡ
333 475 359 505 δὲ
376 475 457 515 μυρία
473 475 621 510 ἐπιτηδεύει
637 474 702 514 πρὸς
712 474 760 508 τὴν
776 485 865 513 φαινο-

92 522 173 561 μένην
193 522 343 557 διασκευήν.
366 522 474 550 Παῦσαι
495 523 541 555 τ’ἥς
567 520 681 558 μανίας,
707 520 797 558 γύναι,
818 519 863 548 ἐπὶ

91 569 139 605 ’τὴν
151 568 238 608 ψυχὴν
253 568 386 607 μετοὶγαγε
401 567 447 603 τὴν
462 566 585 602 τοιαύτην
606 566 732 602 σπουδὴν,
750 565 795 594 ἐπὶ
814 565 862 601 τὴν

92 616 144 644 ἔσω
155 614 334 653 ἐμπρέπειαν·
350 613 425 645 αὐτὸς
444 612 496 651 γὰρ
513 614 526 641 6
543 612 639 650 κόσμος
653 614 666 641 6
676 611 769 645 ἔξωθεν
783 623 862 650 περι-

831 657 865 687 ‘0

93 708 154 748 περὶ
165 711 255 736 τοῦτον
269 705 467 745 ἠσχ-ολημένος,
478 709 522 734 τοῦ
535 705 605 734 ἔνδον
620 709 794 744 καταφρονεῖ,
809 703 865 733 ὥσ·

94 661 212 700 κείμενος
231 663 279 689 οὐκ
301 660 394 699 ἀφίησι
414 659 458 687 τὸν
481 659 552 688 ἔνδον
572 658 693 696 γενέσθαι
718 658 808 687 καλόν.

94 766 144 792 περ
156 756 169 782 6
183 753 274 782 τούτου
290 754 470 791 καταφρονῶν,
492 756 580 780 πᾶσαν
604 750 652 785 τὴν
676 750 791 786 σπουδὴν
805 750 866 789 περὶ

94 800 137 828 τὸν
153 799 224 828 ἔνδον
246 797 417 827 ἐνδείκνυται.
445 797 490 833 Μή
514 809 558 835 μοι
581 797 670 836 εἴπῃς,
689 796 775 834 οἴμοι,
799 796 865 833 ἱμά-

94 858 148 875 τιον
163 844 368 884 ἐκτετριμμένον
380 845 451 883 φορῶ
461 867 468 880 ,
483 844 609 882 ὑπόδημα
622 842 724 876 εὐτελὲς
734 865 742 879 ,
758 842 866 880 κάλυμ-

95 904 133 930 μα
147 890 286 929 οὗδαμινόν
296 902 301 907 ·
316 894 391 922 ποῖος
405 892 489 918 ταῦτα
501 889 612 928 κόσμος,
630 889 677 924 Μὴ
695 889 786 917 ἀπάτα
804 901 867 917 σαυ-

94 937 152 972 τήν.
162 937 296 971 Ἔνεστιν,
312 935 377 975 ὅπερ
388 935 462 975 ἔφην,
478 935 521 964 διὰ
532 936 631 963 τούτων
653 935 777 973 μειζόνως
797 935 866 963 καλ-

95 984 255 1016 λωπίζεσθαι
266 1005 274 1019 ,
285 982 302 1016 ἢ
318 983 350 1010 δι’
370 982 487 1019 ἐκείνων,
504 982 517 994 *
528 981 645 1019 μάλιστα
658 981 701 1010 διὰ
722 983 774 1010 τῶν
795 982 867 1010 ἐκτε-

97 1029 248 1070 τριμμένων
261 1029 385 1067 ἱματίων,
396 1028 412 1063 ἢ
428 1030 480 1057 τῶν
490 1027 754 1067 προσπεπλασμένων
767 1029 804 1066 τῷ
816 1026 868 1056 cti)—

98 1087 179 1114 ματι,
196 1075 242 1104 καὶ
256 1074 477 1112 ἕκτετυπωμένων
499 1074 587 1106 καλῶς
606 1074 671 1113 πρὸς
687 1072 717 1101 τὸ
731 1076 826 1112 σχῆμα
839 1073 870 1101 τὸ

98 1121 219 1156 ἀναιδὲς,
237 1121 281 1150 καὶ
296 1121 456 1150 στιλὸόντων
474 1120 608 1159 λαμπρόν.
626 1120 706 1158 Ἰῗμοὶ
727 1122 810 1148 ταῦτα
827 1119 870 1149 λε’-

98 1180 152 1207 γεις
161 1180 166 1185 ·
179 1167 206 1196 τί
222 1167 248 1196 δὲ
261 1169 298 1206 τῷ
311 1168 373 1205 Θεῷ
389 1168 455 1206 ε’ρεῑς
469 1168 506 1205 τῷ
519 1166 564 1201 τὴν
579 1166 694 1195 διάνοιαν
706 1165 786 1195 εἰδότι
795 1188 803 1202 ,
813 1167 870 1204 μεθ’

98 1210 129 1249 ἧς
150 1217 234 1243 ταῦτα
258 1218 358 1249 ποιεῖς;
373 1213 443 1242 Ἀλλ’
466 1215 515 1252 οὐχ
529 1212 599 1241 ὥστε
615 1215 759 1251 πορνεῦσαι
771 1216 870 1247 ποιεῖς;

98 1260 177 1289 Ἀλλὰ
189 1260 230 1296 τίς
245 1259 313 1289 ὥστε
328 1261 527 1298 θαυμασθῆναι;
543 1258 588 1286 καὶ
600 1259 647 1286 οὐκ
660 1258 772 1297 αἰσχύνῃ
781 1281 789 1295 ,
813 1257 870 1287 οὐδὲ

97 1307 218 1346 ἐρυθριᾷς
239 1305 282 1334 ἐπὶ
302 1305 403 1338 τούτοις
421 1305 567 1343 βουλομένη
592 1303 870 1342 θαυμάζεσθαι;Ἀλλ’

97 1352 203 1386 ἁπλῶς,
218 1351 297 1390 φησὶ,
321 1362 406 1379 ταυτα
431 1349 586 1389 περίκειμαι
599 1371 606 1385 ,
631 1349 690 1378 οὐδὲ
710 1349 754 1378 ἐπι
777 1361 872 1378 τουτο).

97 1393 176 1427 Οἶδεν
191 1399 204 1426 6
217 1397 303 1429 Θεος’
296 1396 312 1425 ἃ
322 1395 420 1436 φθέγγῃ
433 1396 497 1435 πρὸς
509 1397 590 1433 ἡμᾶς
605 1395 652 1429 Μὴ
665 1395 716 1451 γὰρ
726 1395 811 1432 ἐμοὶ
797 1395 873 1427 οίδως

98 1444 192 1483 λόγον;
206 1443 318 1473 Ἐκείνι)
332 1445 370 1472 τῶ
385 1442 516 1497 παρόντι
513 1446 567 1474 τοῖς
583 1441 740 1480 γινομένοις,
754 1442 800 1470 καὶ
814 1441 873 1470 τότε

97 1490 241 1524 ἔξετάζοντι
264 1501 364 1525 ταυτα,
385 1488 476 1528 ἐκείνι)
496 1491 518 1528 ῳ
536 1488 623 1527 γυμνὰ
639 1487 685 1516 καὶ
711 1488 873 1527 τετραχηλι-

100 1536 185 1574 σμένα
194 1536 292 1565 πάντα.
303 1535 353 1564 Διὰ
363 1537 440 1563 τοῦτο
452 1547 498 1563 και
506 1519 587 1572 ἡμεῖς
599 1537 682 1562 ταῦτα
696 1532 808 1572 λεγομεν
820 1537 874 1567 νῦν,

99 1581 143 1610 ἵνα
157 1583 224 1619 ὗμᾶς
236 1583 288 1610 τῶν
299 1582 410 1609 εὐθυνῶν
423 1579 528 1609 ἐκείνων
541 1579 577 1618 μὴ
591 1579 746 1617 ποιήσωμεν
759 1579 872 1618 ἐνόχους.

99 1628 267 1666 Φοὸηθῶμεν
288 1627 325 1666 μὴ
346 1627 392 1656 καὶ
405 1628 467 1665 ὑμῖν
484 1626 615 1664 ὀνειδίσ-η,
633 1626 649 1654 ἃ
670 1625 715 1655 διὰ
738 1628 783 1654 τοῦ
807 1637 874 1665 προ-

579 1667 681 1700 ’,Ἦλθον
698 1672 809 1710 ὀφθῆναί
829 1684 873 1710 μοι

99 1719 277 1759 θρυπτόμεναι
296 1719 340 1748 καὶ
356 1723 409 1752 τοῖς
429 1718 505 1747 ποσὶν
529 1718 586 1756 ἅμα
609 1717 759 1750 παίζουσαι,
775 1716 873 1746 Ἀνεδέ-

99 1674 182 1713 φήτου
205 1678 263 1706 ταῖς
282 1672 417 1702 Ἰουδαίων
436 1671 563 1712 γυναιξὶν,

99 1765 175 1799 ξασθε
188 1767 278 1804 ἀγῶνα
290 1765 381 1804 μέγαν,
400 1764 461 1792 ἔνθα
478 1763 627 1798 ἀθλήσεως,
643 1764 671 1791 οὐ
682 1764 873 1800 καλλωπισμοῦ

99 1813 152 1849 δεῖ,
174 1812 313 1842 πυκτεύειν
337 1813 391 1846 δεῖ,
413 1813 442 1840 οὗ
469 1810 616 1850 βλακεύειν.
642 1810 704 1849 Οὐχ
728 1812 791 1849 ὁρᾷς
814 1809 874 1842 τοὺς

99 1858 292 1894 πυκτεύοντας,
313 1857 372 1890 τοὺς
388 1858 546 1892 ἀθλοῦντας
570 1852 622 1895 ἆρα
645 1855 772 1894 βαδίσεως
787 1857 873 1888 αὐτοῖς

101 1905 175 1942 μέλει
188 1905 234 1933 καὶ
249 1904 404 1943 σχήματος
425 1904 559 1941 Οὐδαμῶς
570 1913 576 1920 ·
593 1902 661 1930 ἀλλὰ
679 1904 763 1930 ταῦτα
785 1902 874 1930 πάντα

101 1951 225 1989 ἀφέντες,
248 1951 353 1988 ἱμάτιον
379 1948 458 1987 ἐλαίῳ
478 1948 618 1988 διάδροχον
647 1947 857 1986 ἀναὸαλλόμενοι
867 1968 874 1981 ,

100 1996 165 2034 πρὸς
177 1996 204 2025 ἓν
218 1997 294 2034 μόνον
314 1998 395 2034 δρῶσι
406 2018 413 2031 ,
429 1995 459 2023 τὸ
476 1994 593 2030 πλῆξαι,
607 1993 653 2022 καὶ
668 1992 705 2031 μὴ
724 1994 870 2032 πληγῆναι.

99 2041 234 2078 ἽΞο-τηκεν
248 2045 262 2071 6
275 2042 395 2074 διοίῧολος
413 2039 508 2079 τρίζων
530 2039 588 2072 τοὺς
606 2039 730 2075 ὀδόντας,
744 2039 872 2068 πάντοθεν

101 2099 131 2117 σε
144 2088 301 2126 βουλόμενος
316 2088 450 2115 καθελεῖν·
466 2085 497 2114 σὺ
517 2084 544 2114 δὲ
560 2084 646 2123 μένεις
661 2084 872 2123 ἀπησχ-ολημένη

100 2134 160 2173 περὶ
174 2133 218 2162 τὸν
232 2133 331 2171 κόσμον
343 2136 433 2161 τοῦτον
449 2131 491 2160 τὸν
506 2130 662 2165 σατανικόν;
680 2130 765 2159 Οὐδὲν
782 2129 873 2168 βούλο-

99 2192 148 2219 μαι
158 2180 242 2217 λέγειν
256 2179 317 2218 περὶ
331 2180 418 2218 φωνῆς
428 2201 436 2214 ,
450 2180 506 2209 πῶς
516 2177 612 2205 πολλαὶ
627 2176 671 2205 καὶ
686 2179 762 2205 τοῧτο
776 2177 872 2211 ἐπιτη-

100 2226 216 2262 δεύουσι,
238 2225 299 2264 περὶ
314 2225 403 2264 μύρων
426 2224 471 2253 καὶ
493 2226 540 2258 τῆς
564 2223 646 2257 ἄλλης
671 2222 806 2260 βλακείας.
821 2222 872 2251 Διὰ

99 2276 182 2302 ταῦτα
197 2273 309 2311 γελῶσιν
326 2271 420 2308 *ἠμῖς
441 2273 468 2299 αἱ
493 2269 629 2308 κοσμικαί.
647 2269 687 2298 Τὸ
709 2269 804 2306 σεμνὸν
826 2271 872 2303 τῆς

99 2319 240 2360 παρθενίας
256 2317 391 2347 ἀπόλωλεν
401 2329 406 2335 ·
420 2316 501 2349 οὐδεὶς
511 2321 578 2354 τιμᾷ
589 2315 727 2355 παρθένον,
740 2316 775 2348 ὡς
794 2320 873 2354 τιμᾷν

136 2432 144 2438 ·
165 2425 280 2460 [Videtur
292 2425 334 2450 hie
343 2424 438 2457 aliquid
453 2424 567 2456 corrupti
577 2422 685 2448 subesse.
697 2422 783 2447 Talem
797 2423 863 2447 enim

104 2470 156 2493 sere
173 2466 323 2493 sententiam
343 2464 514 2490 desideramus
526 2467 627 2497 μάλιστα
639 2482 646 2494 ,
661 2462 698 2488 iel
716 2466 806 2495 μᾶλλον
828 2465 864 2488 διὰ

702 136 720 158 Α
726 136 746 158 D
772 135 901 158 'I'IMOTII
909 150 915 157 .

882 1749 919 1767 593

945 135 1022 157 CAP.
1053 136 1089 158 II.
1268 135 1339 157 VIII.

1575 121 1664 157 662“

923 198 978 226 Cur
990 207 1041 226 non
1053 198 1158 226 ornaris
1174 203 1269 226 ornatu
1284 196 1331 234 qui
1344 195 1396 235 ipsi
1410 195 1514 235 placeat
1524 217 1533 233 ,
1549 195 1666 235 pudore,

918 244 1050 279 castitate,
1067 244 1216 279 honestate,
1234 243 1354 272 modesto
1370 242 1469 271 vestitu
1483 242 1496 270 Ξ)
1509 241 1554 270 hic
1564 242 1666 281 quippe

920 290 1086 319 meretricius
1106 297 1131 319 ct
1146 290 1234 329 turpis
1252 296 1299 318 est.
1315 290 1375 319 Jam
1390 288 1540 317 meretrices
1551 299 1566 316 a
1578 288 1667 327 virgi-

919 336 999 364 nibus
1014 346 1067 365 non
1087 335 1274 364 discermmus.
1295 334 1367 363 Vide
1382 334 1408 362 in
1426 341 1553 372 quantam
1575 333 1667 373 turpi-

919 381 1040 410 tudinem
1053 392 1080 410 se
1092 382 1145 410 illae
1161 381 1330 420 conjecerint.
1345 382 1449 409 Ornatu
1463 390 1576 408 vacuam
1591 390 1667 419 opor-

919 435 955 457 tet
969 439 1024 457 esse
1038 428 1171 467 virginem
1181 450 1188 463 ,
1204 427 1363 467 simpliciter
1377 434 1403 456 et
1418 434 1564 465 utcumque
1585 427 1667 456 vesti-

920 482 974 504 tam
991 487 997 503 z
1010 476 1057 504 illa
1072 486 1135 504 vero
1155 475 1293 504 innumera
1309 475 1442 513 excogitat
1458 475 1492 503 ad
1506 475 1666 504 exteriorem

919 521 1032 550 cultum.
1043 522 1138 550 Finem
1148 521 1228 550 facito
1239 521 1399 556 insaniendi,
1410 532 1425 549 0
1439 522 1546 556 mulier,
1555 522 1669 550 transfer

918 578 1010 596 curam
1022 567 1098 596 illam
1108 567 1141 596 ad
1151 567 1268 595 animam
1278 573 1303 595 et
1317 566 1350 594 ad
1362 567 1513 595 interiorem
1522 574 1646 596 ornatum
1658 578 1664 593 :

883 618 901 640 D
920 613 966 642 ille
980 623 1095 650 namque
1109 619 1219 641 ornatus
1234 613 1350 641 exterior
1365 622 1416 640 non
1431 613 1494 640 sinit
1515 613 1669 641 interiorem

920 669 976 688 esse
995 659 1152 698 pulchrum.
1172 658 1227 694 Qui
1247 658 1320 686 hunc
1343 664 1468 685 ornatum
1487 665 1582 693 curat,
1597 658 1669 686 inte-

919 705 1019 734 riorem
1036 705 1149 743 negligit
1167 716 1173 731 z
1190 704 1260 732 sicut
1283 703 1329 742 qui
1352 703 1512 732 exteriorem
1533 703 1667 742 despicit,

921 758 1004 780 totam
1019 761 1112 779 curam
1125 750 1158 778 ad
1173 750 1327 778 interiorem
1344 750 1477 778 transfert.
1493 750 1532 777 Ne
1546 749 1648 778 dixeris
1662 761 1670 777 z

921 799 971 827 Vae
995 797 1081 834 mihi,
1096 796 1221 825 detritam
1248 803 1346 825 vestem
1366 796 1437 832 fero,
1458 794 1526 823 viles
1553 795 1672 830 calceos,

921 844 1045 872 velamen
1065 842 1167 871 nullius
1188 842 1286 881 pretii:
1309 841 1397 880 qualis
1412 841 1457 869 hic
1479 848 1589 870 ornatus
1609 841 1672 870 est?

922 891 963 919 Ne
972 890 1085 929 teipsam
1091 889 1219 928 decipias.
1228 889 1313 924 Licet,
1324 895 1354 916 ut
1368 887 1439 922 dixi,
1450 898 1499 927 per
1508 888 1565 916 haec
1576 888 1674 916 melius

923 936 1030 972 ornari,
1046 946 1127 974 quam
1142 946 1190 973 per
1205 935 1267 970 illa;
1282 934 1370 972 magis
1384 944 1432 973 per
1443 933 1556 962 detritas
1572 941 1673 970 vestes,

925 992 1006 1020 quam
1017 992 1066 1021 per
1081 981 1140 1009 illas
1162 987 1284 1009 accurate
1299 979 1470 1008 concinnatas
1484 986 1510 1007 et
1531 979 1565 1008 ad
1584 979 1675 1019 impu-

924 1027 1017 1056 dicum
1032 1027 1155 1055 habitum
1170 1026 1323 1054 efformatas
1334 1047 1341 1060 ‚
1355 1031 1380 1053 et
1394 1023 1535 1064 splendide
1549 1025 1673 1054 nitentes.

889 1083 906 1105 E
927 1074 998 1104 Mihi
1014 1074 1070 1103 haec
1084 1073 1203 1112 loqueris
1217 1085 1222 1099 :
1236 1072 1301 1111 quid
1312 1082 1377 1100 vero
1391 1071 1466 1100 dices
1478 1072 1545 1109 Deo,
1554 1071 1600 1110 qui
1617 1072 1675 1101 ani-

926 1131 1001 1150 mum
1012 1120 1182 1155 tuumnovit‚
1197 1130 1230 1147 ex
1242 1129 1296 1157 quo
1311 1118 1362 1147 hoc
1377 1118 1442 1146 facis
1453 1118 1466 1146 ¹?
1479 1120 1515 1146 At
1526 1128 1578 1147 non
1592 1117 1621 1146 id
1632 1119 1676 1146 sa-

926 1168 964 1197 cis
978 1166 1177 1196 utforniceris?
1197 1165 1252 1195 Sed
1266 1165 1377 1204 quare?
1396 1175 1430 1193 an
1450 1172 1481 1193 ut
1502 1164 1675 1194 admirationi

926 1215 1070 1245 habearis?
1096 1225 1143 1243 nec
1159 1221 1183 1242 te
1206 1213 1307 1253 pudet,
1326 1223 1375 1241 nec
1388 1212 1522 1241 erubescis
1538 1212 1611 1250 quod
1632 1213 1675 1241 his

926 1262 994 1291 velis
1015 1260 1220 1290 admirationem
1231 1270 1339 1288 movere
1350 1258 1363 1286 ἶ)
1377 1258 1431 1288 Sed
1444 1258 1616 1297 simpliciter,
1632 1258 1674 1287 in-

927 1308 1018 1347 quies,
1033 1307 1070 1336 sic
1084 1307 1201 1341 vestior,
1216 1313 1240 1334 et
1252 1316 1303 1334 non
1316 1315 1344 1333 ea
1358 1304 1392 1333 de
1402 1315 1492 1333 causa.
1507 1304 1591 1333 Novit
1602 1305 1676 1333 Deus

927 1364 956 1382 ea
971 1364 1031 1392 quae
1045 1353 1122 1381 nobis
1136 1352 1263 1390 loqueris.
1279 1352 1351 1379 Num
1374 1350 1443 1379 mihi
1459 1349 1589 1378 rationem
1601 1349 1649 1378 das
1662 1350 1676 1378 ?

928 1399 968 1427 illi
981 1398 1069 1433 dabis,
1085 1398 1130 1436 qui
1142 1397 1222 1436 gestis
1238 1397 1364 1425 omnibus
1375 1406 1491 1435 praesens
1507 1402 1556 1431 est,
1574 1402 1599 1424 et
1614 1402 1677 1424 tunc

894 1453 910 1474 F
929 1445 985 1473 haec
999 1443 1187 1477 examinabit,
1203 1442 1246 1471 cui
1260 1442 1349 1470 omnia
1369 1441 1442 1470 nuda
1463 1447 1487 1469 et
1502 1447 1593 1480 aperta
1604 1448 1676 1470 sunt.

929 1490 992 1520 Ideo
1003 1498 1027 1519 et
1042 1501 1090 1519 nos
1103 1490 1161 1518 haec
1173 1499 1243 1518 nunc
1256 1488 1373 1517 dicimus
1386 1510 1394 1525 ,
1411 1498 1444 1516 ne
1458 1498 1507 1515 vos
1521 1487 1554 1515 iis
1564 1487 1676 1516 rationi—

928 1537 980 1566 bus
1017 1535 1163 1565 reddendis
1195 1535 1326 1564 obnoxias
1355 1534 1492 1563 faciamus.
1519 1533 1677 1562 Timeamus

928 1594 961 1612 ne
975 1583 1022 1612 illa
1033 1583 1112 1612 vobis
1124 1583 1267 1622 exprobret
1280 1604 1287 1618 ‚
1308 1591 1366 1619 quae
1381 1591 1428 1620 per
1449 1580 1608 1620 prophetam
1623 1582 1679 1610 Ju-

1119 136 1223 158 lIOMII.
1230 151 1236 157 .

928 1629 994 1659 daeis
1009 1629 1181 1665 mulieribus,
1197 1630 1285 1656 Ibant
1297 1634 1329 1656 ut
1347 1627 1478 1655 viderem
1491 1627 1678 1656 lascivientes
1689 1640 1745 1661 lsai.
1757 1640 1779 1662 3-
1793 1642 1827 1662 ff„

929 1677 1086 1716 etpedibus
1101 1676 1190 1704 simul
1205 1675 1347 1704 ludentes.
1369 1673 1531 1713 Suscepistis
1543 1680 1677 1702 certamen

929 1735 1073 1764 magnum,
1087 1723 1134 1752 ubi
1150 1734 1240 1763 pugna
1255 1745 1262 1759 ‚
1278 1733 1330 1751 non
1351 1728 1446 1751 ornatu
1467 1732 1534 1761 opus
1549 1729 1587 1750 est
1600 1745 1608 1757 ,
1624 1733 1677 1761 pu-

893 1779 909 1798 Α
928 1782 1010 1810 gnare
1022 1777 1144 1809 oportet,
1160 1780 1211 1798 non
1224 1768 1341 1797 molliter
1355 1778 1443 1806 agere.
1457 1768 1518 1796 Non
1532 1767 1609 1796 vides
1621 1779 1675 1807 pu-

929 1818 994 1856 giles
1020 1824 1046 1844 et
1067 1814 1269 1844 concertantes?
1287 1814 1321 1842 de
1335 1813 1439 1842 incessu
1455 1813 1510 1841 illis
1530 1820 1556 1841 et
1577 1820 1674 1842 ornatu

929 1873 993 1891 cura
1007 1861 1068 1891 est?
1081 1861 1164 1889 Nullo
1178 1859 1259 1888 modo
1272 1871 1282 1897 5
1303 1858 1348 1887 sed
1362 1858 1404 1887 his
1421 1858 1511 1887 missis
1530 1859 1673 1896 omnibus,

929 1915 1030 1937 vestem
1055 1913 1190 1936 sumentes
1210 1906 1268 1934 oleo
1292 1904 1431 1934 madidam
1450 1927 1460 1942 7
1479 1915 1563 1932 unum
1587 1905 1675 1934 solum

929 1961 1059 1994 spectant,
1078 1952 1228 1989 lusoriam,
1245 1959 1270 1980 et
1283 1961 1334 1980 non
1351 1950 1490 1979 feriantur.
1507 1951 1566 1980 Stat
1581 1950 1676 1980 diabo-

929 2001 972 2030 lus
985 2000 1110 2029 dentibus
1124 1998 1239 2028 stridens
1253 2021 1260 2031 ,
1276 1997 1396 2036 undiquc
1408 1997 1634 2036 circumspectans
1645 2004 1675 2026 ut

929 2054 954 2076 te
965 2046 1000 2075 de
1014 2045 1102 2074 medio
1112 2045 1188 2073 tollat
1201 2057 1206 2072 :
1220 2051 1248 2072 tu
1262 2054 1326 2072 vcro
1340 2054 1430 2071 manes
1444 2042 1478 2071 de
1491 2049 1587 2072 ornatu
1599 2050 1674 2071 sata-

929 2093 990 2122 nico
1012 2091 1149 2120 sollicita?
1171 2089 1247 2119 Nihil
1264 2089 1326 2118 volo
1345 2089 1434 2118 dicere
1453 2089 1488 2117 de
1505 2099 1586 2125 voce,
1601 2100 1674 2127 quo-

929 2138 1009 2167 modo
1022 2138 1113 2166 multae
1136 2136 1160 2165 ei
1183 2134 1372 2175 componendae
1390 2134 1516 2164 studeant
1531 2157 1539 2172 ,
1556 2134 1625 2163 nihil
1641 2135 1676 2163 de

929 2181 1072 2221 unguentis
1083 2204 1093 2216 ‚
1110 2187 1257 2218 caeteraque
1278 2179 1401 2207 mollitie.
1416 2178 1481 2207 Ideo
1501 2189 1549 2207 nos
1563 2178 1676 2207 irrident

893 2235 910 2257 B
930 2226 1069 2256 saeculares
1086 2225 1222 2254 mulieres.
1244 2222 1419 2262 thiniiatis
1431 2222 1554 2251 honestas
1574 2222 1674 2262 periit:

930 2281 1008 2300 nemo
1029 2270 1161 2308 virginem
1194 2269 1307 2297 honorat
1335 2274 1364 2296 ut
1390 2267 1521 2295 honorare
1542 2278 1590 2307 par
1612 2274 1650 2295 est
1668 2280 1674 2295 :

929 2315 993 2354 ipsae
1005 2324 1120 2352 namque
1134 2312 1162 2342 id
1176 2312 1297 2341 efficiunt
1319 2318 1348 2340 ut
1365 2310 1557 2350 despiciantur.
1580 2313 1675 2340 Annon

917 2430 960 2448 τῶν
970 2426 1016 2447 ἑκτ.
1029 2424 1115 2453 ὶμ.,κκ”ι
1123 2420 1479 2454 xpoamffichs'vw..aludis,
1489 2422 1502 2447 ἡ
1516 2424 1558 2444 τῶν
1566 2417 1677 2449 stiffi-k]

950 2463 957 2469 ”
976 2460 1046 2493 [ὑμᾶς
1056 2459 1153 2484 mavult
1171 2458 1300 2491 Dunaeus.]

1466 2504 1514 2532 45.
