1893 2860
92 324 186 344 philem.
196 322 228 344 13.

590 162 618 184 S.

244 156 312 199 470

234 228 346 266 fratre,
376 227 425 263 qui
451 234 486 252 ex
515 223 597 251 vobis
621 229 674 251 est.
699 223 825 260 Omma,
853 232 917 261 quoe
939 223 986 250 hic

243 278 378 310 aguntur,
394 269 590 307 nota-facient
601 269 695 296 vobis.
710 267 760 295 Hic
771 273 810 295 est
827 267 987 303 Onesimus,

242 317 276 345 de
292 326 344 353 quo
359 314 393 343 ad
408 314 592 342 Philemonem
612 313 729 342 scribens
746 312 864 350 dicebat,
896 313 988 350 Quem

241 373 292 400 ego
307 362 459 389 malueram
472 370 583 388 mecum
598 360 736 393 delinere,
763 365 793 387 ut
809 369 862 397 pro
875 365 903 387 te
918 359 990 387 mihi

242 409 420 434 ministraret
432 407 463 433 in
475 405 604 433 vinculis
616 405 778 444 evangelii:
790 406 853 433 sine
867 404 990 433 consilio

242 459 339 481 antem
351 459 400 480 tuo
416 452 492 479 nihil
508 452 593 480 volui
609 453 719 491 facere.
745 450 829 480 Addit
844 451 924 479 etiam
944 460 988 478 en-

241 496 357 524 comium
369 495 499 533 civitatis,
512 502 540 524 ut
553 496 633 524 etiam
641 495 832 534 gloriarentur,
843 505 890 523 nec
900 495 988 523 solum

242 551 295 569 non
311 541 482 570 afficerentur
493 541 606 580 pudore,
619 541 710 570 dicens
727 553 733 568 :
753 542 810 579 Qui
824 547 865 569 est
881 551 917 568 ex
929 550 986 568 vo-

242 588 292 615 bis.
321 588 437 622 Omnia,
466 597 531 626 quse
550 588 597 616 hic
620 594 764 626 aguntur,
781 593 851 615 nota
872 587 986 625 facient

241 637 334 664 vobis.
351 637 397 664 10.
414 635 531 665 Salutat
549 645 604 664 vos
625 635 820 665 Aristarchus
838 636 986 674 concapti-

243 691 294 710 vus
305 691 394 710 meus.

282 728 309 753 9.
320 725 377 753 Hoc
388 725 508 753 encomio
526 725 630 753 nullum
647 731 685 753 est
699 725 795 764 majus.
813 725 864 753 Hic
887 724 986 763 estqui

242 781 304 798 cum
320 770 378 809 ipso
391 770 524 799 abductus
537 771 587 798 fuit
607 770 791 808 Jerosolymis.
805 771 894 809 Majus
915 770 986 799 dixit

242 828 322 855 quam
337 817 474 856 prophetce
489 829 495 843 :
512 827 573 845 nam
588 816 629 845 illi
649 817 758 855 quidem
778 817 878 857 seipsos
891 817 986 845 dicunt

243 863 373 901 hospites,
387 861 504 891 advenas
516 869 541 890 et
557 863 727 901 peregrinos5
742 862 788 891 hic
802 869 891 891 autem
906 862 985 890 ctiam

241 908 391 946 captivum.
411 909 564 945 Tamquam
585 908 656 936 enim
669 908 791 947 captivus
804 909 842 937 sic
856 908 986 946 agebatur

241 960 265 981 et
280 953 414 981 ferebatur
424 975 431 988 ‚
447 960 472 981 et
481 953 515 981 ad
527 953 596 982 male
608 954 765 992 patiendum
780 954 818 982 sic
832 961 887 982 erat
899 953 985 982 omni-

243 1000 293 1027 bus
307 999 477 1038 propositus3
491 999 545 1028 imo
560 1010 623 1028 vero
648 999 702 1028 illis
724 1000 810 1038 pejus.
826 1000 896 1028 Nam
922 999 984 1028 illos

239 1045 349 1082 quidem
365 1052 507 1084 postquam
520 1051 648 1084 ceperunt
662 1044 752 1073 hostes
763 1067 772 1082 7
784 1055 828 1073 eos
843 1044 924 1074 valde
938 1055 984 1073 cu—

240 1097 300 1119 rant
314 1097 344 1118 ut
360 1090 411 1119 sibi
428 1091 570 1129 proprios3
588 1090 660 1118 hunc
682 1097 772 1119 autem
793 1097 823 1118 ut
842 1090 947 1119 hostem
959 1097 984 1119 et

241 1137 380 1166 inimicum
402 1148 493 1166 omnes
507 1138 621 1176 agebant
640 1144 665 1166 et
688 1138 825 1174 serebant,
839 1137 985 1167 verberan—

241 1191 297 1220 tes,
321 1184 412 1222 flagris
439 1183 590 1222 caedentes,
613 1184 783 1213 contumeliis
809 1183 957 1212 afficientes
972 1207 981 1222 ,

239 1230 440 1259 calumniantes.
456 1230 513 1258 Hoc
527 1230 583 1259 illis
597 1231 678 1259 etiam
703 1237 760 1259 erat
785 1231 960 1259 consolationi
977 1243 983 1258 :

241 1287 302 1304 eum
326 1276 396 1305 enim
420 1283 567 1316 praeceptor
591 1277 619 1305 in
640 1276 735 1305 iisdem
754 1283 878 1305 versatur
891 1299 899 1315 7
927 1287 983 1305 ma-

237 1323 323 1361 jorem
356 1322 564 1351 consolationem
595 1323 731 1362 accipiunt
764 1322 904 1362 discipuli.
943 1325 983 1352 Et

240 1369 361 1397 ,Marcus
382 1370 573 1398 consobrinus
596 1370 754 1398 Barnabae.
775 1369 854 1398 Hunc
879 1381 984 1408 quoque

237 1416 294 1454 jam
309 1415 433 1444 laudavit
443 1426 478 1444 ex
497 1416 655 1455 cognatione
668 1428 674 1443 z
688 1423 743 1445 erat
757 1417 828 1445 enim
842 1417 980 1446 Barnabas

241 1461 285 1489 vir
300 1471 422 1499 magnus.
451 1462 498 1489 De
514 1471 570 1500 quo
597 1464 750 1500 accepistis
773 1463 916 1491 mandata
932 1475 940 1490 :
956 1466 982 1492 si

241 1509 357 1535 venerit
379 1507 420 1535 ad
441 1517 512 1542 vos,
529 1509 665 1546 suscipite
681 1508 775 1536 illum.
802 1508 877 1543 Quid
892 1519 956 1537 vero
970 1509 983 1537 Ρ

241 1563 293 1582 non
319 1552 399 1581 aliter
428 1553 629 1592 suscepissent?
655 1554 795 1589 Maxime;
817 1553 864 1582 sed
875 1576 883 1590 ‚
913 1555 982 1583 Cum

241 1608 357 1637 magno,
384 1598 491 1635 inquit,
518 1597 580 1626 volo
605 1598 716 1626 studio:
739 1605 764 1626 et
790 1599 841 1627 hoc
855 1609 983 1638 magnum

241 1644 333 1673 virum
350 1644 475 1673 ostendit.
485 1643 628 1673 Undenam
643 1651 732 1672 autem
743 1645 894 1684 acceperint
909 1656 983 1674 man-

241 1689 302 1718 data
321 1713 328 1726 ‚
352 1701 405 1719 non
430 1689 505 1718 dicit.
523 1691 571 1718 11.
601 1691 642 1718 Et
664 1691 773 1727 Jesus,
799 1693 850 1729 qui
875 1691 983 1719 dicitur

241 1737 354 1764 Iustus.
374 1737 426 1764 Iste
438 1736 549 1764 fortasse
563 1743 620 1764 erat
640 1736 806 1775 Corinthius.
821 1737 924 1765 Deinde
938 1737 983 1766 dat

241 1781 366 1810 omuibus
379 1791 520 1809 commune
532 1781 696 1817 encomium,
709 1792 770 1810 cum
786 1781 899 1810 dixisset
911 1783 983 1820 quod

241 1834 297 1855 erat
313 1827 524 1866 uniuscujusque
535 1827 695 1866 proprium:
712 1828 768 1865 Qui
787 1835 855 1856 sunt
869 1839 905 1856 ex
929 1831 984 1857 cir-

242 1874 419 1900 cumcisione
430 1883 438 1899 .-
452 1873 484 1900 Ῐιί
494 1873 550 1900 soli
562 1880 631 1900 sunt
646 1874 794 1912 adjutores
822 1875 878 1902 mei
890 1877 921 1902 in
940 1885 982 1903 re-

239 1928 298 1956 gno
316 1918 373 1945 Dei
384 1929 392 1944 .·
406 1919 456 1956 qui
471 1918 542 1945 milzi
559 1919 683 1956 suerunt
707 1919 822 1947 solatio.
839 1919 983 1957 Postquam

239 1964 312 1993 dixit
324 1987 331 2001 ‚
349 1965 556 2003 Concaptivus,
570 1974 602 1992 ne
611 1959 765 1993 auditorum
774 1965 893 1994 animum
902 1965 984 1994 simul

241 2008 365 2048 dejiciat,
381 2008 442 2038 vide
457 2007 592 2046 quomodo
604 2008 654 2037 hoc
668 2015 761 2048 ponat,
774 2015 799 2037 et
815 2020 858 2038 eos
869 2009 981 2038 excitet:

240 2055 404 2094 Adjutores
416 2077 426 2094 ‚
439 2054 534 2093 inquit,
551 2057 607 2083 mei
615 2056 655 2083 ad
664 2066 785 2094 regnum
797 2057 864 2084 Det.
880 2056 981 2091 Quam-

241 2102 334 2131 obrem
351 2113 412 2131 cum
435 2103 488 2131 sint
517 2103 582 2131 socii
600 2103 796 2141 tentationum,
820 2111 881 2132 sunt
902 2104 982 2132 ctiam

242 2150 316 2189 regni
331 2150 407 2179 socii.
431 2152 621 2191 Quisuerunt
637 2152 710 2179 mihi
723 2152 839 2180 solatio.
856 2152 982 2181 Ostendit

241 2206 285 2224 eos
295 2207 350 2225 esse
367 2207 493 2235 magnos,
510 2196 644 2234 siquidem
658 2197 741 2226 Paulo
758 2197 865 2226 suertmt
877 2198 980 2227 solatio.

241 2240 294 2269 Sed
307 2240 447 2269 videamus
463 2241 539 2270 Pauli
556 2240 738 2280 prudentiam.
755 2243 794 2270 In
813 2244 979 2281 sapientia,

240 2286 347 2324 inquit,
366 2288 517 2315 ambulate
532 2288 572 2315 ad
594 2297 641 2316 eos
661 2289 801 2327 qui-foris
812 2295 880 2317 sunt
891 2311 899 2325 ‚
912 2295 983 2317 tem-

238 2343 293 2371 pus
308 2334 489 2362 redimentes.
503 2333 560 2362 Hoc
575 2340 629 2369 est,
649 2334 708 2362 Non
724 2341 762 2363 est
779 2341 899 2364 vestrum
912 2342 980 2364 tem-

242 2389 301 2416 pu5‚
314 2379 361 2407 sed
374 2380 481 2408 illorum
493 2391 499 2407 z
516 2379 598 2408 nolite
615 2390 678 2418 ergo
692 2379 844 2409 dominium
854 2387 878 2410 et
893 2388 982 2410 aucto-

243 2425 349 2455 ritatem
364 2427 441 2455 vobis
467 2427 624 2464 vindicare,
650 2428 695 2456 sed
725 2435 829 2468 tempus
844 2429 978 2458 redimite.

280 2532 291 2548 ¹·
310 2529 403 2562 sSxixil.
419 2532 484 2553 Fore.
498 2529 602 2563 [affigam]

647 161 786 184 JOAXMS
813 161 995 184 cuRYSOST.

1025 163 1167 187 Ancum?
1175 179 1181 186 .
1211 165 1337 188 CONSTA
1344 166 1464 189 NTiNOP
1471 181 1479 188 .

1037 224 1071 253 τὰ
1094 220 1154 253 ὧδε.
1176 224 1333 259 Ἀσπάζεται
1350 228 1417 265 ὑμᾶς
1440 225 1609 265 Ἀρίσταρχος
1624 226 1637 254 ὁ
1651 224 1805 263 συναιχμά-

1038 270 1121 303 λωτός
1137 282 1195 308 μου.

1078 725 1163 754 Οὐδεν
1150 725 1269 754 ντούτου
1285 727 1330 754 τοῦ
1352 725 1483 764 ε’(κωμίου
1500 726 1596 763 μεῖζον.
1611 721 1721 758 Οὗτός’
1709 737 1778 755 εστιν
1794 727 1808 754 ὁ

1038 771 1090 800 ἀπὸ
1104 771 1232 811 Ἱεροσολ’
1220 784 1292 809 υιιων
1305 772 1447 811 ἀναχθεις
1443 773 1500 800 μετ’
1515 772 1604 800 αὐτου.
1618 771 1630 786 ¹²
1642 773 1740 805 Μεῖζον
1752 775 1810 801 εἰπε

1003 825 1020 847 Β
1037 829 1088 846 των
1101 828 1243 873 προφητων
1260 820 1350 850 οὗτος·
1366 820 1459 846 ἐκεῖνοι
1473 817 1520 854 μὲν
1531 817 1607 856 γὰρ
1596 817 1680 850 ςένους
1691 829 1736 846 και
1750 829 1808 846 πα·

1000 2246 1017 2268 Ε

1039 863 1198 902 ρεπιδήμους
1213 862 1319 895 ἐαυτους
1332 864 1465 899 καλοῦσιν,
1479 865 1552 896 οὗτος
1565 863 1591 892 δὲ
1603 875 1649 892 και
1668 863 1807 902 αιχμάλω-

1038 920 1092 936 τον.
1107 909 1235 947 Καθάπερ
1248 908 1299 947 γὰρ
1315 909 1498 947 αἰχμάλωτος,
1509 908 1590 941 οὕτως
1601 909 1681 947 ἤγετο
1697 909 1743 937 καὶ
1754 908 1811 947 ἐφέ-

1040 964 1109 992 ρετο,
1133 954 1178 982 καὶ
1203 960 1284 982 πᾶσιν
1299 955 1336 987 εἷς
1356 955 1386 981 τὸ
1409 957 1498 986 κακῶς
1522 955 1636 993 πάσχειν
1652 954 1811 993 προύκειτο,

1039 1001 1140 1036 μᾶλλον
1163 998 1251 1028 δὲκαὶ
1273 999 1377 1028 ἐκείνων
1399 1004 1500 1038 χεῖρον.
1515 999 1651 1032 Ἐκείνους
1676 1000 1724 1038 μὲν
1745 1001 1812 1041 γὰρ,

1038 1045 1144 1074 ἐπειδὰν
1157 1043 1275 1074 >offitio-'tt
1289 1047 1312 1074 οἱ
1323 1046 1460 1083 πολέμιοι,
1473 1048 1500 1075 ἐν
1514 1047 1600 1084 πολλῇ
1616 1046 1744 1087 θεραπεία
1755 1048 1811 1075 λοι-

1037 1092 1086 1121 πον
1101 1091 1215 1131 ἔχουσιν,
1237 1092 1284 1120 ἅτε
1298 1093 1333 1124 ὡς
1348 1091 1450 1120 οἷκείων
1474 1091 1620 1129 κτημάτων
1634 1091 1812 1130 ἐπιμελουμε-

1037 1149 1095 1166 νοι
1111 1141 1202 1166 τοῦτον
1217 1137 1243 1166 δὲ
1258 1138 1294 1171 ὡς
1313 1137 1404 1176 ἐχθρὸν
1425 1149 1470 1165 και
1488 1136 1616 1175 πολέμιον
1630 1137 1728 1170 πάντες
1749 1140 1812 1177 ἠγον

1037 1183 1083 1212 καὶ
1095 1183 1198 1224 ἔφερον,
1213 1183 1343 1222 δέροντες,
1358 1183 1542 1221 μαστίζοντες,
1556 1183 1720 1224 ὓὸρίζοντες,
1735 1195 1813 1212 συκο-

1037 1232 1203 1268 φαντοῧντες.
1215 1230 1302 1258 Τοῦτο
1317 1229 1362 1257 καὶ
1377 1229 1485 1262 εκείνοις
1500 1231 1696 1270 παράκλησις
1682 1241 1733 1265 ην·
1750 1230 1812 1259 ὅταν

1037 1274 1088 1313 γὰρ
1102 1274 1148 1302 και
1162 1277 1175 1303 ὁ
1188 1274 1367 1307 ὃιδοίσκαλος’
1356 1287 1382 1303 εν
1394 1279 1447 1307 τοῖς
1460 1274 1587 1308 τοιούτοις
1600 1278 1634 1314 ᾖ,
1648 1276 1749 1313 μᾶλλον
1758 1286 1813 1304 πα-

1039 1322 1212 1359 ρακαλοῦνται
1226 1322 1250 1349 οἱ
1261 1320 1388 1358 μαθηταί.
1403 1321 1456 1349 Και
1471 1321 1606 1360 Μάρκος’
1595 1332 1609 1350 ο
1623 1321 1728 1359 &VS-{nbc
1740 1322 1814 1360 Βαρ-

1038 1366 1118 1394 νάέα.
1141 1366 1195 1395 Καὶ
1216 1369 1307 1395 τοῦτον
1332 1365 1494 1404 ἐνεκωμίασε
1509 1366 1574 1399 τέως
1589 1366 1643 1396 ἀπὸ
1656 1368 1703 1401 τῆς
1722 1377 1814 1405 συγγε-

1038 1411 1109 1445 νείας
1120 1424 1126 1429 ·
1145 1412 1227 1450 με’-(ας
1240 1412 1292 1452 γὰρ
1305 1409 1337 1447 ἦν
1353 1412 1419 1451 ἀνὴρ
1435 1415 1448 1441 ὁ
1461 1412 1611 1452 Βαρνάὸας.
1627 1412 1696 1451 Περὶ
1709 1407 1738 1440 οἷ
1753 1412 1814 1441 ἓλᾶ-

1039 1457 1097 1487 ὅετε
1113 1458 1218 1491 ἐντολάς
1232 1470 1238 1475 ·
1256 1458 1300 1487 ἐὰν
1313 1458 1375 1497 ἔλθῃ
1388 1459 1452 1497 πρὸς
1462 1461 1545 1496 ὑμᾶς,
1557 1458 1662 1492 δέξασθε
1679 1457 1766 1487 αὐτόν.
1777 1457 1814 1487 Τί

1038 1504 1106 1544 γάρ;
1119 1505 1166 1532 οὐκ
1178 1504 1299 1544 ἐδέχοντο
1311 1505 1355 1533 καὶ
1367 1504 1450 1544 χωρὶς
1459 1504 1569 1540 τούτου;
1581 1504 1636 1533 Ναί
1647 1516 1653 1522 ·
1664 1504 1733 1533 ἀλλὰ
1745 1503 1814 1543 μετὰ

1038 1550 1139 1584 πολλ’-ῆς
1154 1551 1202 1583 τῆς
1225 1551 1340 1584 σπουδῆς
1365 1550 1508 1588 βούλομαι,
1525 1550 1602 1590 φησί·
1618 1549 1663 1578 καὶ
1676 1552 1753 1579 τοῦτο
1769 1550 1813 1578 τὸν

1038 1595 1120 1635 ἄνδρα
1135 1595 1251 1624 δείκνυσι
1269 1595 1362 1633 μέγαν.
1377 1596 1491 1625 Πόθεν
1475 1595 1523 1628 τὰς
1543 1596 1648 1630 ἐντολὰς
1662 1595 1768 1630 ἔλαὸον,
1784 1597 1814 1625 οὗ

1038 1640 1118 1679 λέγει.
1140 1642 1192 1670 Και
1208 1641 1338 1688 ϋηο-οὖς’
1328 1654 1341 1671 ο
1356 1642 1496 1680 λεγόμενος
1519 1642 1643 1675 Ἰοῦστος.
1657 1642 1736 1676 Ἴσως
1760 1644 1813 1672 Κο-

1040 1687 1105 1727 puta&
1108 1698 1133 1719 ος
1147 1691 1178 1722 ἦν
1195 1690 1277 1719 οὗτος.
1295 1683 1362 1716 Εἶτα
1376 1699 1442 1716 πασι
1456 1688 1486 1717 τὸ
1498 1688 1629 1727 ἐγκώμιον
1645 1688 1730 1718 κοινὸν
1742 1690 1812 1718 ἄπο-

1040 1732 1154 1768 δίδωσιν,
1167 1732 1246 1760 εἰπὼν
1259 1733 1288 1760 τὸ
1301 1733 1398 1766 ἰδιάζον
1413 1733 1544 1762 ἑκάστου·
1562 1734 1626 1763 01⁹
1611 1746 1684 1768 οντες
1697 1736 1748 1764 ἐκ
1739 1746 1812 1774 περι-

1039 1780 1139 1815 τομῆς’
1156 1781 1226 1806 οὗτοι
1250 1778 1324 1815 μόνοι
1348 1790 1407 1806 συνε
1397 1790 1467 1817 ργοι
1489 1781 1525 1811 εἰς
1547 1779 1594 1814 τὴν
1612 1779 1749 1817 βασιλείαν
1767 1791 1811 1808 του

1039 1825 1124 1858 Θεοῦ,
1146 1822 1239 1855 οἱτινες
1263 1823 1424 1861 ἒ(ενηοησάν
1450 1835 1494 1862 μοι
1517 1824 1679 1864 παρηγορία.
1699 1825 1811 1859 Επειδὴ

1039 1864 1111 1904 εἷπε,
1128 1870 1372 1907 Συναιχμάλωτος,
1388 1869 1430 1897 ἵνα
1446 1869 1483 1906 μὴ
1496 1870 1690 1908 συγκατενέγκῃ
1705 1869 1753 1905 τὴν
1764 1872 1813 1909 ψυ-

1037 1914 1088 1954 χὴν
1104 1916 1156 1943 τῶν
1168 1915 1326 1951 ἀκουόντων,
1341 1915 1390 1954 ὅρα
1404 1917 1459 1947 πῶς
1470 1918 1545 1944 τοῦτο
1556 1915 1644 1951 τίθησι
1654 1938 1662 1951 ,
1674 1915 1720 1944 καὶ
1731 1915 1814 1944 διανί-

1038 1972 1131 1995 στησιν
1152 1961 1261 1992 αὐτούς·
1276 1961 1417 1999 Συνεργοὶ,
1439 1960 1528 2000 φησὶν,
1551 1962 1587 1994 εἷς
1609 1961 1657 1996 τὴν
1674 1961 1810 1999 βασιλείαν

1037 2009 1081 2035 τοῦ
1096 2008 1177 2036 Θεοῦ.
1194 2006 1281 2035 “nave
1298 2008 1350 2034 τῶν
1370 2008 1524 2045 πειρασμῶν
1538 2009 1739 2043 κοινωνοῦντες,
1759 2008 1806 2041 τῆς

1039 2052 1172 2089 βασιλείας
1184 2056 1358 2081 κοινωνοῦσιν.
1374 2051 1477 2084 Οἴτινες
1489 2052 1649 2091 ἐγενήθησάν
1661 2063 1706 2090 μοι
1717 2064 1805 2092 παρη-

1036 2098 1122 2137 γορία.
1134 2097 1270 2127 Δείκνυσιν
1292 2097 1385 2131 αὐτοὺς
1400 2098 1545 2136 μεγάλους,
1559 2098 1583 2126 εἴ
1596 2110 1626 2137 γε
1640 2097 1740 2138 Παύλῳ
1753 2109 1807 2127 πα-

1038 2144 1147 2182 ρηγορία
1161 2144 1324 2183 γεγένηνται.
1338 2143 1408 2173 Ἀλλ’
1424 2144 1521 2182 ἴδωμεν
1544 2143 1592 2178 τὴν
1607 2143 1711 2173 σύνεσιν
1731 2143 1807 2172 Παύ-

1035 2191 1089 2219 λου.
1102 2190 1148 2219 Ἐν
1162 2190 1239 2230 σοφία
1251 2213 1257 2225 ,
1274 2191 1352 2228 φησὶ,
1363 2195 1534 2228 περιπατεῖτε
1544 2190 1602 2230 τρὸς
1611 2190 1671 2223 τοὺς
1683 2189 1732 2223 ἔξω
1742 2212 1750 2226 ,
1762 2189 1807 2217 τὸν

1036 2236 1126 2275 καιρὸν
1140 2236 1364 2276 ἐξαγοραζόμενοι.
1376 2236 1530 2272 Τουτέστιν,
1541 2238 1589 2265 οὐκ
1599 2235 1669 2265 ἔστιν
1680 2235 1806 2274 ὑμέτερος

1036 2284 1049 2310 ὁ
1061 2282 1151 2320 καιρὸς
1161 2304 1168 2316 ,
1183 2283 1241 2310 ἀλλ’
1256 2281 1361 2310 ἐκείνων
1377 2282 1433 2310 ἐστί
1445 2293 1451 2299 ·
1468 2281 1505 2319 μὴ
1517 2282 1602 2310 τοίνυν
1617 2281 1740 2320 βούλεσθε
1754 2282 1804 2309 αὖ-

1037 2334 1146 2367 ῡεντεῖν,
1160 2332 1218 2360 ἀλλ’
1234 2330 1401 2369 ἐξαγοράζετε
1423 2329 1468 2357 τὸν
1491 2329 1591 2369 καιρόν.
1605 2329 1659 2358 Καὶ
1673 2330 1721 2358 οὐκ
1733 2325 1805 2358 εἶπεν

1038 2382 1128 2414 ἁπλῶς
1138 2403 1145 2416 ,
1169 2380 1308 2420 ἀγοράζετε
1320 2402 1327 2415 ,
1351 2381 1420 2416 ἀλλ’,
1436 2379 1624 2419 Ἐξαγοράζετε
1634 2402 1642 2416 ,
1663 2380 1750 2415 δηλῶν
1764 2379 1805 2408 ὅτι

1038 2431 1106 2459 οὕτω
1127 2431 1316 2469 διατιθέμενοι,
1333 2430 1458 2469 ὑμέτερον
1483 2430 1560 2459 αὐτὸν
1582 2434 1679 2458 ποιεῖτε
1703 2428 1804 2469 ἑτέρως.
