1893 2860
441 152 473 174 ΙΝ
502 151 612 175 EPlST.
642 151 666 174 1.

93 217 160 247 Θεὸν
181 216 264 244 αὐτῶν
284 213 408 252 διάπυρον
430 213 535 252 ἀγάπην
552 211 817 242 ἐνδείκνυται.“οταν
835 211 862 239 δὲ

92 262 171 291 πάλιν
188 259 255 299 μετὰ
270 262 320 288 τῶν
336 258 454 298 ἀγγέλων
470 258 553 298 δίδωσι
564 259 620 296 (καὶ
633 258 684 297 γὰρ
699 257 743 286 καὶ
759 258 865 296 ἄγγελοι

91 309 150 338 τότε
163 308 291 347 ᾅδουσιν),
309 307 412 334 Αἰνεῖτε
433 305 476 334 τὸν
499 305 594 344 Κύριον
613 307 641 334 ἐκ
662 306 714 332 τῶν
737 305 864 342 οὐρανῶν,

91 353 222 391 λέγοντες,
237 352 313 390 ἡμῶν
328 350 525 390 χασμωμένων,
540 350 691 388 κνωμένων,
708 348 864 388 ῥεγχόντιννι,

93 398 108 433 ἢ
125 398 169 427 καὶ
179 396 278 426 ὑπτίων
293 397 383 429 ἁπλῶς
395 396 532 434 κειμένιση,
548 396 593 425 καὶ
613 395 707 435 μυρίας
727 393 865 433 λογιζομέ-

93 455 143 472 νων
156 443 275 475 ἀποίτας·
293 438 345 472 οἶόν
357 444 428 471 ἐστιν
444 442 555 474 ἐκείνους
568 443 593 470 ἐν
608 441 692 480 τούτῳ
707 440 737 469 τὸ
751 445 803 468 πᾶν
817 441 865 473 τῆς

93 489 184 522 νυκτὸς
208 488 377 525 ἀναλίσκειν;
396 488 522 517 Ἐπειδὰν
543 488 570 516 δὲ
589 487 677 525 ἡμέρα
693 486 776 524 μέλλῃ
797 484 865 523 γίνε-

93 538 154 564 σθαι
163 558 170 571 ‚
187 534 394 564 διαναπαύονται
405 534 496 563 λοιπόν
506 546 511 551 ·
526 533 570 562 καὶ
581 532 643 561 ὅταν
653 534 729 569 ἡμεῖς
746 530 866 569 ἀρξώμε-

94 583 127 609 θα
137 582 188 609 τῶν
203 581 298 620 ἔργων,
311 582 404 609 ἐκεῖνοι
415 579 505 618 καιρὸν
521 579 610 618 ἔχουσι
624 575 670 613 τῆς
685 576 865 607 ἀναπαύσεως.

94 626 212 666 Ἡμέρας
227 626 254 654 δὲ
269 627 423 665 γενομένης,
438 628 514 663 ἡμῶν
534 624 581 663 μὲν
601 624 710 656 ἕκαστος
733 623 809 652 καλεῖ
821 622 865 651 τὸν

95 672 193 712 ἕτερον,
204 673 247 702 τον
262 672 338 711 λόγον
351 676 420 701 ποιεῖ
438 674 490 700 τῶν
504 666 705 709 ἓξοδιαζομένων
725 669 737 684 ‘¹
748 670 796 707 [εἰ]
807 691 814 704 ,
831 669 866 700 εἷς

95 718 192 759 ἀγορὰν
211 718 354 756 ἕμὸάλλει,
372 717 480 756 ἄρχοντι
502 717 680 756 παρίσταται,
697 715 806 755 τρέμει,
824 714 863 743 δέ·

94 766 165 794 δοικε
181 763 228 796 τὰς
242 764 346 796 εὑῦύνας
355 775 361 781 ·
375 763 461 802 ἔτερος
474 763 517 791 ἐπὶ
531 765 577 797 τῆς
589 765 702 798 σκηνῆς,
716 762 792 793 ἄλλος
803 761 867 801 πρὸς

94 811 124 839 τὸ
144 809 309 847 ἐπιτήδευμα
330 809 360 837 τὸ
384 811 485 838 ἑαυτοῦ.
502 808 616 838 Ἐκεῖνοι
632 808 659 836 δὲ
681 808 763 836 πάλιν
789 806 868 846 εὐχὰς
887 817 904 840 F

94 855 202 888 ἑωθινὰς
214 854 410 887 ἐπιτελέσαντες
422 854 466 883 καὶ
477 854 572 892 ὕμνους
580 876 587 889 ,
600 854 664 893 πρὸς
674 853 722 889 τὴν
734 855 785 882 τῶν
797 854 868 892 Γρα-

93 903 149 941 φῶν
166 900 312 939 ἀνάγνωσιν
327 900 479 939 τρέπονται’
496 901 545 929 εἰσὶ
556 900 583 929 δὲ
595 899 620 929 οἳ
632 900 677 928 καὶ
693 899 784 938 emin
800 899 867 939 γρά-

95 959 152 987 φειν
168 946 360 985 μεμαθηκότες.
379 946 511 979 Ἕκαστος
531 946 632 984 οἴκημα
655 945 867 984 ἀπο-τεταγμένον

95 994 122 1022 ἓν
135 993 235 1029 λαὸὼν,
255 992 369 1031 ἡσυχίαν
384 993 526 1027 διαπαντὸς
547 994 639 1025 ἀσκεῖ,
662 991 763 1024 οὐδενὸς
783 992 867 1030 φλυα-

695 150 741 173 AD
768 148 910 172 ΤΙΜΟΤΗ.
940 149 1019 173 ΕΑΡ.
1049 151 1082 174 V.
1110 152 1229 176 HOMlL.
1259 153 1331 176 XIV.

1597 138 1665 185 077

921 221 983 249 erga
1000 213 1087 241 Deum
1102 214 1238 243 caritatem
1257 213 1379 243 ostendit.
1395 211 1511 248 Quando
1524 212 1588 240 item
1604 221 1664 239 cum

921 257 1025 296 angelis
1038 267 1136 288 canunt
1152 264 1223 296 (nam
1239 266 1264 289 et
1280 259 1367 299 angeli
1382 266 1445 288 tunc
1459 261 1578 295 canunt),
1588 259 1665 286 Lau-
1684 257 1829 286 Μία-1483.

921 304 991 332 dale
1012 305 1171 334 Dominum
1188 307 1223 334 de
1238 307 1325 343 ecelis,
1345 305 1481 341 dicent055
1498 304 1577 333 nobis
1593 303 1668 333 osci-

923 350 1056 388 tantibus,
1073 352 1259 390 prurientibus
1270 375 1277 389 ,
1294 351 1485 386 stertentibus,
1504 350 1607 390 supinis
1620 350 1668 389 ja—

923 396 1085 432 centibus,et
1094 398 1201 427 fraudes
1210 399 1364 427 innumeras
1374 397 1570 437 cogitantibus:
1582 406 1666 435 quan-

923 448 980 470 tum
995 442 1064 471 illud
1082 451 1131 479 est,
1153 445 1226 484 ipsos
1242 445 1268 473 in
1288 445 1330 473 his
1345 451 1427 473 totam
1445 450 1549 473 noctem
1566 453 1666 472 consu-

923 487 1013 517 mere!
1036 489 1121 517 Paulo
1138 497 1198 522 ante
1222 491 1309 519 lucem
1330 490 1439 519 demum
1462 490 1616 528 quiescunt3
1642 495 1667 517 et

922 542 983 560 cum
1001 543 1047 561 nos
1066 543 1145 572 opera
1166 534 1358 573 aggredimur,
1379 535 1418 563 illi
1439 534 1537 572 quietis
1560 541 1667 573 tempus

921 577 1030 606 habent.
1046 579 1101 607 Ubi
1117 590 1179 608 vero
1191 580 1247 608 dies
1261 580 1363 616 illuxit,
1375 580 1475 617 singuli
1490 587 1612 608 nostrum
1626 579 1650 607 al
1660 596 1668 600 -

922 629 963 652 ter
976 623 1091 652 alterum
1106 632 1194 659 vocat,
1209 625 1243 653 de
1260 625 1387 664 impensis
1411 625 1543 663 colloquia
1557 625 1666 660 miscet,

923 669 950 697 in
971 669 1060 698 forum
1077 681 1104 699 se
1126 671 1236 707 confert,
1267 671 1456 709 magistratum
1479 670 1554 705 adit,
1578 671 1668 699 tremit

923 715 1050 755 timetque
1065 728 1098 746 ne
1111 728 1196 757 poenm
1210 725 1381 757 repetantur;
1398 717 1468 745 alius
1480 717 1508 746 in
1524 727 1629 746 scenam
1642 728 1669 746 se

923 763 1034 799 confert,
1053 763 1122 792 alius
1140 763 1176 792 ad
1194 764 1330 803 negotium
1348 775 1436 793 suum.
1454 763 1497 792 Illi
1511 774 1575 793 vero
1592 770 1669 801 post-

923 819 1003 846 quam
1018 819 1110 848 preces
1124 809 1269 839 matutinas
1284 817 1308 839 et
1322 809 1439 849 hymnos
1454 809 1669 848 compleverunt,

923 854 957 883 ad
976 855 1115 884 lectionem
1137 856 1340 896 Scripturarum
1366 866 1394 885 se
1410 856 1549 884 conferunt
1573 867 1579 883 z
1607 862 1670 884 sunt

923 900 1002 929 etiam
1033 901 1079 939 qui
1106 901 1190 930 libros
1218 902 1335 931 scribere
1362 901 1528 931 didicerunt.
1562 901 1670 940 Singuli

924 947 1099 976 constitutum
1115 947 1285 976 domicilium
1299 948 1428 977 habentes
1439 971 1445 983 ‚
1462 947 1552 986 quiete
1567 958 1671 987 semper

924 1000 1019 1031 agunt,
1035 994 1141 1022 nemine
1152 1004 1237 1033 nugas
1252 994 1417 1034 proferente,
1434 993 1539 1022 nemine
1554 993 1671 1031 loquen-

98 1043 215 1080 ροῦντος,
231 1039 331 1072 οὐδενὸς
345 1038 418 1068 οὐδὲν
431 1039 560 1077 λέγοντος.
579 1034 647 1067 Εἶτα
661 1037 762 1077 τρίτην,
777 1037 866 1073 ἕκτην,
885 1052 905 1074 A
924 1045 957 1068 te.
972 1039 1076 1068 Deinde
1090 1040 1220 1075 Tertiam,
1239 1041 1359 1075 sextam,
1377 1040 1482 1068 Nonam
1493 1061 1501 1076 ,
1515 1045 1541 1067 et
1557 1049 1670 1078 vesper-

96 1086 214 1122 ἐννάτην,
229 1085 272 1114 καὶ
287 1084 334 1118 τὰς
349 1085 486 1125 ἑσπερινὰς
499 1085 578 1124 εὐχὰς
590 1086 738 1114 ἐπιτελοῦσι
748 1107 756 1120 ,
767 1083 812 1112 καὶ
830 1085 866 1117 εἷς

95 1131 212 1171 τέσσαρα
231 1132 298 1171 με’ρη
321 1131 368 1167 τὴν
388 1131 490 1170 ἡμέραν
506 1131 705 1169 διανείμαντες,
730 1131 788 1159 καθ’
803 1130 866 1159 ἕκα-

95 1189 155 1208 στον
173 1178 250 1217 μέρος
264 1178 453 1218 πληρούμενον,
470 1177 656 1218 ψαλμῳδίαις,
670 1178 760 1216 ὕμνοις
774 1177 865 1216 γεραί-

97 1236 169 1263 ρουσι
187 1224 232 1253 τὸν
247 1223 324 1253 Θεόν.
341 1224 453 1252 Πάντων
469 1224 495 1252 δὲ
510 1223 679 1263 ἀριστώντων
693 1226 746 1252 τῶν
769 1223 865 1260 ἄλλων,

94 1269 240 1309 γελώντων,
269 1269 425 1305 παιζόντων,
444 1270 674 1308 διαρρηγνυμένων
688 1269 740 1298 ὑπὸ
753 1271 799 1304 τῆς
813 1281 865 1307 γα-

94 1315 285 1354 στριμαργίας,
298 1310 369 1344 οὗτοι
384 1319 436 1347 τοῖς
448 1314 536 1352 ὕμνοις
548 1315 766 1354 προσανέχουσιν.
777 1316 867 1344 Οὐδα-

94 1363 144 1399 μοῦ
158 1360 290 1399 τραπέζης
313 1360 422 1399 καιρὸς,
445 1360 504 1389 οὐδὲ
528 1363 579 1389 τῶν
604 1362 735 1396 αἰσθητῶν
756 1360 865 1389 τούτων.

92 1407 179 1436 Πάλιν
203 1405 271 1445 μετὰ
285 1406 315 1434 τὸ
336 1406 443 1446 ἄριστον
465 1407 517 1434 τῶν
538 1407 623 1434 αὐτῶν
646 1406 770 1444 ἔχονται,
792 1405 865 1444 ὕπνῳ

90 1451 218 1491 πρότερον
239 1451 345 1486 ἑαυτοὺς
360 1451 546 1484 ἐκδεδωκότες.
566 1453 602 1480 Οἱ
618 1450 666 1489 μὲν
681 1447 725 1479 οὖν
741 1453 865 1488 κοσμικοὶ

92 1498 137 1527 καὶ
150 1498 198 1534 τὴν
210 1497 312 1537 ἡμέραν
325 1497 492 1527 καθεύδουσιν
501 1509 507 1515 ·
519 1499 613 1526 ἐκεῖνοι
628 1498 655 1526 δὲ
666 1497 712 1526 καὶ
722 1497 770 1532 τὴν
783 1497 865 1525 νύκτα

92 1543 276 1583 ἐγρηγόρασιν.
290 1543 394 1577 Ὄντως
402 1543 454 1572 υἱοὶ
464 1544 548 1583 φωτός
560 1545 633 1573 εἰσιν.
650 1538 718 1572 Εἶτα
731 1544 825 1572 ἐκεῖνοι
835 1543 865 1571 τὸ

90 1590 170 1620 πλέον
186 1590 367 1622 ἀναλώσαντες
387 1592 413 1619 ἐν
430 1592 468 1629 τῷ
482 1589 556 1629 ὕπνῳ
574 1592 621 1624 τῆς
637 1589 738 1629 ἡμέρας
753 1588 864 1630 προΐασι

93 1636 283 1676 βεὸαρημένοι”
300 1631 370 1665 οὗτοι
389 1635 416 1665 δὲ
431 1635 470 1665 ἔτι
484 1636 619 1675 νήφουσιν,
640 1637 727 1665 ἄσιτοι
744 1636 866 1674 μένοντες

93 1683 141 1716 ἕως
151 1683 197 1722 ὀψὲ
206 1705 214 1720 ,
229 1683 274 1712 καὶ
290 1688 342 1716 τοῖς
355 1682 445 1721 ὕμνοις
455 1682 673 1723 προσανέχοντες.
691 1682 825 1722 Ἑσπέρας
837 1682 866 1711 δὲ

92 1729 171 1758 πάλιν
193 1729 410 1764 καταλαὸούσης,
432 1731 455 1757 οἱ
478 1729 524 1766 μὲν
541 1730 576 1762 εἷς
591 1728 689 1768 λουτρὰ
703 1729 750 1757 καὶ
767 1728 867 1761 ἀνέσεις

92 1775 247 1805 σπεύδουσιν
257 1787 263 1792 ·
279 1777 373 1804 ἐκεῖνοι
390 1775 418 1804 δὲ
437 1777 488 1803 τῶν
504 1774 590 1804 πόνων
607 1774 787 1806 ἀπολύσαντες
801 1776 867 1803 ἑαυ-

92 1821 169 1857 τοὺς,
189 1821 250 1850 τότε
271 1824 303 1860 τῇ
325 1821 442 1860 τραπέζῃ
463 1821 682 1860 προσανέχουσιν,
699 1822 745 1850 οὐκ
760 1822 867 1850 οἰκετῶν

100 1869 198 1902 πλῆθος
217 1868 374 1908 ἐγείροντες,
395 1866 453 1896 οὐδὲ
479 1866 679 1907 περιτρέχοντες
705 1866 752 1902 τὴν
775 1866 870 1902 οἰκίαν,

101 1913 158 1943 οὐδὲ
178 1913 361 1953 θορυὸοῦντες,
386 1913 443 1942 οὐδὲ
465 1913 517 1951 ὄψα
538 1913 624 1942 πολλὰ
646 1912 870 1952 παρατιθέμενοι,

922 1085 991 1114 tinas
1012 1085 1144 1114 orationes
1164 1086 1338 1125 persolvunt,
1355 1093 1380 1114 et
1400 1085 1427 1113 in
1447 1091 1562 1123 quatuor
1581 1091 1670 1124 partes

922 1139 1006 1162 totam
1020 1133 1093 1162 diem
1108 1133 1268 1170 dividentes,
1285 1133 1399 1172 singulis
1414 1133 1440 1161 in
1456 1133 1581 1172 partibus
1596 1132 1671 1171 psal—

923 1179 1013 1208 modia
1028 1186 1053 1208 et
1063 1180 1173 1219 hymnis
1188 1181 1276 1208 Deum
1290 1179 1441 1216 honorant3
1455 1178 1568 1217 aliisque
1583 1178 1674 1206 omni-

921 1225 972 1254 hus
986 1225 1198 1265 prandentibus,
1214 1225 1380 1262 ridentibus,
1397 1225 1571 1260 ludentibus,
1588 1224 1669 1253 cibo-

924 1282 976 1310 que
999 1271 1083 1300 nimio
1104 1282 1158 1300 sese
1175 1271 1410 1311 dirumpentibus,
1429 1270 1458 1298 hi
1476 1270 1587 1310 hymnis
1605 1270 1671 1298 dant

922 1329 1042 1357 operam.
1061 1318 1177 1346 Nullum
1196 1318 1249 1346 fere
1270 1328 1367 1346 mensae
1388 1324 1414 1346 et
1432 1317 1576 1346 sensilibus
1591 1317 1673 1345 rebus

924 1371 1029 1403 tempus
1044 1363 1199 1404 deputatur.
1220 1366 1325 1393 Rursus
1340 1371 1400 1403 post
1418 1363 1562 1404 prandium
1579 1363 1672 1392 eadem

921 1411 1047 1439 exercitia
1067 1418 1216 1446 resumunt,
1241 1418 1384 1450 postquam
1400 1411 1512 1450 paulum
1532 1421 1625 1439 somno
1645 1421 1672 1439 se

923 1455 1065 1485 dederunt.
1077 1458 1117 1485 Ac
1131 1457 1272 1485 saeculares
1287 1455 1404 1485 interdiu
1417 1455 1497 1484 etiam
1513 1456 1670 1493 dormiunt5

920 1502 960 1530 illi
976 1513 1038 1531 vero
1053 1509 1078 1531 et
1098 1509 1178 1531 noctu
1203 1502 1329 1541 vigilant,
1354 1503 1426 1532 Vere
1441 1502 1491 1530 filii
1513 1501 1581 1530 lucis
1602 1508 1673 1530 sunt.

884 1548 900 1570 B
921 1548 1025 1577 Deinde
1042 1548 1084 1577 illi
1105 1555 1249 1588 postquam
1269 1559 1395 1587 magnam
1412 1547 1466 1577 diei
1485 1555 1589 1588 partem
1606 1547 1675 1576 dor—

923 1595 1034 1624 mientes
1048 1595 1198 1624 insumsere
1208 1619 1215 1632 ,
1234 1596 1340 1634 gravati
1363 1595 1496 1635 prodeunt
1511 1606 1517 1622 t
1532 1595 1561 1623 hi
1581 1602 1672 1623 autem

922 1641 1012 1670 adhuc
1030 1642 1116 1681 jejuni
1132 1649 1207 1679 sunt,
1227 1642 1283 1671 sine
1303 1642 1364 1671 cibo
1379 1641 1413 1671 ad
1434 1652 1573 1681 vesperam
1588 1652 1673 1679 usque

924 1688 1113 1727 persistentes,
1133 1695 1158 1717 et
1186 1688 1298 1728 hymnis
1320 1698 1430 1728 operam
1456 1687 1559 1716 dantes.
1585 1687 1673 1717 Adve-

923 1735 1011 1763 niente
1031 1745 1126 1763 rursus
1141 1746 1263 1774 vespera,
1281 1735 1321 1763 illi
1336 1734 1445 1773 quidem
1464 1733 1499 1762 ad
1519 1733 1625 1762 lavacra
1647 1740 1673 1762 et

925 1781 1044 1819 requiem
1058 1788 1221 1820 properant;
1235 1781 1264 1809 hi
1279 1791 1366 1809 veroa
1381 1780 1519 1809 laboribus
1535 1780 1672 1818 quiescen-

925 1832 964 1853 tes
977 1825 1014 1854 ad
1032 1835 1151 1853 mensam
1166 1825 1344 1859 accumbunt,
1360 1835 1413 1853 non
1428 1823 1593 1852 famulorum
1610 1830 1673 1852 tur—

925 1870 988 1898 bam
1004 1869 1176 1905 concitantes,
1193 1879 1279 1906 neque
1292 1879 1341 1907 per
1355 1869 1465 1896 domum
1480 1867 1671 1906 discurrentes,

927 1926 1010 1954 neque
1032 1915 1246 1950 tumultuantes,
1273 1925 1359 1953 neque
1379 1922 1541 1954 apponentes
1563 1914 1673 1943 obsonia

101 1959 160 1988 οὐδὲ
174 1960 282 1994 mica-0<
296 1959 426 1997 γέμοντα,
451 1959 508 1986 ἀλλ’
525 1959 549 1987 οἱ
564 1958 611 1996 μὲν
632 1959 710 1998 ἄρτον
725 1958 804 1996 μόνον
827 1959 872 1987 καὶ
890 1964 908 1986 C
927 1961 1022 1996 multa,
1039 1960 1122 1989 odore
1142 1961 1288 1999 fragrantia
1295 1972 1303 1997 3
1327 1960 1373 1989 sed
1394 1960 1441 1988 alii
1463 1971 1560 2000 panem
1585 1960 1674 1989 solum

101 2006 182 2039 ἅλας,
206 2007 230 2034 οἳ
253 2005 280 2034 δὲ
303 2005 391 2033 ἔλαιον
411 2003 612 2044 προσῒῐθέντες,
636 2004 723 2044 ἕτεροι
745 2004 789 2040 δὲ,
816 2004 872 2033 ὅσοι
929 2018 990 2036 cum
1005 2007 1069 2042 sale,
1084 2006 1131 2034 alii
1147 2007 1235 2035 oleum
1248 2013 1403 2046 apponunt;
1419 2007 1464 2035 alii
1486 2017 1550 2036 vero
1565 2007 1611 2044 qui
1629 2006 1674 2035 in-

100 2050 282 2090 ἇσθενέστεροί
293 2052 362 2084 εἶσι,
377 2050 422 2078 καὶ
431 2049 554 2088 λαχάνων
567 2049 673 2088 ἔχονται
685 2050 729 2078 καὶ
744 2049 869 2089 ὀσπρίων.
926 2053 1060 2082 firmiores
1073 2059 1145 2090 sunt,
1160 2052 1257 2081 herbas
1278 2059 1303 2082 et
1317 2052 1453 2091 legumina
1465 2052 1573 2082 habem-
1588 2052 1674 2081 Dein..

100 2092 169 2126 Εἶτα
186 2096 278 2135 μικρὸν
301 2095 470 2128 καθίσαντες,
494 2096 593 2133 μᾶλλον
615 2095 643 2124 δὲ
664 2094 755 2131 ὕμνοις
770 2095 800 2124 τὸ
818 2101 871 2125 πᾶν
927 2099 961 2128 de
981 2105 1124 2138 postquam
1142 2098 1285 2138 paululum
1300 2098 1434 2134 sederunt,
1452 2098 1617 2138 hymnisque
1632 2105 1674 2127 to-

99 2142 333 2176 κατακλείσαντες,
349 2141 554 2170 διαναπαύονταῑ
569 2141 612 2170 ἐπὶ
627 2141 749 2173 στιὸἄδος
763 2141 872 2174 ἕκαστος
924 2152 981 2173 tum
1005 2144 1202 2182 concluserunt,
1225 2144 1326 2183 singuli
1349 2145 1490 2183 quiescunt
1512 2145 1540 2173 in
1563 2144 1653 2173 stratis
1666 2162 1673 2176 ‚

924 2190 957 2218 ad
981 2190 1116 2229 quietem,
1137 2201 1190 2219 non
1215 2190 1250 2219 ad
1269 2190 1379 2219 delicias
1404 2190 1548 2219 adornatis.
1573 2189 1673 2219 Nullus

924 2237 985 2265 istic
1002 2236 1157 2276 principum
1171 2236 1253 2265 timor
1267 2236 1395 2272 hahetur,
1409 2236 1485 2265 nulla
1498 2236 1671 2264 dominorum

926 2283 1079 2322 arrogantia
1090 2306 1097 2319 ‚
1113 2293 1164 2311 non
1180 2292 1319 2312 servorum
1339 2289 1426 2311 metus
1437 2305 1444 2318 ,
1459 2292 1511 2311 non
1526 2282 1671 2310 mulierum

924 2329 1067 2363 tumultus,
1093 2339 1147 2358 non
1170 2329 1346 2368 parvulorum
1368 2327 1461 2362 turbae,
1484 2338 1537 2356 non
1561 2327 1670 2356 arcula-

924 2386 984 2404 rum
1003 2375 1159 2411 multitudo,
1177 2385 1229 2404 non
1243 2375 1359 2403 vestium
1377 2374 1574 2414 superfluarum
1586 2373 1669 2413 depo-

98 2420 163 2456 σίον,
176 2421 224 2449 οὐκ
238 2419 360 2459 ἀργύριον
371 2431 377 2436 ·
394 2419 440 2448 οὐκ
458 2418 523 2448 εἰσὶν
545 2419 599 2447 ἐκεῖ
613 2417 726 2457 φυλακαὶ
741 2419 786 2447 καὶ
801 2430 867 2459 προ-
888 2428 906 2450 D
923 2421 995 2458 sitio,
1019 2432 1071 2451 non
1094 2433 1200 2459 aurum,
1217 2432 1270 2451 non
1291 2428 1432 2461 argentum
1449 2433 1455 2449 ε
1479 2432 1531 2450 non
1546 2421 1606 2450 istic
1620 2432 1667 2450 cu—

923 2468 1018 2497 stodiae
1033 2475 1058 2497 et
1072 2468 1179 2508 praeviae
1194 2467 1253 2496 aliae
1267 2467 1395 2497 custodiae
1410 2474 1486 2504 sunt,
1502 2477 1553 2496 non
1565 2477 1665 2507 penus,

98 2189 163 2229 πρὸς
176 2188 323 2217 ἀνάπαυσιν
341 2188 416 2225 μόνον
433 2187 628 2225 πεποιημένης,
643 2188 671 2216 οὐ
693 2187 800 2227 τρυφήν.
814 2189 872 2217 Οὐκ

98 2235 155 2263 ἔστι
171 2234 249 2274 φόδος
266 2234 401 2273 ἀρχόντων
423 2234 493 2269 ἐκεῖ,
511 2235 558 2262 οὐκ
575 2233 631 2262 ἔστι
648 2234 782 2262 δεσποτῶν
807 2234 872 2263 ἀπό-

98 2292 173 2317 νοια,
200 2282 247 2309 οὐκ
270 2280 327 2310 ἔστι
350 2279 447 2309 δούλων
472 2279 566 2319 φόὸος,
590 2281 637 2308 οὐκ
664 2279 719 2309 ἔστι
740 2282 870 2318 γυναικῶν

98 2326 220 2367 θόρυὸος,
242 2327 289 2356 οὔκ
309 2326 365 2355 ἔστι
387 2326 488 2355 παίδων
505 2325 631 2365 ταραχὴ,
647 2327 692 2354 οὐκ
713 2325 770 2354 ἔστι
790 2326 871 2355 κιδω-

96 2373 159 2402 τίων
170 2375 270 2409 πλῆθος
278 2394 286 2407 ‚
298 2372 354 2402 οὐῗὲ
369 2371 480 2410 ἱματίων
493 2371 616 2404 ἀπόθεσις
627 2370 737 2411 περιττὴ
748 2394 755 2407 ,
767 2373 796 2400 οὐ
807 2384 870 2412 χρυ-

97 2471 230 2510 φυλακαί·
254 2472 301 2500 οὐκ
325 2470 381 2499 ἔστι
404 2473 525 2507 ταμεῖον,
542 2470 588 2498 οὔκ
613 2469 677 2498 ἄλλο
692 2471 806 2498 τοιοῦτον
821 2469 868 2497 οὖ-

131 2564 143 2582 d
162 2561 322 2596 [luctusimus
333 2565 351 2587 εἰ
360 2559 428 2594 quod
442 2558 512 2585 abest
523 2560 548 2585 in
557 2559 629 2585 Colb.
642 2559 679 2584 Ex
688 2559 775 2584 eodem
788 2559 862 2593 paulo
875 2565 932 2585 ante
949 2563 991 2594 μέν
1003 2559 1171 2594 inseruimus.]
