1887 2855
54 1080 147 1108 2.Iteg.
162 1086 196 1101 12.

67 2270 90 2286 a.
103 2262 158 2289 Περ.
171 2268 204 2282 ¹2.

70 2297 104 2318 13.

206 152 274 185 922

206 211 286 238 sitias
303 219 387 248 paras,
411 208 455 244 qui
471 207 556 234 Deum
579 205 720 233 exacerbas
743 215 788 242 per
814 203 940 242 iusipien-

206 250 270 277 tiam
285 255 309 276 et
323 258 352 275 su
365 246 474 274 'ei-biam
491 253 565 273 tuam
580 256 586 279 ;
599 254 664 271 num
684 243 718 271 ad
738 243 874 271 hominem
893 253 940 270 ac-

207 289 285 320 cedis,
301 286 343 314 vel
356 258 440 313 lhomo
456 290 562 323 peccata
577 283 625 311 tihi
647 282 760 311 dimittit
773 283 787 310 ἶ)
800 283 833 309 ad
848 281 941 310 Domi-

207 337 270 355 num
291 332 315 352 ct
332 326 429 361 Regem
451 323 635 351 universorum
651 323 738 350 Deum
758 321 878 355 accedis,
895 320 941 358 qui

206 376 253 404 per
274 363 436 391 sacerdotem
460 369 566 401 peccata
589 361 638 390 tibi
661 361 782 389 dimittit.
811 360 942 389 Mediator

205 405 304 442 quippe
315 410 352 430 est
363 401 494 435 sacerdos,
504 412 554 429 non
568 400 674 439 propria
686 400 841 429 auctoritate
851 409 940 437 agens.

207 444 261 471 Cur
277 452 338 479 crgo
358 441 462 480 judicas
481 447 505 469 et
517 440 680 468 abominaris
695 451 765 475 cum,
779 450 855 477 quem
872 440 944 467 Deus

206 493 257 510 nou
268 481 376 509 damnat
387 481 400 508 Ρ
414 479 593 509 venerandum
606 480 662 517 ejus
682 489 779 518 corpus
790 477 901 514 dividit,
918 485 944 506 ct

207 520 371 548 immaculati
397 520 534 557 sauguinis
556 518 717 547 sacrificium
740 519 825 547 offert.
855 519 944 546 Donec
962 522 979 545 C

207 568 244 588 est
259 559 380 587 sacerdos
395 567 419 588 et
433 561 503 587 Deus
513 558 559 587 dat
572 559 611 586 illi
623 565 780 597 potestatem
793 557 945 586 sacrifican-

206 599 251 634 di,
267 610 298 627 ne
313 610 414 627 recuses
426 599 460 627 ab
479 599 526 627 illo
538 598 639 627 donum
653 598 789 637 accipere:
805 608 855 625 non
875 597 946 625 cuim

207 639 253 666 illc
267 638 313 666 dat
327 638 376 666 tibi
392 638 571 666 remissionem
586 644 762 676 peccatorum,
776 636 821 665 sed
836 647 947 673 magnus

207 678 330 706 sacerdos
351 678 490 713 Christus,
510 677 556 715 qui
576 677 753 705 sacerdotium
769 676 819 715 ipsi
841 686 947 705 concre-

207 717 286 746 didit.
297 717 376 752 Quod
390 724 476 745 autem
487 727 538 745 non
548 723 599 744 tem
610 727 665 744 iore
677 716 767 753 gratia:
778 723 889 750 tantum,
901 714 947 743 scd

207 764 282 785 antea
294 757 374 784 etiam
389 758 460 785 Deus
477 757 589 785 salutem
602 728 737 784 hominem
753 766 799 794 pei·
812 755 947 783 hominem

207 803 360 835 operaretur
378 796 452 832 (ideo
467 797 537 824 enim
553 796 683 823 Dominus
697 801 783 823 noster
798 795 948 822 incarnatus

207 843 245 864 cst
262 835 391 864 mediator
402 836 451 863 Dei
462 842 486 863 et
497 835 646 869 hominum)
660 845 665 860 :
680 833 761 872 probe
777 833 849 861 scitis
863 833 948 861 histo-

208 875 276 903 riam
288 875 357 903 beati
369 875 493 907 Davidis,
505 874 552 911 qui
563 873 642 901 modo
651 872 768 908 dicebat,
783 873 949 910 Confitebor

210 917 270 949 libi,
283 916 419 948 Domine,
434 916 466 941 ιή
485 920 543 941 toto
556 913 642 941 corde
654 923 724 947 me0,
742 911 874 949 quomodo
892 912 948 950 ipsc

210 954 236 982 in
252 953 350 982 caedem
369 960 393 981 et
407 951 570 981 adulterium
582 952 683 990 lapsus,
695 952 720 979 in
737 954 849 979 summis
870 951 948 980 malis

209 994 265 1021 sine
287 992 448 1021 confessione
471 998 599 1020 maneret.
612 990 688 1027 Quid
711 1001 774 1029 ergo
793 991 855 1018 facit
876 991 948 1019 Deus

211 1040 239 1061 ut
259 1032 337 1060 illum
356 1031 391 1060 ad
410 1031 591 1071 poenitentiam
611 1030 712 1064 incitet,
729 1037 754 1058 ct
777 1037 894 1068 posteros
913 1029 948 1058 ad

211 1071 393 1112 poenitentiaiu
415 1070 625 1110 amplectandam
646 1069 761 1098 deducat
781 1070 794 1097 P
818 1069 894 1097 Misit
913 1069 947 1098 ad
965 1075 983 1097 1·

210 1112 287 1140 illum
302 1111 407 1140 Nathan
420 1110 586 1150 prophetam,
606 1109 689 1147 quiin
705 1109 756 1137 alia
771 1119 881 1148 persona
897 1109 947 1147 ipsi

210 1162 257 1180 sua
280 1151 422 1178 nuntiaret*
443 1151 511 1178 Nam
534 1149 650 1182 veniens,
667 1148 763 1186 inquit,
788 1155 948 1176 memoratus

210 1190 339 1230 propheta
360 1189 393 1217 ad
416 1189 558 1224 Davidem,
575 1188 665 1217 dixit:
681 1189 739 1216 Rex
750 1210 757 1222 ,
774 1188 878 1226 aliquid
898 1187 946 1215 tibi

209 1228 353 1258 dicendum
376 1229 470 1257 habeo.
498 1227 649 1267 Respondet
670 1227 769 1262 David,
794 1228 853 1255 Dic.
877 1228 947 1256 Tum

211 1269 340 1308 propheta
356 1268 462 1297 Nathan
475 1279 482 1295 .·
500 1268 586 1296 Homo
600 1266 712 1305 quidam
723 1273 778 1295 erat
791 1266 878 1301 dives,
897 1266 947 1295 ha-

210 1309 274 1337 hens
291 1318 381 1347 greges
396 1314 420 1336 et
433 1314 551 1336 armenta
568 1307 651 1335 multa
664 1318 669 1333 :
684 1306 763 1335 homo
779 1313 868 1334 autem
888 1306 948 1344 qui-

211 1348 274 1376 dam
288 1358 388 1387 pauper
399 1354 471 1381 erat,
487 1347 587 1374 habens
606 1356 703 1384 agnam
723 1356 818 1381 unam,
834 1356 893 1383 qum
915 1346 949 1374 de

212 1398 299 1415 mensa
319 1388 375 1425 ejus
389 1386 552 1420 comedebat,
569 1393 594 1414 et
611 1385 645 1414 de
663 1385 744 1414 calice
758 1386 814 1423 ejus
828 1385 948 1420 bibebat,

212 1433 236 1454 et
251 1427 277 1454 in
295 1427 355 1454 sinu
373 1427 430 1465 ejus
444 1425 613 1461 dormiebat3
628 1425 741 1453 divitem
753 1424 885 1453 Davidem
903 1435 948 1453 vo-

211 1476 287 1501 cans,
299 1476 452 1505 pauperem,
470 1465 574 1494 Uriam.
593 1464 667 1500 Quid
682 1464 787 1503 igitur?
802 1464 893 1499 Venit,
908 1465 947 1492 in-

212 1505 278 1542 quit,
291 1505 446 1544 peregrinus
457 1504 488 1533 ad
500 1504 697 1539 divitem.Quis
715 1503 760 1531 ille
774 1503 948 1542 peregrinus?

213 1544 440 1583 Concupiscentiae
455 1543 590 1582 cogitatio,
606 1554 664 1581 quae
678 1553 725 1571 nos
746 1543 773 1570 in
785 1543 948 1581 supplicium

212 1584 329 1623 conjicit.
345 1584 427 1612 Venit
449 1583 604 1622 peregrinus
627 1582 660 1610 ad
681 1581 794 1610 divitem
810 1593 815 1608 :
831 1589 856 1610 et
874 1581 949 1611 dives
967 1583 984 1605 Ε

213 1624 267 1651 suis
284 1633 393 1662 parcens
414 1623 520 1657 ovibus,
539 1621 612 1650 misit
634 1621 679 1659 qui
700 1631 796 1659 agnam
825 1621 949 1660 pauperis

212 1669 343 1702 caperent,
358 1672 467 1699 eamque
482 1661 620 1700 peregrino
635 1661 770 1688 mactavit.
788 1659 844 1688 Hoc
858 1660 949 1689 audito

213 1712 260 1730 rex
276 1701 377 1738 David,
395 1701 498 1729 etiamsi
521 1701 546 1728 in
566 1707 703 1739 peccatum
718 1699 818 1738 lapsus,
834 1706 948 1728 attamen

211 1741 315 1779 justitia
331 1748 385 1768 erat
397 1740 510 1768 amictus
523 1750 598 1768 :nam
609 1739 725 1777 corporis
736 1745 791 1766 erat
801 1745 947 1777 peccatum,

213 1781 307 1808 animat
321 1791 384 1808 vero
397 1780 497 1808 bonum
511 1789 577 1818 opus
589 1791 594 1805 ε
608 1789 690 1816 quare
701 1778 783 1806 iratus
794 1778 930 1816 respondit
944 1790 949 1805 ε

215 1821 292 1848 Vivit
311 1820 466 1852 Dominus,
483 1825 573 1846 morte
593 1819 696 1856 dignus
710 1824 753 1846 est
772 1819 821 1856 qui
837 1818 948 1856 hocse-

213 1862 261 1894 cit,
272 1866 298 1888 et
313 1869 419 1898 agnam
436 1858 632 1896 septupliciter
644 1859 784 1885 restituet.
794 1858 890 1894 Legem
904 1868 950 1885 ex-

212 1906 318 1938 superat
334 1898 425 1926 David
439 1910 445 1925 :
460 1898 504 1926 lex
519 1897 590 1926 enim
609 1896 790 1935 quadruplum
802 1896 888 1934 jubet,
906 1897 949 1925 liic

214 1939 456 1977 septuplum.Tum
472 1937 578 1965 Nathan
594 1936 650 1974 regi
665 1948 671 1963 z
687 1937 729 1964 Τιι
745 1946 783 1969 es,
797 1946 812 1963 ο
826 1946 886 1971 rex,
902 1939 952 1974 qui

215 1979 269 2006 hoc
280 1979 384 2015 fecisti.
393 1975 690 2015 TnncDavidprudens
702 1986 762 2004 cum
772 1981 838 2003 esset
846 1982 870 2003 et
880 1976 951 2014 pius,

215 2027 267 2045 non
295 2018 394 2045 abusus
416 2024 454 2045 est
476 2016 547 2054 regia
574 2015 714 2054 dignitate,
735 2025 787 2043 non
815 2015 952 2054 tyrannice

215 2057 268 2092 egit
281 2067 340 2084 cum
355 2062 481 2094 arguente
493 2066 529 2089 se,
545 2055 649 2083 etiamsi
663 2054 691 2083 id
709 2061 795 2094 posset
814 2065 819 2081 :
841 2065 892 2083 non
906 2055 951 2084 di-

216 2097 267 2129 xit,
281 2096 349 2132 Quis
364 2106 391 2124 es
405 2103 442 2132 tu,
457 2095 503 2133 qui
515 2094 596 2123 audes
612 2104 702 2122 coram
715 2094 840 2122 omnibus
850 2105 892 2123 me
906 2105 952 2122 ar-
971 2099 987 2121 F

218 2136 319 2173 gnere?
331 2135 430 2164 sciebat
442 2135 512 2163 enim
524 2145 560 2169 se,
573 2134 695 2172 quamvis
707 2143 795 2171 regem
810 2139 953 2171 terrenum,

218 2175 283 2211 Regi
295 2181 382 2204 tamen
396 2184 572 2214 supernarum
586 2174 724 2202 Virtutum
736 2172 874 2201 subditum
890 2184 953 2202 esse.

221 2214 318 2242 Audita
335 2225 448 2252 namque
462 2213 597 2252 prophetae
614 2223 685 2249 voce,
700 2213 744 2240 Tu
758 2223 794 2246 es,
806 2223 821 2240 o
833 2223 890 2247 rex,
902 2220 955 2242 sta-

917 143 1047 166 secuta.

996 205 1051 235 πῶς
1066 202 1174 231 δύναται
1186 205 1275 238 οὗτος,
1293 204 1425 241 ἅνθρωπος
1439 202 1563 242 ὑπάρχων
1579 201 1622 230 καὶ
1635 201 1758 238 ἁμαρτω-

997 242 1039 274 λὸς
1049 263 1056 276 ,
1071 241 1117 274 τὰς
1133 241 1199 279 ἐμὰς
1212 242 1341 281 ἁμαρτίας
1355 242 1504 280 ἔξαλεῖψαι;
1520 243 1638 270 Τοιαῦτα
1654 251 1759 278 προφα-

997 281 1112 313 σίζονται
1138 282 1161 309 οἷ
1188 280 1381 320 ἓνκᾶμαρτίαις
1395 281 1440 308 καὶ
1454 283 1479 308 ἐν
1495 280 1622 319 ὑπεροψίᾳ
1638 281 1760 317 ὓψοῧντες

997 319 1113 352 ἑαυτούς.
1125 320 1206 356 Ἀλλ’,
1215 322 1236 347 ὠ
1249 320 1368 358 ἄνθρωπε
1379 342 1386 354 ,
1399 322 1412 347 6
1422 321 1509 357 σαυτῷ
1523 319 1695 348 ἐπιδουλεύων
1708 322 1761 349 τοῖς

998 359 1104 391 ἀλαζόσι
1117 359 1161 387 καὶ
1176 360 1320 394 ἀπατηλοῖς
1341 370 1384 387 σου
1399 358 1523 396 ῥήμασιν,
1539 360 1552 386 ὁ
1563 358 1630 386 Θεὸν
1644 369 1761 397 παραπι-

997 398 1111 436 κραίνων
1127 398 1169 426 διὰ
1184 400 1231 432 τῆς
1245 397 1332 430 ἀνοίας
1347 409 1392 426 σου
1413 397 1457 425 καὶ
1476 397 1688 435 ὓψηλοφροσύνης
1699 408 1705 414 ·
1724 395 1761 433 μὴ

997 437 1048 476 γὰρ
1060 437 1189 477 ἀνθρώπῳ
1208 436 1358 476 προσέρχῃ,
1373 436 1390 470 ἢ
1404 437 1538 474 ἅνθρωπος
1553 435 1644 473 ἀφίησί
1659 446 1703 464 σου
1715 435 1763 466 τὰς

998 477 1144 515 ἁμαρτίας;
1156 480 1192 516 τῷ
1203 476 1325 515 Δεσπότῃ
1338 476 1382 504 καὶ
1394 477 1494 514 βασιλεῖ
1506 476 1556 502 τῶν
1570 474 1690 502 ἁπάντων
1701 475 1764 503 Θεῶ

1001 516 1134 555 προσέρχῃ
1145 538 1152 550 ,
1167 518 1204 555 τῷ
1229 516 1271 544 διὰ
1288 519 1332 544 τοῦ
1357 514 1445 553 ἱερέως
1467 513 1645 552 συγχωροῦντί
1670 524 1709 541 σοι
1731 503 1764 541 rix

1000 556 1231 593 πλημμελήματα.
1250 554 1365 588 Μεσίτης
1380 553 1440 592 γὰρ,
1456 555 1500 582 οὐκ
1513 552 1636 587 αὐθέντης
1650 552 1765 590 ὑπάρχει

1001 597 1014 623 6
1026 595 1116 633 ἱερεύς.
1132 595 1167 623 Τί
1177 594 1261 623 τοίνυν
1275 593 1370 633 κρίνεις
1380 593 1424 621 καὶ
1437 593 1563 630 βδελύττῃ
1573 614 1579 625 ,
1591 591 1618 620 ὃν
1631 592 1644 618 6
1658 590 1725 622 Θεὸς
1737 593 1766 619 οὗ

1002 634 1153 672 κατακρίνει
1165 646 1172 668 ;
1186 634 1226 662 Τὸ
1239 633 1325 670 τίμιον
1341 635 1418 661 αὐτοῦ
1440 634 1518 668 σῶμα
1540 631 1638 669 μελίζει
1649 652 1656 665 ,
1679 629 1724 658 καὶ
1737 629 1767 658 τὸ

1003 674 1131 712 ἄχραντον
1144 673 1221 701 αὐτοῦ
1234 668 1299 710 αἷμα
1310 671 1525 711 ῖερουργεῖ.ἽΞ(ι)ς
1536 670 1605 698 ἐστὶν
1616 669 1709 707 ἱερεὺς,
1723 669 1767 697 καὶ

1002 715 1015 740 6
1030 713 1097 744 Θεὸς
1121 717 1251 751 συγχωρεῖ
1277 713 1347 750 αὐτῷ
1375 714 1526 750 ἱερουργεῖν,
1548 709 1584 747 μὴ
1613 708 1765 747 παραιτήσῃ

1003 753 1065 791 παρ’
1083 753 1160 780 αὐτοῦ
1175 752 1264 780 >afim
1276 751 1322 786 τὴν
1338 750 1435 790 δωρεάν
1445 762 1451 768 ·
1464 751 1492 778 οὐ
1507 750 1557 788 γὰρ
1570 748 1644 780 αὐτὸς
1656 747 1731 786 παρέ
1746 759 1768 775 ει

1004 802 1044 819 σοι
1055 791 1102 826 τὴν
1115 791 1206 830 ἄφεσιν
1218 792 1270 818 τῶν
1285 791 1430 829 ἁμαρτιῶν,
1447 791 1503 818 ἀλλ’
1514 792 1527 818 ὁ
1541 788 1621 826 μέγας
1633 788 1768 826 ἀρχιερευς

1003 831 1130 878 Χριστος,
1141 832 1154 858 6
1167 830 1308 862 πιστεύσας
1320 831 1391 868 αὐτῷ
1401 829 1449 863 τὴν
1460 828 1611 867 ἱερωσύνην.
1622 825 1686 855 “On
1702 826 1728 853 δὲ
1739 827 1768 854 οὔ

1004 881 1080 907 μονον
1094 871 1119 898 ἕν
1135 871 1167 907 τῇ
1181 869 1285 908 χάριτι,
1300 868 1368 898 ἀλλὰ
1379 869 1423 896 καὶ
1438 868 1488 906 πρὸ
1497 870 1544 902 τ’ἧς
1555 867 1661 905 ι[Εάριτος
1676 868 1689 894 6
1701 865 1769 898 Θεὸς

1002 914 1055 941 τοῖς
1077 908 1223 948 ἀνθρώποις
1238 908 1286 943 τὴν
1305 907 1436 946 σωτηρίαν
1451 908 1483 935 δι’
1502 906 1637 944 ἀνθρώπου
1654 906 1767 932 ἐποιεῖτο

1003 949 1110 983 (τούτου
1123 948 1200 987 χάριν
1215 950 1228 976 6
1242 947 1377 982 Δεσπότης
1388 948 1463 984 ἡμῶν
1476 944 1686 982 ε’νηνθρώπησεν,
1697 944 1710 970 6
1723 954 1766 980 με-

1004 988 1077 1023 σίτης
1089 989 1158 1016 Θεοῦ
1173 987 1217 1016 καὶ
1229 986 1371 1025 ἀνθρώπιον
1381 988 1389 1021 )
1398 998 1403 1003 ·
1419 985 1506 1014 οἴδατε
1517 984 1631 1024 ἀκριὸῶς
1643 982 1691 1017 τὴν
1702 983 1769 1012 ἱστο-

1005 1027 1061 1066 ρίαν
1076 1026 1144 1056 κατὰ
1159 1027 1201 1055 τὸν
1218 1027 1347 1064 μακάριον
1364 1025 1446 1054 Δαυὶδ
1463 1025 1506 1052 τὸν
1519 1023 1614 1063 ἀρτίως
1628 1021 1750 1071 εἰρηκότα
1760 1044 1768 1058 ‚

1004 1065 1248 1104 Έξομολογήσομαί
1271 1077 1325 1101 σοι,
1341 1065 1420 1100 Κύριε
1432 1087 1439 1100 ,
1457 1066 1482 1092 ἐν
1506 1063 1554 1102 ὅλῃ
1580 1062 1675 1102 καρδιᾳ
1697 1073 1746 1098 μου
1760 1084 1767 1096 ,

1002 1109 1058 1138 πῶς
1072 1109 1085 1135 6
1101 1106 1175 1139 αὐτὸς
1187 1105 1255 1144 φόνῳ
1266 1105 1311 1133 καὶ
1323 1104 1428 1143 μοιχεία
1440 1102 1599 1144 περιπεσὼν,
1614 1106 1667 1133 τοῖς
1679 1101 1768 1140 ἄκροις

1002 1150 1092 1178 κακοῖς
1101 1169 1107 1181 ,
1124 1146 1213 1183 ἔμενεν
1229 1144 1454 1181 ἀνεξομολόγητος.
1466 1143 1501 1171 Τί
1514 1145 1556 1170 οὖν
1572 1145 1641 1170 ποιεῖ
1659 1143 1672 1169 6
1686 1139 1768 1176 Θεὸς,

1002 1185 1044 1213 ἵνα
1059 1185 1103 1213 καὶ
1117 1188 1206 1213 τοῦτον
1217 1184 1281 1223 πρὸς
1296 1183 1434 1221 μετάνοιαν
1450 1182 1530 1221 ἐλάσῃ
1541 1204 1548 1217 ,
1562 1181 1607 1209 καὶ
1621 1179 1679 1212 τοὺς
1693 1179 1769 1216 μετέ-

1002 1237 1080 1253 πειτα
1101 1224 1199 1260 ποιήσῃ
1220 1225 1267 1259 τὴν
1294 1223 1431 1261 μετάνοιαν
1458 1222 1619 1254 ἀσπάζεσθαι
1631 1232 1639 1255 3
1661 1219 1768 1256 Πέμπει

1002 1265 1065 1303 πρὸς
1080 1265 1156 1292 αὐτὸν
1170 1264 1259 1292 Νάθαν
1271 1263 1313 1291 τὸν
1328 1262 1475 1302 προφήτην,
1488 1263 1513 1290 ἐν
1525 1259 1654 1298 ἀλλοτρίῳ
1666 1259 1769 1297 προσώ-

1002 1316 1045 1343 πῳ
1060 1303 1093 1332 τὰ
1107 1305 1165 1332 κατ’
1178 1304 1255 1331 αὐτοῦ
1267 1300 1568 1341 ἕξαγγέλλοντα.Ἔλοὼν
1581 1299 1642 1338 γὰρ,
1655 1299 1744 1337 φησὶν,
1756 1301 1770 1328 6

1004 1343 1189 1381 μνημονευθεὶς
1205 1342 1341 1382 προφήτης
1365 1341 1429 1380 πρὸς
1443 1341 1486 1369 τὸν
1502 1339 1584 1368 aaut&
1604 1339 1668 1377 ἔφη·
1692 1340 1770 1376 βασι-

1003 1384 1048 1411 λεῦ
1057 1405 1064 1418 ,
1080 1383 1132 1421 ἔχω
1145 1394 1185 1410 σοι
1199 1394 1225 1410 τι
1240 1383 1330 1410 εἰπεῖν.
1341 1381 1374 1410 Ὀ
1387 1381 1413 1409 δὲ
1426 1379 1524 1420 ἑαυὶδ,
1535 1378 1605 1416 λέγε.
1619 1378 1671 1406 Καὶ
1680 1379 1694 1405 6
1705 1391 1769 1417 προ-

1004 1423 1087 1461 φήτης
1104 1422 1193 1450 Νάθαν
1204 1433 1210 1439 ·
1229 1421 1363 1460 ἄνθρωπός
1377 1432 1417 1452 τις
1430 1422 1461 1454 ἠν
1475 1418 1613 1453 πλούσιος,
1629 1417 1696 1455 ἔχων
1711 1418 1769 1447 ποί-

1005 1474 1067 1499 μνια
1079 1461 1124 1490 καὶ
1146 1460 1270 1497 βουκόλια
1285 1459 1370 1488 πολλοί
1380 1470 1386 1476 ·
1402 1459 1536 1496 ἄνθρωπος
1551 1456 1579 1486 δέ
1593 1469 1631 1489 τις
1646 1455 1678 1493 ἦν
1689 1458 1770 1493 πένης

1003 1501 1071 1540 ἔχων
1083 1501 1187 1539 ἀμνάδα
1200 1499 1273 1536 μίαν,
1284 1499 1341 1534 ἥτις
1352 1500 1381 1527 ἐκ
1394 1501 1440 1532 τῆς
1454 1497 1583 1536 τραπέζης
1595 1501 1673 1530 αὐτοῦ
1685 1500 1769 1535 ἤσθιε,

1004 1541 1047 1569 καὶ
1064 1542 1094 1569 ἐκ
1107 1543 1152 1568 τοῦ
1167 1538 1291 1576 ποτηρίου
1316 1539 1393 1567 αὐτοῦ
1409 1538 1496 1572 ἔπινε,
1516 1536 1561 1564 καὶ
1585 1541 1611 1567 ἐν
1626 1543 1663 1580 τῷ
1678 1539 1769 1577 κόλπῳ

1005 1582 1081 1609 αὐτοῦ
1101 1579 1223 1607 ἐκάθευδε
1233 1578 1375 1619 ·Νπλούσιον
1392 1578 1435 1606 τὸν
1457 1577 1540 1606 Δαυὶδ
1557 1581 1654 1615 καλῶν,
1668 1580 1769 1614 πένητα

1004 1620 1045 1648 τὸν
1059 1619 1168 1658 Οὐρίαν.
1179 1618 1215 1646 Τί
1227 1621 1269 1646 οὖν
1283 1629 1289 1652 ;
1302 1614 1378 1653 ἦλθε,
1393 1617 1470 1655 φησὶ,
1482 1616 1550 1650 ξένος
1558 1619 1622 1657 πρὸς
1636 1620 1680 1649 τὸν
1690 1618 1770 1648 πλού-

1004 1671 1068 1688 σιον.
1084 1659 1132 1691 Τίς
1147 1660 1159 1686 ὂ
1175 1657 1258 1691 ξένος;
1274 1658 1307 1685 ‘O
1319 1658 1444 1697 λογισμὸς
1463 1659 1509 1690 τῆς
1527 1659 1680 1696 ἐπιθυμίας,
1695 1661 1708 1687 6
1723 1660 1770 1695 ἐμ-

1005 1699 1107 1727 comum
1120 1701 1189 1735 ἡμᾶς
1201 1699 1236 1728 εἷς
1250 1697 1366 1726 κόλασιν.
1383 1698 1463 1725 Ἠλθε
1476 1696 1544 1730 ξένος
1557 1699 1622 1737 πρὸς
1633 1700 1677 1728 τὸν
1689 1697 1769 1727 πλού-

1004 1750 1059 1767 σιον
1072 1750 1078 1755 ·
1095 1738 1139 1766 καὶ
1152 1740 1165 1765 6
1179 1735 1302 1769 πλούσιος
1318 1735 1468 1775 φειδόμενος
1483 1738 1533 1764 τῶν
1549 1738 1651 1767 οἰκείων
1663 1737 1768 1776 προὸἄ-

1004 1790 1065 1811 των,
1077 1777 1184 1815 πέμψας
1197 1775 1275 1805 ἔλαὸε
1290 1776 1337 1809 τὴν
1353 1776 1457 1812 ἀμνάδα
1469 1779 1513 1804 τοῦ
1527 1777 1652 1812 πένητος,
1664 1777 1709 1806 καὶ
1723 1788 1769 1804 κα-

1004 1816 1127 1856 τέσφαξεν
1145 1815 1225 1849 αὐτὴν
1240 1818 1278 1853 τῷ
1299 1815 1370 1853 ξένῳ,
1389 1816 1477 1857 ζἸόῦτο
1493 1816 1606 1848 ἀκούσας
1618 1819 1631 1845 6
1647 1815 1770 1854 βασιλεὺς

1005 1857 1101 1892 Δαυὶδ,
1117 1857 1139 1884 εἷ
1151 1855 1195 1884 καὶ
1209 1857 1241 1892 τῇ
1256 1855 1374 1893 ἁμαρτία
1387 1858 1418 1889 ἠν
1440 1855 1601 1893 περιπεσὼν,
1621 1855 1678 1884 ἀλλ’
1696 1855 1769 1893 ὅμως

1004 1897 1034 1925 τὸ
1049 1896 1146 1924 δίκαιον
1162 1894 1306 1941 ἦμςρίεστο·
1330 1896 1374 1921 τοῦ
1393 1893 1444 1933 γὰρ
1462 1893 1584 1932 σώματος
1597 1897 1613 1929 ἦ
1631 1894 1748 1934 ἁμαρτία
1761 1917 1769 1929 ,

1004 1939 1051 1971 τῆς
1063 1936 1089 1963 δὲ
1098 1936 1183 1973 ψυχῆς
1194 1946 1223 1962 το
1233 1933 1401 1971 κατόρθωμα,
1411 1932 1490 1962 ζὈθεν
1501 1934 1650 1973 ἀποκριθεὶς
1662 1936 1687 1962 ἐν
1695 1935 1770 1973 θυμῷ

1005 1977 1066 2014 ἔφη,
1083 1975 1121 2012 Ζῇ
1136 1973 1242 2012 Κύριος,
1256 1972 1324 2005 ἄξιος
1342 1972 1452 2001 θανάτου
1467 1976 1480 2001 ὁ
1496 1973 1608 2008 ποιήσας
1622 1975 1712 2009 τοῦτο,
1725 1973 1771 2002 καὶ

1005 2015 1053 2050 τὴν
1071 2014 1176 2051 ἀμνάδα
1194 2012 1314 2041 ἀποτίσει
1337 2012 1526 2041 ἑπταπλάσιον.
1543 2012 1713 2052 Ἵ’περὸαίνει
1725 2012 1768 2041 τὸν

1006 2055 1084 2092 νόμον
1098 2056 1111 2082 6
1129 2051 1210 2081 Δαυίδ
1220 2064 1225 2069 ·
1239 2054 1252 2080 6
1263 2051 1340 2088 νόμος
1360 2051 1410 2090 γὰρ
1425 2052 1633 2089 τετραπλασίονα
1653 2052 1751 2081 κελεύει
1763 2064 1769 2070 ·

1006 2090 1079 2126 οὗτος
1096 2093 1121 2122 δὲ
1135 2091 1333 2134 ἑπταπλασίονα
1346 2091 1454 2120 κελεύει.
1467 2091 1500 2120 ‘O
1515 2091 1541 2120 δὲ
1554 2091 1643 2120 ’Νάθαν
1656 2091 1720 2129 πρὸς
1731 2093 1772 2120 αὖ·

1007 2134 1050 2163 τόν
1063 2146 1068 2151 ·
1085 2132 1123 2162 Σὺ
1147 2135 1181 2165 εἰ,
1205 2131 1327 2168 βασιλεῦ,
1345 2133 1359 2159 6
1379 2133 1462 2159 ταῦτα
1486 2130 1646 2166 πεποιηκώς.
1674 2126 1742 2160 Εἶτα
1758 2133 1771 2160 6

1007 2173 1090 2202 Δαυὶό
1117 2171 1221 2203 συνετὸς
1249 2170 1374 2209 ὑπάρχων
1384 2192 1391 2205 ,
1418 2170 1462 2198 καὶ
1488 2170 1612 2209 εὐλαῧείᾳ
1639 2170 1754 2205 συζήσας
1764 2193 1771 2206 ,

1008 2215 1055 2241 οὐκ
1070 2211 1241 2250 ἀπεχρήσατο
1260 2211 1296 2248 τῷ
1325 2211 1452 2248 βασιλικῷ
1473 2209 1601 2248 ἀξιώματι
1616 2233 1623 2245 ,
1645 2211 1691 2238 οὐκ
1713 2211 1773 2238 ἔτυ-

1164 2251 1169 2259 .
1743 2251 1751 2259 ‚

220 2253 267 2280 tim
280 2254 411 2282 confessus
426 2260 464 2282 est
475 2254 613 2282 :Peccavi
627 2253 763 2280 Domino.
775 2252 824 2280 Cui
837 2253 952 2287 Nathan,
962 2270 997 2288 33⁵
1011 2253 1119 2292 ράννησε
1147 2262 1189 2279 τον
1225 2249 1365 2288 ἐλέγχοντα
1378 2272 1385 2285 ,
1412 2248 1508 2288 καίπερ
1542 2249 1682 2287 δυνάμενος
1695 2260 1701 2266 ·
1726 2261 1773 2278 ουκ

221 2294 260 2320 Ec
275 2294 417 2322 Dominus
432 2293 551 2321 abstulit
562 2299 713 2331 peccatum
724 2298 814 2327 tuum,
825 2302 883 2319 non
894 2303 953 2320 mo·
972 2298 991 2319 Α
1009 2288 1064 2320 εἶπε
1073 2314 1080 2327 ,
1093 2291 1132 2322 τίς
1146 2286 1170 2319 εἷ
1183 2289 1228 2324 σὺ,
1239 2292 1252 2318 6
1266 2288 1400 2326 τολμήσας
1415 2288 1457 2317 ἐπὶ
1471 2288 1575 2317 πάντων
1587 2288 1710 2317 ὀνειδίσαι
1724 2301 1771 2326 με;

220 2334 310 2360 rieris.
322 2334 345 2361 Ο
358 2333 471 2367 Nathan,
481 2343 529 2360 cur
545 2342 625 2360 ausus
634 2342 661 2360 es
674 2331 828 2360 sententiam
841 2331 925 2360 serre?
938 2343 953 2360 a

220 2372 321 2399 Novato
336 2372 405 2400 enim
416 2372 462 2400 illo
474 2372 588 2410 superbo
601 2370 765 2399 accusandus
778 2382 813 2399 es.
828 2372 883 2399 Deo
894 2382 951 2410 pcc-

220 2410 290 2438 cavit
305 2410 403 2445 David,
417 2411 520 2449 ipsique
542 2411 674 2439 confessus
689 2417 736 2444 est,
755 2417 779 2439 et
795 2410 866 2439 unde
885 2411 952 2439 nosti

220 2459 284 2477 num
299 2450 403 2478 veniam
418 2450 557 2488 acceperit,
566 2457 594 2478 ut
608 2450 711 2478 auferas
723 2450 780 2487 ejus
795 2450 953 2489 peccatum?

220 2500 305 2527 primo
321 2489 404 2521 disce,
419 2496 443 2516 et
458 2496 519 2516 tunc
534 2489 712 2517 remissionem
727 2490 760 2517 da
776 2490 885 2528 pcccati.
900 2491 952 2517 Re-

218 2528 331 2567 spondet
345 2528 448 2556 Nathan
460 2540 466 2554 .-
480 2528 548 2555 Mihi
563 2528 693 2556 commisit
714 2529 785 2556 Deus-
810 2529 952 2567 perfectam

1008 2332 1064 2369 ᾔδει
1079 2330 1129 2369 γὰρ
1150 2331 1252 2368 σαφῶς,
1271 2328 1310 2356 ὅτι
1325 2329 1347 2356 εἷ
1366 2328 1409 2356 καὶ
1427 2327 1547 2366 βασιλεύς
1561 2329 1631 2357 ἐστιν
1646 2327 1772 2366 ἐπίγειος,

1009 2372 1066 2399 ἀλλ’
1082 2370 1152 2408 ὅμως
1174 2368 1339 2407 βασιλεύεται
1360 2367 1411 2395 ὑπὸ
1425 2370 1468 2395 τοῦ
1488 2368 1616 2405 βασιλέως
1641 2369 1694 2396 τῶν
1714 2367 1768 2396 ἅνω

1008 2410 1151 2448 δυνάμεων.
1169 2408 1218 2440 (Ως
1230 2408 1307 2449 μένον
1320 2407 1370 2446 γὰρ
1383 2406 1479 2441 ἤκουσε
1489 2407 1534 2442 τὴν
1547 2406 1633 2445 φωνὴν
1644 2410 1689 2436 τοῦ
1703 2419 1771 2445 προ-

1008 2449 1103 2487 φήτου,
1118 2449 1157 2477 ὅτι
1178 2447 1215 2476 Σὺ
1239 2451 1276 2480 εἰ,
1293 2448 1413 2484 βασιλεῦ,
1429 2446 1522 2479 εὐθέως
1539 2446 1771 2484 ἐξωμολογήσατο·

1007 2489 1167 2527 ‘noim-rim
1192 2489 1229 2526 τῷ
1256 2486 1353 2525 Κυρίῳ.
1372 2486 1405 2515 ‘O
1429 2486 1456 2514 δὲ
1480 2486 1580 2519 Νάθαν,
1604 2486 1656 2526 Καὶ
1678 2485 1772 2521 Κύριος

1009 2530 1095 2567 ἀφεῖλε
1109 2528 1137 2556 τὸ
1149 2527 1297 2566 ἁμάρτημά
1310 2538 1365 2560 σου,
1375 2528 1403 2554 οὗ
1417 2525 1452 2564 μὴ
1470 2526 1612 2563 ἀποθάνῃς.
1623 2525 1656 2554 Ὠ
1670 2525 1770 2560 Νάθαν,
