1893 2860
384 149 418 172 IN
445 149 552 172 EPIST·
582 149 604 171 Π
611 164 618 171 .

50 219 115 244 πᾶσι
130 213 249 254 παροῦσά
271 213 341 242 ἐστιν
357 212 511 252 ὁλόκληρος.
533 213 640 249 Ταύτην
657 208 701 242 οὖν
713 212 819 249 κτησώ-

51 264 133 298 μεθα,
147 260 191 289 καὶ
202 259 349 300 χρημάτων
363 261 582 298 καταφρονῶμεν,
605 259 647 288 ἵνα
669 260 819 297 δυνηθῶμεν

48 310 99 336 τῶν
113 307 194 339 ὄντως
206 308 337 346 ἐπιτυχεῖν
347 308 465 345 ἀγαθῶν·
479 301 515 334 ὧν
525 307 627 344 γένοιτο
639 306 739 338 πάντας
750 308 822 344 ἡμᾶς

48 353 200 388 ἀξιωθῆναι.

648 148 692 171 ΑΒ
719 148 846 171 ΤΙΜΟΤΠ
853 163 860 170 .

1076 145 1194 169 nomn„
1224 145 1284 169 vu.
1555 136 1623 182 755

877 221 1058 251 spernamus:
1082 217 1112 240 ut
1132 210 1266 250 possimus
1290 221 1353 241 vcra
1380 212 1451 242 bona
1478 212 1622 251 consequi,

877 257 952 296 queis
962 257 1065 286 utinam
1075 256 1152 296 digni
1163 256 1324 286 habeamur.

889 147 967 170 CAP.
999 147 1047 170 ΙΙΙ.

339 560 474 589 ΟΜΙᾹΙᾹ
489 557 520 591 ζ’.

49 659 136 687 Τοῦτο
148 659 175 688 δὲ
188 658 309 697 γίνωσκε,
323 658 363 686 ὅτι
376 660 401 687 ἐν
417 656 542 696 ἐσχάταις
555 655 666 694 ἡμέραις
679 653 818 689 ἐνστήσον-

88 716 132 733 ται
143 704 228 744 καιροὶ
236 703 361 743 χαλεποί·
372 702 475 731 ἔσονται
486 702 537 742 γὰρ
547 703 570 731 οἱ
582 701 714 740 ἅνθρωποι
726 700 819 740 φίλαυ-

88 763 138 787 τοι,
149 751 312 790 φιλάργυροι,
325 748 457 782 ἀλαζόνες,
471 748 644 788 ὑπερήφανοι,
655 747 818 786 βλάσφημοι,

88 800 206 834 γονεῦσιν
226 797 355 829 ἀπειθεῖς,
370 793 524 834 ἀχάριστοι,
545 793 659 828 ἀνόσιοι,
676 792 819 827 ἄσπονδοι,

89 842 230 881 ἄστοργοι,
242 841 369 876 διάίολοι,
383 842 516 879 ἀκρατεῖς,
529 840 672 878 ἀνήμεροι,
687 838 819 877 ἀφιλάγα-

88 890 141 924 θοι,
155 887 298 926 προδόται,
312 891 466 926 προπετεῖς,
481 885 668 925 τετυφωμένοι,
685 883 820 923 φιλήδονοι

89 935 188 972 μᾶλλον
211 933 228 969 ἢ
248 933 382 973 φιλόθεοι,
406 933 509 972 ἔχοντες
525 932 658 972 μόρφωσιν
676 930 819 965 εὐσεέείας,

89 980 137 1015 τὴν
150 979 176 1008 δὲ
189 980 298 1018 δύναμιν
311 980 392 1015 αὐτῆς
403 979 556 1018 ἠρνημένοι.
572 978 625 1007 Καὶ
635 977 742 1009 τούτους
755 978 820 1004 ἀπο-

88 1025 193 1066 τρέπου.
214 1026 264 1054 Ἐκ
275 1025 371 1054 τούτων
385 1025 436 1065 γάρ
448 1027 511 1054 εἰσιν
525 1026 548 1053 οἱ
563 1024 708 1056 ἐνδύνοντες
723 1023 758 1055 εἰς
772 1021 819 1055 τὰς

88 1072 188 1107 οἰκίας,
204 1071 248 1100 καὶ
264 1072 502 1111 αἰχμαλωτίζοντες
514 1070 675 1109 γυναικάρια
690 1080 817 1108 σεσωρευ-

89 1118 156 1156 μένα
180 1117 337 1156 ἁμαρτίαις,
357 1117 473 1156 ἀγόμενα
488 1116 639 1154 ἐπιθυμίαις
653 1115 698 1144 καὶ
712 1115 818 1150 ἡδοναῖς

87 1164 234 1200 ποικίλαις,
251 1164 363 1193 πάντοτε
378 1163 554 1202 μανθάνοντα,
571 1162 615 1191 καὶ
635 1162 766 1201 μηδέποτε
781 1162 818 1193 εἷς

87 1211 228 1249 ἐπίγνωσιν
244 1210 367 1246 ἀληθείας
382 1209 515 1248 δυνάμενα
529 1210 622 1238 ἐλθεῖν.

85 1449 131 1478 Ἐν
145 1449 178 1485 τῇ
201 1446 316 1486 προτέρᾳ
335 1446 461 1484 ἐπιστολῇ
484 1445 586 1484 ἔλεγεν,
608 1445 647 1474 ὅτι
660 1446 700 1474 Τὸ
711 1448 815 1483 πνεῦμα

46 1495 131 1534 ῥητῶς
143 1493 224 1532 λέγει,
239 1492 279 1521 ὅτι
291 1493 317 1521 ἐν
328 1491 446 1531 ὑστέροις
456 1495 556 1531 καιροῖς
568 1491 763 1526 ἀποστήσονταί
774 1504 814 1520 τι-

44 1552 85 1573 νες
109 1542 156 1574 -ι-’ῆς
175 1538 302 1570 πίστεως·
317 1537 363 1566 καὶ
384 1537 463 1566 πάλιν
483 1539 508 1566 ἓν
526 1537 607 1576 ἑτέρῳ
622 1539 694 1576 τόπῳ
710 1549 815 1577 προφη-

44 1585 112 1615 τεύει
127 1587 153 1614 ἐν
169 1587 233 1622 αὐτῇ
248 1586 281 1622 τῇ
292 1585 416 1622 ἐπιστολῇ
432 1583 548 1612 τοιοῦτόν
559 1595 584 1612 τι
599 1583 706 1623 ὕστερον
719 1584 815 1622 ἐσόμε-

43 1643 96 1660 νον.
119 1631 172 1660 Καὶ
188 1631 298 1659 ἐνταῦθα
319 1629 346 1659 δὲ
371 1630 449 1658 πάλιν
466 1629 496 1657 τὸ
520 1629 584 1657 αὐτὸ
608 1634 696 1665 ποιεῖ,
712 1629 814 1668 λέγων·

42 1679 129 1707 Τοῦτο
145 1676 172 1705 δὲ
187 1676 299 1715 γίνωσκε
309 1698 316 1712 ,
331 1675 370 1704 ὅτι
386 1678 412 1705 ἐν
425 1675 541 1714 ὑστέροις
555 1680 656 1715 καιροῖς
670 1675 814 1710 ἐνστήσον-

41 1737 87 1753 ται
101 1724 188 1764 καιροὶ
200 1722 322 1762 χαλεποί.
336 1723 389 1751 Καὶ
403 1724 450 1751 οὐκ
463 1722 516 1751 ἀπὸ
527 1723 579 1750 τῶν
594 1722 710 1761 ὑστέρων
727 1722 815 1760 μόνον,

43 1770 112 1800 ἀλλὰ
126 1770 170 1799 καὶ
196 1769 248 1798 ἀπὸ
266 1771 318 1798 τῶν
338 1768 492 1808 φθασάντων
507 1772 582 1797 τοῦτο
600 1768 745 1797 δείκνυσιν·
762 1768 814 1797 “Ὸν

40 1816 148 1856 τρόπον,
177 1815 265 1855 φησὶν,
289 1815 391 1849 Ἰαννῆς
417 1814 462 1843 καὶ
492 1814 620 1852 Ἰαμῧρῆς
648 1814 814 1850 ἀντέστησαν

41 1863 154 1901 Μωῢσῇ.
168 1861 221 1891 Καὶ
236 1861 288 1890 ἀπὸ
299 1862 433 1899 λογισμῶν
448 1860 528 1889 πάλιν
541 1871 547 1878 ·
563 1859 610 1888 Ἐν
622 1860 725 1899 μεγάλῃ
739 1860 766 1888 δὲ
779 1862 815 1888 οἷ-

41 1907 87 1947 κίᾳ
101 1908 148 1937 οὐκ
168 1907 224 1936 ἔστι
244 1906 320 1945 μόνον
342 1905 424 1940 σκεύη
442 1911 529 1945 χρυσᾶ
544 1905 589 1934 καὶ
605 1907 715 1945 ἀργυρᾶ.
731 1906 766 1934 Τί
782 1906 812 1941 δὴ

42 1956 119 1982 τοῦτο
137 1957 219 1988 ποιεῖ,
231 1951 275 1981 ἵνα
290 1951 327 1990 μὴ
343 1952 488 1990 θορυῧῆται
499 1951 644 1988 Τιμόθεος,
657 1951 724 1988 μηδὲ
736 1954 813 1990 ἡμῶν

43 2011 98 2036 τις,
109 1999 172 2028 ὅταν
183 1993 247 2026 ὦσιν
269 1997 361 2036 ἄνδρες
379 1997 498 2035 πονηροί.
518 1996 553 2025 Εἴ
565 2009 594 2035 γε
611 1996 654 2025 ἐπὶ
680 1997 814 2030 Μωυσέως

42 2044 180 2083 γεγόνασι,
193 2043 257 2083 φησὶ
269 2065 276 2079 ,
292 2043 337 2072 καὶ
351 2042 418 2081 μετὰ
431 2046 515 2071 ταῦτα
527 2043 646 2080 ἔσονται,
663 2042 735 2071 οὐδὲν
749 2046 812 2072 θαυ-

44 2091 142 2129 μαστὸν
159 2085 281 2118 εἶναικαὶ
301 2090 338 2128 ἐφ’
351 2091 437 2126 ἡμῶν.
453 2090 500 2117 Ἐν
517 2088 635 2128 ὑστέροις
650 2093 750 2128 καιροῖς
769 2091 813 2119 ἐν-

41 2137 181 2171 στήσονται
194 2135 280 2174 καιροὶ
293 2134 415 2174 χαλεποί.
435 2135 504 2173 Οὐχὶ
520 2134 566 2167 τὰς
585 2134 687 2174 ἡμέρας
701 2135 813 2164 διαὸάλ-

41 2183 93 2211 λων
117 2182 188 2220 λέγει
210 2181 266 2210 οὐδὲ
285 2180 343 2213 τοὺς
357 2180 482 2219 καιροὺς,
497 2180 565 2209 ἀλλὰ
580 2180 638 2213 τοὺς
660 2180 812 2220 ἀνθρώπους

40 2228 99 2261 τοὺς
119 2228 177 2257 τότε
190 2227 274 2259 ὄντας.
290 2226 342 2255 Καὶ
356 2226 406 2265 γὰρ
421 2229 484 2264 ἡμῖν
503 2226 570 2254 οὕτω
585 2226 670 2264 λέγειν
686 2227 742 2259 ἔθος
756 2228 812 2256 ἐστὶ

38 2275 144 2313 καιροὺς
158 2272 285 2311 πωιηροὺς
297 2295 304 2308 ,
321 2272 365 2301 καὶ
379 2273 407 2301 οὗ
422 2271 550 2311 πονηροὺς
560 2295 568 2307 ,
586 2272 638 2301 ἀπὸ
654 2275 705 2301 τῶν
723 2275 747 2301 ἐν
765 2275 812 2302 αὐ-

38 2325 93 2353 τοῖς
114 2318 311 2357 συμὸαινόντων
329 2318 492 2356 πραγμάτων
513 2319 564 2347 ὑπὸ
585 2320 636 2347 τῶν
656 2319 811 2358 ἀνθρώπων.

4 2387 5 2391 =
40 2366 94 2396 Καὶ
108 2365 202 2398 εὐθέως
218 2364 247 2392 τὸ
263 2363 367 2392 πάντων
390 2364 470 2392 αἴτιον
486 2364 574 2400 τίθησι
586 2367 636 2393 τῶν
652 2367 750 2402 κακῶν,
765 2367 811 2395 καὶ

40 2412 88 2447 τὴν
114 2411 186 2450 ῥίζαν
210 2411 255 2439 καὶ
276 2410 323 2445 τὴν
338 2409 436 2448 πηγὴν,
458 2410 504 2438 καὶ
517 2410 573 2439 ὅθεν
589 2411 621 2439 τὰ
637 2411 705 2440 ἄλλα
726 2412 814 2441 πάντα

40 2458 174 2491 τίκτεται,
191 2456 238 2491 τὴν
261 2456 414 2494 ὑπεροψίαν.
430 2455 464 2484 Ὁ
479 2456 564 2496 τούτῳ
584 2456 662 2489 ἁλοὺς
676 2460 712 2496 τῷ
734 2458 812 2487 πάθει

42 2502 99 2532 οὐδὲ

111 2503 144 2531 τὰ
161 2503 244 2531 οἰκεῖα
257 2506 358 2530 σκοπεῖ.
375 2501 459 2531 ’Ὁταν
476 2502 526 2542 γὰρ
540 2503 576 2540 μὴ
594 2503 626 2532 τὰ
639 2506 684 2532 τοῦ
701 2505 813 2540 πλησίον

43 2560 82 2580 τις
95 2550 195 2586 σκοπῇ,
213 2547 274 2576 ὅταν
289 2549 339 2577 τῶν
353 2547 449 2577 ἐκείνου
472 2550 574 2587 ἀμελῇ,
589 2551 644 2582 πῶς
667 2549 699 2579 τὰ
721 2551 812 2580 ἑαυτοῦ

835 1454 853 1476 Ι)

1123 557 1281 586 HOMILIA
1310 559 1376 588 VII.

875 648 943 677 CAP.
951 648 1000 676 ΠΙ.
1009 659 1037 677 v.
1051 650 1078 677 1.
1087 649 1152 678 Iloc
1163 656 1260 678 autem
1273 651 1355 685 scito,
1370 651 1449 689 quod
1457 653 1488 679 in
1499 654 1620 681 novissi-

915 695 970 723 mis
997 695 1098 723 diebus
1119 696 1272 724 instabunt
1299 702 1430 734 tempora
1448 700 1553 735 gravia
1568 709 1575 724 :
1590 700 1618 727 Q.

917 746 1001 768 erunt
1013 742 1090 768 enim
1105 741 1236 769 homines
1248 743 1356 779 seipsos
1378 748 1524 777 amantes,
1535 753 1622 781 pecu-

917 787 972 814 niae
982 786 1177 824 cupidi‚elati,
1185 788 1310 825 superbi,
1320 787 1492 826 blasphemi,
1498 791 1625 826 parenti·

918 832 970 860 bus
988 842 1047 859 non
1060 833 1238 867 obedientes,
1252 834 1372 871 ingrati,
1387 833 1511 868 scelesti,
1521 835 1548 862 5.
1560 835 1624 861 sine

915 887 999 916 pace,
1015 879 1077 906 sine
1093 879 1267 918 affectione,
1292 880 1506 916 criminatores,
1521 881 1622 908 incon-

917 927 1052 960 tinentes,
1069 927 1204 960 immites,
1220 928 1283 954 sine
1298 927 1489 964 benignitate,
1509 927 1538 957 4.
1554 937 1623 966 pro-

915 971 1033 1006 ditores,
1048 973 1188 1010 protervi,
1204 972 1319 1006 tumidi,
1335 971 1524 1010 voluptatum
1539 983 1622 1000 ama-

917 1025 992 1048 tores
1008 1021 1101 1058 magis
1119 1029 1208 1058 quam
1220 1019 1290 1055 Dei,
1305 1018 1332 1047 5.
1349 1019 1489 1047 habentes
1499 1021 1622 1058 spectem

915 1066 1033 1104 quidem
1043 1067 1173 1103 pietatis,
1186 1067 1327 1093 virtutem
1341 1071 1438 1093 autem
1453 1066 1515 1104 ejus
1533 1066 1623 1094 abne-

913 1117 1027 1150 gantes.
1044 1112 1085 1139 Et
1100 1112 1153 1139 hos
1165 1111 1274 1139 devita.
1291 1111 1319 1140 6.
1337 1111 1386 1138 Es·
1398 1111 1443 1139 his
1458 1112 1536 1138 enim
1552 1118 1620 1140 sunt

914 1159 965 1196 qui
985 1163 1141 1196 penetrant
1163 1157 1275 1193 domos,
1299 1163 1327 1186 et
1352 1158 1484 1195 captivas
1510 1157 1622 1186 ducunt

907 1204 1096 1232 mulierculas
1106 1210 1243 1232 oneratas
1252 1205 1460 1242 peccatis‚quoe
1472 1203 1622 1232 ducuntur

913 1251 1008 1279 variis
1020 1250 1171 1278 desideriis
1186 1256 1213 1278 et
1228 1249 1443 1288 voluptatibus,
1464 1250 1493 1278 7.
1511 1259 1623 1288 semper

910 1298 1063 1332 discentes,
1080 1303 1107 1325 et
1124 1306 1283 1335 numquam
1310 1295 1351 1324 ad
1367 1297 1520 1325 scientiam
1544 1297 1621 1325 veri-

912 1345 982 1372 tatis
993 1344 1204 1381 pervenientes.

912 1444 940 1470 1.
959 1443 990 1471 In
1005 1441 1090 1481 priori
1114 1441 1226 1480 epistola
1242 1440 1349 1470 dicebat
1365 1453 1370 1468 :
1384 1441 1509 1480 Spiritus
1523 1443 1617 1470 mani-
1633 1455 1653 1470 ι.
1669 1450 1726 1472 Tim,
1747 1449 1772 1479 4.

870 1488 946 1526 feste
960 1488 1031 1516 dicit
1044 1487 1123 1526 quod
1142 1490 1173 1515 in
1193 1488 1358 1515 novissimis
1383 1489 1558 1526 temporibus
1572 1497 1618 1516 re-
1634 1487 1653 1501 ¹¹

871 1534 975 1562 cedent
987 1533 1107 1572 quidam
1119 1543 1138 1561 a
1140 1533 1208 1572 fide
1215 1545 1226 1566 ,·
1236 1539 1261 1561 et
1271 1543 1365 1561 rursus
1379 1533 1442 1561 alibi
1455 1533 1483 1562 in
1495 1533 1552 1573 ipsa
1563 1534 1618 1573 epi-

871 1578 938 1608 stola
952 1578 1040 1607 simile
1053 1577 1183 1617 quiddam
1209 1578 1332 1607 futurum
1359 1578 1514 1618 prophetice
1538 1579 1615 1608 dicit.

872 1626 930 1654 Hoc
946 1625 1036 1665 ipsum
1053 1625 1117 1653 facit
1131 1625 1175 1653 hic
1189 1624 1280 1654 dicens
1295 1637 1301 1652 :
1315 1627 1382 1654 Hoc
1407 1631 1506 1654 autem
1530 1628 1615 1664 scito,

871 1673 950 1711 quod
959 1674 991 1700 in
1003 1673 1168 1701 novissimis
1181 1673 1357 1710 temporibus
1372 1673 1525 1701 instabunt
1546 1679 1616 1701 tem-

868 1729 943 1757 pora
961 1720 1075 1757 gravia.
1089 1717 1124 1746 Et
1139 1727 1191 1746 non
1205 1717 1292 1746 solum
1306 1728 1322 1746 a
1337 1717 1446 1752 futuris,
1463 1717 1510 1746 sed
1535 1718 1615 1746 etiam

870 1775 884 1793 a
899 1764 1041 1804 praeteritis
1062 1764 1113 1792 hoc
1128 1763 1230 1792 indicat
1252 1763 1359 1792 dicens:
1371 1763 1398 1792 8.
1418 1764 1614 1801 Quemadmo-

870 1813 938 1841 dum
960 1813 1091 1840 Joannes
1106 1818 1133 1839 et
1148 1812 1296 1848 Jambres,
1314 1813 1484 1840 restiterunt
1502 1813 1613 1848 ssonsi.

870 1857 907 1886 Et
918 1868 934 1886 a
948 1857 1096 1886 ratiociniis
1110 1867 1231 1885 rursum:
1242 1858 1278 1885 In
1289 1867 1397 1896 magna
1413 1863 1512 1886 autem
1527 1858 1613 1887 domo
1625 1869 1648 1885 2.
1662 1863 1722 1885 Tim.
1735 1871 1757 1886 2.

871 1914 931 1932 non
944 1910 1011 1932 sunt
1026 1903 1119 1932 solum
1134 1913 1212 1932 vasa
1231 1913 1323 1932 aurea
1337 1909 1366 1931 εί
1380 1910 1531 1943 argentea.
1558 1904 1614 1933 Cur
1627 1900 1665 1916 ²⁰·

870 1956 960 1978 autem
976 1948 1004 1977 id
1020 1949 1106 1977 facit?
1123 1949 1160 1978 Ut
1175 1958 1223 1977 nec
1243 1948 1406 1978 Timotheus
1422 1959 1470 1978 nec
1485 1950 1545 1987 quis
1562 1960 1612 1979 no-

870 2002 956 2024 strum
968 1994 1101 2031 turbetur,
1111 1993 1133 2023 si
1146 1994 1199 2023 sint
1208 1993 1329 2023 homines
1338 1994 1412 2024 mali.
1419 1995 1447 2024 Si
1455 1995 1507 2024 suh
1519 1997 1615 2035 Moyse

870 2042 988 2079 suerunt,
1005 2040 1093 2079 inquit
1104 2063 1112 2077 ,
1126 2047 1151 2069 et
1171 2047 1263 2080 postea
1284 2047 1377 2078 erunt,
1392 2040 1461 2070 nihil
1475 2041 1576 2071 mirum
1590 2043 1613 2071 si

870 2094 959 2116 nostra
973 2097 1079 2125 quoque
1093 2092 1179 2115 aetate.
1196 2088 1234 2115 In
1249 2088 1416 2116 novissimis
1437 2090 1614 2126 temporibus

869 2135 1020 2163 instabunt
1032 2139 1161 2172 tempora
1173 2135 1287 2172 gravia.
1300 2134 1359 2162 Non
1370 2132 1428 2162 dics
1438 2134 1483 2162 vel
1493 2141 1613 2173 tempora

869 2191 980 2220 carpens
992 2180 1042 2208 boc
1055 2179 1133 2217 dicit,
1146 2179 1195 2208 sed
1210 2179 1332 2208 homiues
1345 2186 1408 2208 tunc
1423 2179 1613 2210 sutu1»0s.Nam

868 2226 906 2255 sic
919 2237 967 2255 nos
980 2236 1087 2264 quoque
1105 2225 1220 2254 solemus
1242 2232 1362 2264 tempora
1387 2225 1457 2253 mala
1472 2225 1572 2261 dicere,
1587 2234 1612 2255 et

869 2282 920 2301 non
935 2272 1005 2300 mala
1016 2294 1023 2307 ,
1038 2282 1052 2300 a
1067 2271 1146 2300 rebus
1162 2271 1195 2299 ab
1219 2270 1376 2298 hominibus
1392 2277 1455 2299 tunc
1469 2271 1560 2309 gestis.
1576 2272 1611 2301 Et

868 2319 958 2348 statim
981 2328 1089 2347 causam
1113 2324 1138 2346 et
1160 2317 1277 2346 radicem
1302 2324 1328 2345 et
1351 2317 1452 2345 fontem
1475 2318 1610 2347 malorum

869 2365 990 2394 omnium
1013 2364 1098 2403 ponit,
1122 2363 1286 2403 superbiam,
1305 2362 1377 2391 uude
1391 2363 1443 2391 alia
1458 2363 1547 2392 omnia
1563 2374 1612 2403 pa-

870 2411 984 2440 riantur.
1002 2410 1055 2445 Qui
1072 2410 1122 2438 hoc
1134 2409 1200 2439 vilio
1213 2416 1308 2448 captus
1322 2415 1370 2445 est,
1388 2419 1421 2437 ne
1437 2420 1484 2438 sua
1501 2409 1611 2448 quidem

869 2457 1006 2497 perspicit.
1021 2458 1089 2484 Cum
1101 2455 1170 2484 enim
1187 2455 1250 2493 quis
1264 2466 1323 2493 quse
1338 2455 1455 2494 proximi
1478 2463 1539 2484 sunt
1557 2467 1610 2485 non

870 2504 993 2533 observat
1006 2509 1031 2531 ct
1053 2502 1185 2541 negligit,
1201 2501 1336 2540 quomodo
1358 2512 1405 2530 sua
1431 2502 1585 2532 observabit
1599 2503 1612 2530 Ξ)

870 2551 945 2581 Sicut
965 2549 1035 2579 cuim
1051 2549 1084 2588 is,
1098 2549 1144 2587 qui
1161 2559 1189 2577 ca
1204 2559 1263 2587 quar
1279 2548 1398 2587 proximi
1413 2556 1474 2578 sunt
1489 2549 1609 2589 respicit,
