1893 2860
441 161 474 183 IN
501 160 607 183 EPIST.
638 160 661 182 1.
691 160 736 181 AD
762 157 904 182 Ttmo'rn.

89 223 153 260 αὐτῇ
169 222 245 257 ἐτύθη
262 225 276 251 ὁ
288 222 418 261 Χριστὸς,
431 221 522 251 λοιπὸν
538 221 564 251 δὲ
579 221 647 250 κατὰ
668 221 701 250 τὰ
723 220 856 259 μυστήρια

87 267 209 306 οὐδεμίαν
219 267 377 307 προτέρησιν
392 267 492 307 ἔχουσι.
506 267 559 296 Καὶ
570 270 654 308 τροφῇ
667 268 715 306 μὲν
725 267 856 308 προσ-Θάλ-

87 315 139 342 λων
153 314 264 352 αἷσθητῇ
275 336 283 349 ,
294 313 395 346 νίπτεις
408 313 456 346 τὰς
466 318 573 353 χεῖρας,
587 314 694 346 πλύνεις
707 313 737 342 τὸ
751 313 838 351 στόμα
850 325 855 329 ·

86 361 170 399 τροφῇ
194 358 223 388 δὲ
243 359 346 397 μέλλων
362 359 498 398 προσιέναι
513 361 694 398 πνευματικῇ,
708 361 738 388 οὗ
758 359 858 389 νίπτεις

86 405 135 439 τὴν
150 404 250 444 ψυχὴν,
264 405 333 434 ἀλλὰ
351 405 440 444 γε’μων
456 405 620 445 ἀκαθαρσίας
637 404 790 444 προσέρχῃ;
805 404 858 432 Καὶ

87 450 126 486 τί,
138 450 232 489 φησίν;
243 452 290 480 οὖν.
301 453 425 490 ἀρκοῦσιν
439 452 466 480 αἱ
478 452 530 479 τῶν
542 450 740 489 τεσσαράκοντα
750 450 857 488 ἡμερῶν

88 501 206 531 νηστεῖαι
218 497 262 526 τὸν
276 497 357 525 πολὺν
373 495 484 536 φορυτὸν
497 499 611 535 καθᾶραι
626 498 678 523 τῶν
695 495 857 533 ἁμαρτημά-

87 551 153 575 των;
165 540 218 569 Καὶ
234 540 260 568 τί
278 540 308 568 τὸ
322 541 430 580 ὄφελος,
447 539 504 569 εἶπέ
519 551 577 577 μοι;
589 540 620 569 ἄν
641 551 681 571 τις
695 539 776 577 μύρον
790 540 858 567 ἀπο-

88 585 178 615 θέσθαι
192 586 274 615 θέλων
292 586 395 626 καθαίρῃ
416 585 461 614 τὸν
476 585 570 620 τόπον,
588 580 645 614 εἶτα
665 585 746 613 πάλιν
763 583 857 622 μικρὸν

89 631 157 669 μετὰ
170 632 200 661 τὸ
211 631 336 670 ε’μὸαλεῖν
348 632 394 660 καὶ
405 631 504 670 κόπρον
516 630 632 669 &meix-32
640 652 648 665 ‚
660 631 707 659 οὐκ
719 629 827 663 ἀπέπτη
839 631 856 663 ἡ

88 677 200 714 εὖωδία;
222 679 309 706 Τοῦτο
329 678 429 716 γίνεται
451 676 496 705 καὶ
517 679 600 714 ἡμῖν·
624 675 766 714 ἐγενόμεθα
790 675 857 708 ἄξιοι

87 722 295 763 προσερχόμενοι
309 722 378 751 κατὰ
387 722 498 759 δύναμιν
512 722 560 757 τὴν
570 721 703 760 ἡμετέραν
716 733 722 740 ·
739 716 796 750 εἶτα
804 721 857 750 πά-

87 770 128 797 λιν
145 769 290 807 μολύνομεν
306 768 422 801 ἑαυτούς.
437 768 473 796 Τι’
491 764 534 797 οὖν
550 768 579 796 τὸ
594 768 700 802 κέρδος
714 769 800 796 Τοῦτο
812 767 857 796 καὶ

87 814 149 852 περὶ
166 816 219 842 τῶν
240 814 391 852 δυναμένων
407 815 433 842 ἐν
447 818 505 846 ταῖς
526 813 726 852 τεσσαράκοντα
745 813 858 853 ἡμέραις

87 859 278 888 ἇπονίπτεσθαί
293 870 388 897 φαμεν.
402 859 448 894 Μὴ
463 859 494 895 δὴ
509 860 651 897 ἀμελῶμεν
665 861 712 894 τῆς
726 859 858 898 ἡμετέρας

87 905 237 944 σωτηρίας,
252 906 415 944 παρακαλῶ,
432 904 474 934 ἵνα
490 905 526 944 μὴ
542 905 651 944 γένηται
670 905 743 938 κενὸς
754 909 767 935 ὁ
779 905 858 938 κόπος

88 953 176 988 ἡμῶν.
187 949 337 990 Ἀνθρωπος
347 951 407 990 γὰρ,
419 951 498 990 φησὶν
505 974 513 988 ‚
525 951 697 991 ἀποστρέφων
709 951 762 980 ἀπὸ
772 952 858 990 ἁμαρ-

90 995 148 1028 τίας
168 997 263 1032 αὐτοῦ,
286 997 333 1025 καὶ
354 997 434 1025 πάλιν
457 997 644 1036 πορευόμενος,
668 997 714 1026 καὶ
737 997 769 1026 τὰ
792 997 859 1026 αὐτὰ

91 1043 173 1070 ποιῶν
183 1065 190 1077 ,
202 1042 312 1081 “Ωσπερ
327 1042 396 1071 κύων
414 1042 484 1072 ἐστὶν
499 1044 536 1075 εἷς
556 1042 600 1071 τὸν
616 1043 679 1072 ἴδιον
696 1043 789 1081 ἔμετον
802 1045 858 1072 ἐπι-

91 1087 219 1126 στρέφων.
230 1086 276 1116 Ἂν
297 1087 365 1117 οὕτω
377 1089 509 1126 ποιῶμεν,
526 1088 572 1117 καὶ
586 1089 653 1118 οὕτω
668 1088 843 1128 προσέχ(-)μεν
852 1111 858 1123 ,

91 1134 257 1172 δυνησόμεθα
267 1136 318 1163 τῶν
332 1133 461 1174 βραδείων
474 1134 617 1168 ἀξιωθῆναι
629 1135 734 1164 ἐκείνων
745 1147 751 1152 ·
767 1131 802 1163 ὧν
815 1135 860 1173 γε’-

91 1191 161 1208 νοιτο
171 1180 271 1213 πάντας
283 1182 354 1218 ἡμᾶς
363 1182 507 1219 ἐπιτυχεῖν,
519 1180 611 1220 χάριτι
621 1181 666 1209 καὶ
678 1181 859 1221 φιλανθρωπία

91 1227 137 1254 τοῦ
150 1226 248 1264 Κυρίου
259 1227 336 1264 ἡμῶν
350 1226 440 1261 Ἰησοῦ
453 1227 583 1266 Χριστοῦ,
600 1228 658 1264 μεθ’
674 1222 703 1255 οῧ
717 1229 755 1267 τῷ
774 1228 861 1266 Πατρὶ

92 1272 149 1309 ἅμα
163 1273 200 1311 τῷ
215 1272 282 1312 ἁγίῳ
293 1271 432 1310 Πνεύματι
448 1272 521 1308 δόξα,
537 1273 632 1312 κράτος
642 1295 649 1307 ,
664 1272 741 1310 τιμὴ,
758 1276 801 1301 νῦν
817 1274 861 1302 καὶ

93 1317 149 1354 ἀεὶ,
163 1317 207 1346 καὶ
223 1319 259 1350 εἷς
274 1317 331 1350 τοὺς
346 1319 442 1350 αἰῶνας
457 1320 510 1347 τῶν
527 1318 638 1347 αἰώνων.
654 1318 746 1356 Ἀμήν.

936 158 1014 180 ων.
1045 158 1082 180 ιι.
1113 158 1230 182 nomn„
1261 159 1309 181 vi.
1583 145 1654 191 (357

912 218 975 256 quia
1002 218 1030 247 in
1048 218 1103 247 illis
1127 218 1235 248 initium
1257 219 1358 259 accepit
1381 218 1506 248 salutaris
1527 217 1574 246 ille
1590 217 1656 251 dies,

913 275 967 304 quo
986 265 1141 294 immolatus
1160 272 1199 294 est
1221 266 1360 301 Christus;
1378 265 1451 304 quod
1471 264 1506 294 ad
1527 266 1656 304 mysteria

914 321 977 340 vero
994 311 1124 350 pertinet,
1139 312 1242 340 nullam
1257 311 1465 351 przerogativam
1484 310 1594 339 habent.
1611 311 1656 338 Tu

913 369 977 387 vero
1002 358 1035 386 ad
1054 359 1146 388 cibum
1168 359 1290 388 sensilem
1313 358 1457 394 accedens,
1473 369 1568 387 manus
1589 364 1614 386 et
1629 368 1659 386 os

914 404 1021 432 abluis:
1035 415 1095 433 cum
1116 412 1206 433 autem
1225 405 1261 433 ad
1283 404 1449 444 spiritualem
1469 414 1555 433 escam
1571 413 1659 432 acces-

915 460 994 478 surus
1010 460 1056 487 es,
1076 449 1196 477 animam
1220 460 1273 478 non
1297 450 1385 478 abluis
1397 472 1404 486 ‚
1421 449 1467 478 scd
1487 448 1659 477 immunditia

915 494 1010 534 plenus
1027 494 1151 523 accedis?
1163 495 1198 523 Et
1214 495 1300 533 quid?
1311 495 1380 524 dicis
1395 505 1500 523 :annon
1517 495 1581 523 satis
1599 501 1661 523 sunt

915 540 1094 580 quadraginta
1111 541 1207 579 jejunii
1228 541 1286 570 dies
1311 541 1346 570 ad
1370 548 1540 581 pcccatorum
1563 551 1661 579 conge-

915 587 981 615 riem
1005 586 1231 625 expurgandam?
1252 586 1346 624 Ecqua
1370 587 1483 622 utilitas,
1505 586 1550 615 dic
1572 587 1662 615 mihi?

914 632 936 661 si
949 632 1009 670 quis
1029 638 1197 670 unguentum
1211 631 1327 660 condere
1351 631 1443 660 volens
1451 653 1461 669 ,
1477 631 1604 660 emundet
1620 632 1662 660 lo-

914 689 986 714 cum,
999 677 1151 716 deindeque
1168 677 1251 717 paulo
1271 685 1331 717 post
1347 688 1429 715 quam
1446 677 1583 715 injecerit,
1594 684 1665 705 ster-

914 736 961 754 cus
986 724 1118 764 adjiciat:
1141 735 1228 753 nonne
1251 724 1338 752 bonus
1362 723 1428 752 odor
1448 723 1587 752 evolavit?
1608 723 1666 752 Hoc

913 771 994 800 etiam
1009 770 1086 800 nobis
1101 769 1200 799 accidit
1215 782 1221 797 ι
1235 769 1312 808 digni
1324 780 1374 809 pro
1388 769 1496 798 viribus
1510 769 1609 797 nostris
1626 769 1664 797 sa-

913 817 949 846 cti
964 827 1058 846 sumus
1078 827 1140 844 cum
1153 815 1354 851 accederemus3
1377 814 1475 843 deinde
1493 825 1602 843 rursum
1617 825 1664 843 nos

913 863 1095 902 inquinamus.
1120 863 1188 897 Quae
1218 872 1281 900 ergo
1307 860 1410 890 utilitas
1426 861 1439 890 Ρ
1464 861 1522 890 Hoc
1547 860 1664 889 dicimus

914 909 994 938 etiam
1008 908 1042 937 de
1056 908 1099 945 iis,
1115 908 1161 946 qui
1178 908 1360 947 quadraginta
1379 907 1487 936 dierum
1502 908 1589 946 spatio
1609 917 1665 935 sese

914 954 1024 983 abluere
1042 960 1067 982 et
1083 953 1215 982 mundare
1228 960 1346 993 possunt.
1363 953 1404 982 Ne
1419 953 1532 981 salutem
1545 959 1664 981 nostram

916 1000 1095 1040 negligamus,
1109 1010 1184 1039 rogo,
1200 1010 1234 1028 ne
1248 999 1324 1028 labor
1336 1005 1426 1028 noster
1438 999 1472 1027 sit
1484 998 1597 1027 inutilis.
1609 999 1664 1027 Ho-

916 1056 960 1074 mo
976 1046 1060 1083 enim,
1072 1046 1172 1084 inquit,
1191 1045 1237 1083 qui
1253 1055 1362 1073 aversus
1376 1044 1457 1073 fuerit
1467 1051 1598 1084 apeccato
1608 1054 1665 1081 suo,

917 1100 942 1122 et
954 1103 1047 1121 rursus
1065 1102 1195 1132 pergens,
1207 1091 1354 1130 eademque
1373 1090 1432 1130 ipsa
1448 1091 1562 1127 faciem,
1575 1091 1667 1128 Quasi

916 1141 1000 1168 canis
1018 1145 1060 1167 est
1077 1139 1118 1166 ad
1135 1140 1284 1177 proprium
1308 1139 1453 1166 vomitum
1476 1146 1613 1166 reversus,
1637 1135 1666 1165 Si

893 1194 898 1213 ’.
918 1185 955 1213 ita
978 1191 1008 1213 ut
1030 1184 1092 1213 dixi
1113 1183 1252 1220 faciamus,
1265 1190 1289 1212 et
1304 1183 1343 1212 ita
1358 1182 1539 1219 attendamus,
1556 1182 1666 1222 praemia

920 1231 966 1259 illa
980 1230 1105 1268 consequi
1120 1230 1269 1270 poterimus
1284 1241 1290 1257 ε
1307 1240 1365 1268 quae
1380 1229 1485 1258 utinam
1499 1229 1667 1258 obtineamus

919 1287 1026 1312 omnes,
1040 1275 1126 1315 gratia
1145 1283 1169 1304 et
1190 1275 1355 1314 benignitate
1372 1274 1481 1304 Domini
1504 1274 1589 1303 nostri
1604 1275 1666 1304 Jesu

923 1321 1036 1359 Christi,
1047 1322 1157 1360 quicum
1172 1320 1246 1349 Patri
1261 1330 1368 1358 unaque
1377 1319 1493 1359 Spiritui
1507 1325 1599 1348 saneto
1611 1318 1669 1358 glo-

919 1368 958 1395 ria
968 1390 976 1403 ,
990 1367 1146 1406 imperium,
1160 1367 1256 1399 honor,
1273 1376 1343 1393 nunc
1357 1372 1382 1394 et
1397 1376 1511 1405 semper,
1532 1371 1557 1394 et
1576 1365 1602 1394 in
1617 1375 1667 1393 sae—

919 1414 979 1442 cula
994 1413 1163 1442 saeculorum.
1182 1415 1276 1441 Amen.

385 1624 518 1653 ΟΜΙΑΙΑ
541 1623 574 1657 ς’.

94 1718 248 1756 Παρακαλῶ
270 1713 314 1746 οὖν
336 1720 439 1756 πρῶτον
461 1718 567 1747 πάντων
591 1721 724 1747 ποιεῖσθαι
750 1718 866 1754 δεήσεις,

134 1762 302 1803 προσευχὰς,
331 1763 471 1799 ἐντεύξεις,
504 1764 674 1804 εὐχαριστίας
700 1764 768 1804 ὑπὲρ
798 1765 867 1794 ποίν-

133 1821 186 1838 των
207 1809 369 1850 ἀνθρώπιον,
390 1810 457 1850 ὑπὲρ
478 1811 609 1850 βασιλέων
631 1811 677 1839 καὶ
691 1811 798 1840 πάντων
815 1812 867 1839 τῶν

135 1857 162 1884 ἐν
177 1857 296 1896 ὑπεροχῇ
311 1857 408 1893 ὄντων,
429 1856 473 1886 ἵνα
493 1856 591 1897 ἤρεμον
608 1857 655 1885 καὶ
677 1857 790 1896 ἡσύχιον
813 1857 868 1895 βίον

135 1901 270 1940 διάγωμεν
285 1904 312 1932 ἐν
327 1902 400 1940 πάσῃ
416 1902 536 1942 εὖσεὸείᾳ
554 1903 600 1931 καὶ
618 1902 770 1941 σεμνότητι.
783 1904 869 1932 Τοῦτο

135 1946 187 1986 γὰρ
207 1947 288 1975 καλὸν
311 1947 356 1975 καὶ
377 1947 522 1976 ἀποδεκτὸν
545 1947 656 1977 ἐνώπιον
678 1949 723 1976 τοῦ
742 1948 870 1986 Σωτῆρος

137 1994 214 2029 ἡμῶν
227 1993 314 2028 Θεοῦ,
329 1993 356 2025 ὂς
370 1992 470 2026 πάντας
485 1992 638 2032 ἀνθρώπους
653 1993 723 2022 θέλει
737 1995 869 2027 σωθῆναι,

141 2036 187 2065 καὶ
201 2039 237 2070 εἰς
251 2037 391 2075 ἐπίγνωσιν
407 2038 531 2073 ἀληθείας
545 2039 638 2067 ἐλθεῖν.

140 2230 247 2269 εὨσπερ
271 2231 356 2265 κοινός
385 2231 424 2265 τίς
448 2233 504 2260 ε’στι
528 2231 618 2271 πατὴρ
643 2233 691 2266 τῆς
718 2231 874 2268 οἰκουμένης

102 2276 207 2311 ἁπάσης
219 2279 233 2306 ὁ
247 2277 342 2316 ἱερεύς.
359 2277 473 2307 Πάντων
491 2277 577 2307 τοίνυν
602 2278 671 2311 ἄξιον
695 2277 773 2306 αὐτὸν
795 2277 873 2313 κήδε-

102 2324 176 2359 σθαι,
190 2323 310 2362 καθάπερ
325 2323 370 2352 καὶ
385 2325 398 2352 ὁ
413 2323 494 2359 Θεὸς,
505 2320 527 2363 ᾧ
541 2325 645 2364 ἱερᾶται
658 2334 664 2341 ·
681 2323 724 2352 διὰ
733 2322 809 2351 τοῦτό
821 2335 872 2362 φη-

102 2379 143 2402 σι,
153 2369 310 2408 Παρακαλῶ
322 2364 366 2398 οῧν
379 2370 484 2409 πρῶτον
498 2368 604 2398 πάντων
616 2371 748 2398 ποιεῖσθαι
760 2368 872 2405 δεήσεις,

102 2413 261 2453 προσευχάς.
273 2413 326 2443 Δύο
338 2414 389 2455 γὰρ
400 2417 516 2444 ἐντεῦθεν
530 2415 631 2454 γίνεται
642 2415 676 2443 τὰ
689 2414 789 2453 ἀγαθὰ,
802 2414 832 2443 τό
845 2426 873 2444 τε

103 2460 178 2499 ἔχθος
191 2460 206 2490 ὃ
219 2460 284 2500 πρὸς
295 2460 355 2494 τοὺς
368 2461 416 2495 ἔξω
428 2461 524 2501 ἔχομεν
536 2461 712 2491 καταλύεται·
726 2461 808 2494 οὐδεὶς
822 2461 873 2500 γὰρ

104 2506 170 2544 πρὸς
183 2508 274 2535 τοῦτον
291 2508 413 2547 ἀπεχθῶς
431 2507 502 2547 ἔχειν
517 2507 671 2544 δυνήσεται,
687 2506 754 2546 ὑπὲρ
767 2501 798 2535 οἷ
814 2506 874 2541 δεή-

105 2563 158 2584 σεις
177 2557 310 2582 ποιεῖται·
327 2553 402 2583 αὐτοί
416 2566 443 2582 τε
463 2556 556 2583 ἐκεῖνοι
575 2553 692 2592 βελτίους
707 2553 822 2592 γίνονται
836 2555 874 2592 τῷ

890 2287 907 2309 Ε

1169 1624 1329 1653 ΗΟΜΙΙΛΑ
1356 1624 1407 1652 vl.

921 1719 990 1748 Cn.
1004 1719 1041 1747 ΙΙ.
1058 1729 1085 1748 v.
1105 1720 1132 1745 4Ι.
1149 1719 1273 1746 Obsecro
1288 1718 1379 1756 igitur
1395 1718 1523 1755 primum
1538 1717 1669 1744 omnium

959 1765 1026 1802 fieri
1039 1765 1264 1798 obsecrationes,
1281 1765 1436 1797 orationes,
1446 1761 1667 1799 postulationes,

961 1812 1124 1850 gratiarum
1137 1813 1267 1838 actiones
1278 1819 1331 1847 pro
1344 1809 1477 1837 omnibus
1487 1808 1666 1841 hominibus,

961 1860 991 1885 9.
1006 1867 1059 1895 pro
1073 1857 1189 1895 regibus
1201 1861 1229 1884 et
1241 1865 1294 1893 pro
1309 1855 1443 1883 omnibus
1458 1854 1512 1891 qui
1526 1855 1559 1880 in
1572 1853 1670 1881 subli-

963 1904 1066 1931 mitate
1083 1908 1151 1930 sunt
1169 1902 1332 1935 constituti,
1349 1905 1381 1928 ut
1393 1908 1526 1927 securam
1544 1904 1573 1926 et
1585 1900 1667 1937 quie-

963 1956 1023 1977 tam
1038 1949 1133 1977 vitam
1147 1955 1271 1986 agamus
1292 1946 1325 1973 in
1348 1946 1429 1973 omni
1440 1945 1550 1982 pietate
1560 1950 1589 1972 et
1601 1953 1670 1972 san·

962 1996 1071 2023 ctitate.
1081 1994 1109 2021 5.
1120 1993 1186 2021 Hoc
1196 1993 1243 2020 eni
1246 2001 1274 2019 m
1283 1990 1439 2029 pulchrum
1451 1997 1477 2018 et
1489 1990 1670 2028 acceptabile

963 2050 1063 2069 coram
1074 2039 1227 2068 Salvatore
1243 2043 1342 2065 nostro
1358 2036 1422 2064 Deo
1432 2057 1440 2071 ,
1454 2036 1484 2063 4.
1506 2038 1556 2073 qui
1569 2045 1669 2064 omnes

966 2087 1096 2114 homines
1111 2084 1180 2113 vult
1191 2083 1312 2117 salvari,
1326 2088 1354 2110 et
1361 2081 1401 2110 ad
1411 2081 1608 2120 cognitionem
1616 2091 1668 2110 ve-

965 2134 991 2161 ri
994 2133 1061 2160 tatis
1072 2131 1183 2160 venire.

967 2227 978 2253 1
990 2248 995 2253 .
1012 2223 1097 2259 Quasi
1109 2221 1260 2251 communis
1274 2220 1356 2249 totius
1371 2218 1446 2248 orbis
1459 2225 1534 2258 pater
1545 2217 1669 2248 sacerdos

926 2278 974 2301 est.
988 2271 1088 2299 Curam
1105 2269 1189 2308 igitur
1204 2266 1325 2296 omnium
1341 2271 1417 2304 gerat
1428 2271 1544 2304 oportet,
1558 2264 1629 2293 sicut
1642 2271 1670 2293 et

926 2319 1000 2347 Deus
1008 2339 1017 2354 ,
1031 2316 1109 2355 cujus
1123 2312 1246 2343 sacerdos
1259 2318 1298 2341 est
1311 2323 1317 2339 ε
1330 2311 1391 2340 ideo
1405 2311 1443 2339 ait
1454 2322 1461 2338 z
1474 2311 1598 2339 Obsecro
1610 2311 1668 2349 igi-

926 2372 975 2394 tur
984 2366 1111 2404 primum
1125 2363 1255 2391 omnium
1272 2359 1341 2398 fieri
1361 2359 1584 2393 obsecrationes,
1604 2366 1676 2386 oras

927 2412 1030 2440 tiones.
1051 2411 1113 2438 Duo
1133 2408 1206 2437 enim
1228 2406 1294 2435 hinc
1319 2404 1446 2434 oriuntur
1467 2403 1554 2440 bona;
1575 2402 1670 2432 odium

927 2456 1000 2496 quod
1023 2465 1085 2495 erga
1113 2461 1252 2483 extraneos
1275 2451 1418 2489 hahemus,
1441 2449 1576 2479 solvitur:
1593 2459 1670 2478 nemo

925 2503 998 2533 enim
1016 2503 1079 2532 odio
1096 2501 1196 2530 habere
1214 2498 1311 2539 poterit
1325 2508 1387 2527 eum
1397 2520 1405 2533 ‚
1416 2507 1466 2536 pro
1479 2505 1534 2535 quo
1547 2496 1670 2525 obsecra-

927 2551 1011 2580 tiones
1026 2549 1125 2579 emittit
1141 2560 1148 2576 ι
1163 2554 1189 2576 et
1207 2545 1247 2575 illi
1267 2545 1319 2584 ipsi
1335 2543 1553 2610 meliorcs'giunt5
1569 2548 1594 2570 et
1608 2541 1671 2579 quia

1448 2597 1466 2611 -4
1492 2605 1497 2611 .

1681 1055 1726 1075 Pru

1682 1092 1717 1107 ΣΙ.

1730 1064 1750 1074 υ.
1764 1055 1801 1076 76.
