1893 2860
267 149 334 195 788
596 158 624 179 ε.
652 155 791 179 smmis
818 154 998 177 cunrsosr.
1030 155 1183 178 Ancurae.
1213 156 1480 180 CONSTAN'l‘tNor.

261 234 311 251 uon
324 223 392 250 ultra
405 220 538 257 videmus,
549 219 623 257 quasi
636 219 805 257 desperantes
816 227 867 246 non
883 218 997 256 insequi·
1013 224 1030 246 F,
1050 219 1219 258 ἇρπᾶσαντάς
1230 232 1256 248 τι
1269 221 1363 258 μηκέτι
1375 221 1525 259 βλέπωμεν,
1536 221 1570 254 ὡς
1581 218 1816 258 ἀπαγορεύσαντες,

260 279 330 298 mur.
345 276 432 303 neque
446 265 506 293 aliis
523 272 551 292 ut
563 263 791 303 comprehendant
807 263 976 302 praecipimus
990 285 997 300 ,
1050 265 1102 294 οὔτ’
1127 265 1200 294 αὐτοὶ
1221 266 1427 304 κατατρέχομεν,
1442 265 1500 295 οὔτε
1522 265 1618 306 ἑτέροις
1642 264 1816 303 παραχελευό.

259 311 304 339 sed
318 310 392 338 abire
404 309 592 347 permittimus.
605 309 644 336 Ita
656 315 681 337 et
694 315 722 336 tu
735 307 904 337 vehementer
920 318 996 335 curre
1052 314 1117 350 ⁹20²
1132 311 1262 350 κατέχειν,
1277 312 1334 339 ἀλλ’
1349 311 1456 349 ἀφίεμεν
1478 311 1637 343 ἀπελθόντας
1654 312 1751 348 μένειν,
1765 309 1816 340 Οὔ-

259 356 344 384 iuitio.
357 356 424 383 Cum
436 355 536 393 longea
547 354 655 382 diabolo
670 354 730 388 eris,
743 365 795 382 non
805 353 998 391 tentabitpost-
1051 370 1088 385 u.)
1103 357 1147 386 χαὶ
1171 357 1202 385 σὺ
1223 356 1306 396 δράμε
1326 357 1443 395 σφοδρῶς
1462 357 1534 395 παρὰ
1553 356 1600 392 τὴν
1621 356 1716 395 ἀρχήν.
1729 356 1817 385 ‘'O-rav

259 412 304 434 ca,
333 400 379 428 sed
396 400 421 428 ll]
442 407 501 428 suto
517 400 586 436 cris,
611 399 795 428 ineffabilibus
816 399 894 428 bonis
916 398 998 427 llhet'e
1051 403 1140 442 πόρῥω
1158 402 1219 441 γένῃ
1236 405 1281 431 τοῦ
1302 402 1438 435 διαξόλου,
1452 401 1509 430 οὐδὲ
1532 403 1695 441 ἐπιχειρήσει
1715 402 1816 435 λοιπὸν,

259 447 361 474 stuciis:
372 456 429 483 qua:
441 455 487 473 nos
497 455 586 473 omnes
601 445 713 484 adipisci
725 445 873 483 contingat,
883 444 909 472 in
922 443 999 472 Chri·
1051 449 1110 478 ἀλλ’
1129 449 1175 485 ἔσῃ
1200 450 1226 477 ἐν
1243 448 1389 487 ἀσφαλείᾳ,
1410 448 1461 475 τῶν
1485 448 1587 485 ἀγαθῶν
1604 448 1742 476 ἀπολαύων
1763 450 1815 476 τῶν

259 500 297 519 sto
318 493 382 520 ,Iesu
406 491 522 519 Domino
545 498 646 528 nostro,
660 491 769 529 quicum
794 490 867 519 Patri
893 500 999 527 unaque
1052 495 1206 534 inoff-7350„
1222 494 1279 532 μετ’
1295 493 1399 525 ἀδείας.
1410 488 1446 521 ὧν
1458 492 1558 531 γένοιτο
1567 493 1667 526 πάντας
1680 495 1816 532 ἡμᾶς-ἐπι.

259 537 373 576 Spiritui
388 544 477 565 sancto
488 536 582 575 gloria,
597 537 751 575 imperium,
765 536 850 565 honor
865 542 889 564 ct
905 535 996 563 adora-
1051 545 1148 579 τυχεῖν,
1163 543 1188 570 ἐν
1210 542 1317 579 χριστῷ
1330 539 1417 573 Ἰησοῦ
1436 540 1472 577 τῷ
1492 538 1582 577 Κυρίῳ
1605 540 1690 576 ἡμῶν,
1710 541 1766 577 μεθ’
1787 534 1816 567 οῧ

259 583 306 617 tio,
324 593 393 610 nune
419 588 445 610 et
469 592 589 622 semper,
605 589 630 610 et
654 582 681 610 in
707 581 803 610 saecula
828 580 995 609 soeculorum.
1017 596 1032 617 1:
1051 589 1087 626 τῷ
1102 587 1190 625 Πατρὶ
1200 587 1256 624 ἅμα
1265 587 1301 624 τῷ
1316 584 1382 624 ἁγίῳ
1396 585 1532 622 Πνεύματι
1544 583 1620 619 δόξα,
1631 583 1816 622 κράτος,τιμὴ

262 631 355 656 Amen·
1052 633 1095 660 καὶ
1114 631 1302 671 προσκύνησις,
1323 633 1366 658 νῦν
1381 630 1426 658 καὶ
1448 630 1504 666 ἀεὶ,
1529 630 1573 658 καὶ
1593 631 1628 662 εἰς
1643 628 1700 662 τοὺς
1721 631 1817 661 αἰῶνας

1052 680 1103 706 τῶν
1119 676 1231 705 αἰώνων.
1246 676 1336 713 Ἀμήν.

832 893 1244 955 MONITUM

552 1038 614 1073 AD
641 1037 863 1074 HOMILIAS
892 1038 939 1073 IN
967 1036 1235 1073 EPISTOLAM
1262 1037 1323 1071 AD
1351 1037 1521 1073 TITUM.

300 1170 431 1198 ttomilias
446 1170 472 1198 in
487 1169 636 1208 Epistolam
649 1169 682 1196 ad
693 1168 786 1196 Titum
803 1168 950 1196 Antiochiae
966 1168 1069 1196 habitas
1084 1167 1166 1195 fuisse
1180 1174 1250 1196 recte
1265 1167 1361 1206 probat
1377 1166 1567 1195 Tillcmontius
1581 1177 1615 1195 ex
1629 1166 1672 1202 iis,
1689 1176 1747 1204 quae
1761 1167 1820 1206 ipsc

259 1225 366 1246 sanctus
380 1217 474 1245 doctor
487 1216 553 1245 dicit
566 1216 677 1244 homilia
694 1216 769 1244 tertia
780 1216 861 1255 paulo
873 1222 932 1243 ante
949 1216 1028 1243 [inem
1044 1215 1148 1243 numeri
1160 1217 1179 1243 Ξ
1192 1227 1198 1242 .·
1214 1216 1291 1252 Quid
1306 1217 1383 1243 enim
1405 1216 1441 1242 tle
1461 1214 1532 1250 illis,
1550 1213 1578 1242 id
1589 1221 1627 1242 cst
1641 1214 1800 1242 Christianis
1811 1237 1819 1250 ,

258 1266 376 1299 dili-eris,
392 1267 442 1303 qni
456 1275 516 1292 una
530 1274 594 1292 cnm
608 1264 722 1292 Judaeis
734 1265 882 1302 jejunant,
899 1265 950 1302 qui
962 1264 1086 1291 sabbata
1109 1269 1248 1297 servam,-
1260 1263 1296 1291 de
1307 1264 1342 1290 iis
1366 1264 1416 1301 qui
1428 1263 1469 1291 ad
1487 1268 1659 1290 consecrata
1683 1262 1738 1290 illa
1753 1261 1820 1290 loca

256 1318 379 1351 pergunt
391 1314 421 1340 in
434 1312 591 1350 Daphnen,
612 1313 741 1349 inquam,
754 1317 841 1350 atque
852 1313 882 1338 in
896 1311 1064 1349 speluncam
1079 1311 1225 1338 chztronae
1239 1311 1359 1346 dictam,
1376 1310 1512 1338 inlocum
1529 1310 1614 1337 illum
1631 1309 1742 1337 Cilicia*
1764 1309 1818 1337 Sa—

259 1361 338 1388 turni
359 1359 539 1397 appellatum
550 1360 562 1385 Ρ
572 1358 714 1396 quomodo
730 1359 796 1385 sani
811 1357 858 1384 illi
872 1359 961 1385 sunt?
976 1357 1045 1384 Ideo
1062 1357 1277 1384 ‘vehementiore
1297 1357 1387 1395 plaga
1402 1366 1472 1394 opus
1485 1355 1599 1383 hahent.
1618 1355 1668 1383 Hic
1683 1362 1753 1383 certe
1766 1365 1820 1383 non

258 1405 567 1444 Constantinopolitanos
585 1404 646 1439 ille,
662 1403 709 1432 sed
727 1403 905 1432 Antiochenos
921 1403 1087 1431 Christianos
1101 1403 1257 1441 alloquitur,
1275 1414 1390 1440 quorum
1406 1401 1516 1442 plurimi
1531 1401 1660 1431 Judaicos
1673 1401 1762 1430 adhuc
1783 1402 1819 1430 ri-

260 1459 302 1480 tus
317 1462 367 1480 non
383 1462 481 1490 paucos
495 1451 692 1487 observabant5
706 1451 759 1479 imo
774 1450 854 1479 etiam
869 1449 903 1478 ad
915 1450 972 1478 loca
987 1449 1127 1488 gentilium
1149 1460 1222 1477 saera
1244 1449 1407 1488 pergebant,
1429 1448 1456 1476 in
1472 1448 1603 1487 Daphnen
1625 1458 1719 1486 nempe
1741 1454 1765 1476 et
1784 1448 1819 1477 ad

260 1499 390 1527 Matronae
402 1498 567 1537 speluncam,
580 1508 637 1535 quae
649 1497 706 1526 loca
719 1498 746 1526 in
761 1497 907 1526 Antiochiae
919 1497 1057 1525 suburbiis
1073 1503 1155 1525 erant.
1169 1497 1258 1535 Pergit
1275 1503 1366 1535 postea
1381 1496 1588 1535 Chrysostomus
1601 1502 1625 1523 et
1637 1495 1767 1524 adversus
1778 1506 1820 1525 cos

259 1546 305 1584 qui
321 1545 447 1575 Judaieos
457 1545 524 1573 ritus
540 1544 566 1572 in
582 1545 667 1583 pretio
679 1544 806 1572 haberent
820 1544 853 1572 ad
869 1543 948 1572 finem
960 1554 1042 1582 usque
1057 1543 1172 1571 homilia:
1183 1544 1314 1572 edisserit.
1332 1544 1398 1578 Quae
1410 1542 1499 1571 omnia
1514 1542 1690 1570 Antiochenos
1704 1549 1822 1581 spectare

259 1591 328 1619 nihil
338 1590 472 1619 dubitabit
483 1613 490 1627 ,
506 1590 628 1628 quisquis
645 1589 775 1618 Homilias
788 1597 878 1619 contra
890 1589 999 1619 Judaeos
1014 1590 1101 1617 Tomo
1116 1589 1202 1628 primo
1218 1590 1302 1618 editas
1313 1589 1417 1628 legerit.

300 1637 343 1665 Ex
357 1637 468 1665 homilia
479 1643 566 1665 tamen
582 1637 668 1676 prima
682 1637 708 1664 in
722 1636 870 1675 Epistolam
884 1636 918 1664 ad
934 1637 1025 1665 Titum
1043 1637 1143 1674 aliquid
1164 1636 1333 1665 difficultatis
1350 1636 1431 1675 objici
1447 1642 1539 1675 potest.
1552 1635 1690 1665 Nimirum
1701 1635 1819 1675 Chryso-

258 1690 360 1711 stomus
373 1690 463 1711 contra
482 1683 541 1711 illos
555 1693 646 1721 agens,
662 1682 708 1720 qui
724 1683 778 1711 sinc
791 1683 908 1721 legitima
922 1694 998 1711 causa
1014 1683 1150 1722 episcopos
1162 1694 1223 1711 suos
1236 1683 1366 1712 conviciis
1388 1689 1413 1710 et
1432 1682 1582 1711 maledictis
1602 1683 1771 1721 lacerabant,
1784 1682 1820 1711 ita

258 1729 375 1767 loquitur
390 1736 419 1756 ut
435 1729 491 1767 ipse
510 1729 535 1756 in
552 1730 736 1768 episcoporum
758 1739 866 1757 numero
890 1730 1081 1768 comprehendi
1097 1730 1230 1759 videatur.
1250 1732 1270 1758 A
1286 1730 1387 1758 Grmcis
1404 1729 1547 1758 referendis
1569 1729 1720 1769 compendii
1740 1740 1820 1759 causa

257 1776 458 1816 supersedemus
470 1787 475 1802 :
487 1776 533 1804 Sic
545 1783 572 1803 et
585 1779 610 1804 si
623 1778 687 1814 quis
699 1787 734 1804 ex
747 1777 880 1811 subditis,
895 1777 992 1814 inquit,
1004 1778 1071 1805 talis
1087 1780 1132 1813 sit,
1148 1785 1236 1816 atque
1248 1788 1283 1805 ex
1294 1778 1546 1805 criminationibus
1561 1778 1729 1815 hujusmodi
1738 1778 1820 1806 labo-

256 1833 302 1851 res
318 1825 400 1851 nobis
416 1832 603 1861 moeroresque
621 1823 769 1859 intulerit,
786 1823 888 1851 ulcisci
903 1834 959 1850 non
977 1825 1136 1858 audemus5
1148 1824 1179 1851 id
1194 1826 1271 1852 enim
1286 1834 1304 1851 a
1317 1830 1439 1862 paterno
1458 1825 1557 1850 animo
1571 1823 1674 1861 procul
1693 1830 1745 1852 est.
1770 1823 1820 1853 Hic

256 1877 326 1898 certe
340 1870 377 1898 ita
391 1869 464 1907 loqui
478 1868 586 1898 videtur
599 1868 816 1908 Chrysostomus,
830 1869 905 1907 quasi
926 1870 982 1909 ipse
1000 1881 1032 1898 ex
1056 1881 1163 1899 numero
1185 1871 1369 1910 episcoporum
1385 1869 1532 1897 maledictis
1543 1869 1724 1908 impetitorum
1740 1877 1817 1898 esset.

259 1919 362 1946 Verum
375 1916 431 1944 haec
443 1916 506 1944 talia
518 1926 570 1944 non
583 1922 656 1952 sunt⁷
670 1927 729 1954 quae
744 1927 790 1945 nos
801 1927 815 1944 a
830 1917 919 1955 priore
933 1918 1059 1945 sententia
1074 1918 1206 1946 abducere
1216 1918 1330 1947 valeant.
1344 1916 1449 1945 Etenim
1464 1916 1680 1955 Chrysostomus‚
1691 1917 1738 1945 etsi
1752 1927 1819 1945 non-

257 1964 323 1992 dum
336 1964 487 2003 episcopus,
501 1974 562 1991 cum
572 1963 701 2002 populum
717 1963 865 2001 alloquitur
875 1971 899 1992 et
913 1964 1098 2004 episcoporum
1110 1976 1214 1993 causam
1227 1971 1386 2004 propugnat,
1400 1962 1516 2002 episcopi
1535 1974 1672 2002 personam
1687 1974 1820 1992 assumere

258 2010 360 2049 potuit,
372 2009 412 2037 uti
426 2008 511 2037 solent
525 2015 652 2037 oratores.
667 2009 791 2047 Alioquin
807 2016 912 2046 autem,
925 2021 984 2038 cum
1000 2010 1045 2038 ille
1063 2011 1131 2039 inter
1144 2010 1320 2039 Antiochenos
1333 2009 1481 2037 sacerdotes
1503 2009 1602 2048 primas
1616 2015 1723 2045 teneret,
1737 2016 1763 2037 et
1780 2008 1820 2037 illi

258 2056 377 2093 subditi,
392 2056 436 2094 qui
455 2056 594 2095 episcopos
614 2056 763 2084 maledictis
781 2056 953 2095 impetebant,
966 2068 980 2085 a
995 2057 1122 2085 conviciis
1136 2057 1162 2085 in
1178 2056 1326 2085 sacerdotes
1340 2055 1420 2084 etiam
1432 2055 1574 2084 inferendis
1588 2054 1660 2083 haud
1671 2055 1753 2083 dubie
1766 2065 1819 2084 non

255 2103 428 2139 abstinerent,
442 2102 503 2141 jure
515 2101 630 2140 potuerit
643 2102 850 2141 Chrysostomus
860 2103 914 2131 laesi
932 2114 1069 2142 personam
1082 2114 1224 2132 assumere.

300 2149 330 2177 ln
348 2149 420 2176 hisce
436 2147 555 2175 homiliis
567 2147 628 2186 plus
639 2147 722 2176 studii
733 2155 757 2176 et
768 2147 912 2187 diligenti-‘e
924 2149 1059 2185 observes,
1072 2160 1151 2187 quam
1167 2151 1193 2178 in
1205 2148 1339 2189 plerisque
1349 2148 1410 2177 aliis
1425 2160 1430 2175 ε
1444 2148 1531 2176 omnia
1551 2147 1596 2176 ille
1610 2148 1668 2176 susc
1681 2148 1817 2187 prosequi-

259 2204 310 2225 tur.
321 2195 404 2224 Initio
418 2195 501 2224 tertiae
513 2194 632 2223 homiliae
643 2194 676 2223 de
688 2195 854 2224 Cretensium
865 2196 939 2225 vitiis
955 2197 1077 2235 pluribus
1088 2197 1153 2235 agit,
1168 2204 1193 2225 et
1209 2197 1235 2225 in
1246 2197 1351 2234 quinta,
1364 2202 1393 2224 ut
1405 2195 1431 2223 in
1442 2202 1540 2233 quanta
1553 2195 1650 2224 scelera
1662 2195 1816 2224 Graeeorum

256 2242 421 2270 celeberrimi
432 2242 497 2270 olim
509 2242 679 2281 proruperint
691 2250 889 2280 commonstret,
900 2243 1008 2271 illorum
1023 2244 1147 2272 historias
1159 2243 1245 2272 tacitis
1254 2243 1407 2272 nominibus
1418 2242 1535 2271 breviter
1549 2241 1676 2280 decerpit.
1690 2242 1720 2270 In
1735 2248 1816 2270 sextae

257 2289 372 2317 homiliae
387 2290 439 2317 fine
453 2289 486 2317 de
503 2289 608 2317 duobus
624 2289 793 2326 Christianis,
807 2290 853 2328 qui
868 2301 917 2329 pro
933 2290 1039 2319 Christo
1054 2291 1213 2330 martyrium
1228 2290 1356 2330 singulari
1372 2289 1488 2328 quodam
1503 2289 1582 2318 modo
1600 2288 1714 2326 subiere,
1729 2288 1816 2318 tacitis

256 2336 335 2364 etiam
344 2337 498 2365 nominibus
513 2337 569 2375 agit
581 2348 586 2364 :
598 2347 659 2374 quae
670 2336 781 2365 historia
795 2338 885 2366 nescio
897 2349 930 2366 an
943 2339 1008 2367 alibi
1022 2339 1125 2378 uspiam
1135 2338 1289 2378 reperiatur.

296 2384 539 2422 Interpretationem
555 2384 689 2412 Ambrosii
713 2384 925 2414 camaldulensis
946 2393 1036 2426 utpote
1053 2387 1078 2414 in
1101 2386 1194 2415 multis
1213 2385 1416 2420 redundantem,
1435 2384 1587 2420 obscuram,
1604 2394 1651 2412 nec
1665 2394 1733 2423 saepe
1753 2393 1814 2412 cum

258 2429 352 2456 Graeca
367 2430 432 2457 scrie
445 2438 640 2466 consonantem,
651 2430 846 2469 ablegavimus‚
863 2442 1012 2471 novamque
1031 2432 1195 2472 paravimus.
1213 2432 1267 2461 Ubi
1281 2431 1426 2460 notandum
1442 2431 1594 2460 varietatem
1610 2430 1694 2468 illam,
1711 2440 1770 2468 quae
1785 2430 1813 2458 in

257 2476 314 2513 ejus
328 2475 447 2503 versione
457 2475 678 2515 deprehenditur,
691 2488 760 2516 saepc
775 2488 808 2506 ex
823 2477 978 2507 diversitate
992 2479 1185 2518 exemplarium
1202 2480 1358 2508 Graecorum
1374 2485 1459 2507 ortam
1477 2488 1541 2506 csse.
1566 2477 1810 2515 lmen-pretationem

257 2532 362 2559 quoquc
374 2521 549 2550 llomiliarum
563 2522 589 2550 in
604 2522 752 2560 Epistol-un
769 2524 801 2552 ad
818 2524 1000 2553 Philemonem
1016 2525 1097 2553 simili
1110 2524 1143 2554 (lc
1155 2536 1233 2553 causa
1246 2525 1392 2564 rejecimus.

1875 2390 1893 2610 ξ
