1893 2860
213 167 300 205 058&

215 241 360 275 seruitutis,
375 246 399 266 ct
416 236 562 265 dissei-cudi
580 236 660 264 finem
675 245 726 264 non
741 235 856 263 facimus
876 246 882 262 z

215 286 281 324 quid
303 286 363 324 plus
379 284 470 311 saltem
485 281 597 310 eveniat.
617 282 671 310 Nos
688 291 739 309 nou
757 280 947 320 torpescimus,

215 342 262 360 nec
275 330 464 367 defatigamur,
481 338 527 356 nce
544 327 663 355 molestia
674 326 786 355 dicendo
799 326 949 354 afficimur:

215 387 262 404 vos
277 375 368 403 saltem
382 372 518 401 audiendo
532 383 564 401 ne
579 372 698 400 molestia
711 372 782 400 affici
797 371 950 400 videamini.

216 419 331 447 'Videtur
343 425 432 446 autem
443 416 504 455 quis
517 416 637 445 molestia
649 416 730 451 affici,
742 426 803 445 cum
814 415 887 444 dicta
900 425 952 444 non

215 463 370 501 exsequitur
386 474 392 490 ε
406 462 453 501 qui
463 462 534 491 enim
544 461 709 500 exsequitur,
721 461 833 490 libenter
848 467 873 489 et
883 470 953 500 saepe
970 466 988 489 F.

215 509 274 538 vult
293 509 339 536 illa
351 508 457 543 audire,
469 507 555 545 utqui
566 517 617 535 non
628 506 745 535 molestia
756 506 898 543 afficiatur,
907 505 954 535 sed

215 554 347 583 laudetur.
373 555 466 592 Itaque
490 563 542 581 non
566 552 675 581 aliunde
700 552 820 581 molestia
840 552 953 588 accidit,

215 612 295 639 quam
310 600 384 639 quod
398 599 468 628 dicta
482 599 517 628 ad
527 610 594 638 opus
602 609 653 627 non
668 605 781 628 exeant:
796 598 860 627 hinc
869 598 953 627 effici-

216 655 260 676 tur
273 655 302 677 ut
316 654 404 676 orator
418 647 490 676 oneri
503 646 546 676 sit.
562 647 590 676 si
605 646 674 685 quis,
685 646 758 675 verbi
774 646 869 685 gratia,
884 646 953 675 elee-

216 703 356 732 mosynam
371 692 450 721 faciat
462 714 469 728 ‚
485 691 635 730 deindeque
651 691 720 720 alius
736 690 769 719 de
787 691 953 730 eleemosyna

216 739 359 777 loquatur,
378 748 430 766 non
447 737 527 765 modo
549 747 601 765 non
623 737 754 775 torpescit
767 736 891 772 audiens,
907 736 953 765 sed

216 784 331 819 laetatur,
345 793 407 811 cum
417 782 493 811 audit
502 792 581 821 opera
593 793 639 810 sua
652 781 792 821 praedicari
803 789 828 810 et
841 782 956 810 celebra-

216 830 249 858 ri.
262 830 300 858 Ita
315 839 362 858 nos
378 838 496 866 quoque,
513 828 575 865 quia
591 827 658 856 nihil
673 838 812 856 commune
826 827 955 856 habemus

216 885 277 903 cum
309 874 470 912 injuriarum
489 873 640 907 oblivione,
660 882 743 910 neque
765 872 833 900 illud
855 873 955 901 bonum

899 234 948 262 ali-

216 930 283 959 opus
300 919 481 956 exsequimur,
498 918 558 946 ideo
571 918 651 946 verba
661 917 817 956 hujusmodi
832 917 955 947 videmur
975 926 990 948 F

216 966 326 994 moleste
340 965 407 993 serre
418 975 426 992 :
441 964 463 992 si
476 970 564 992 autem
577 974 631 991 rem
644 974 858 1000 exsequeremur,
875 964 956 993 verba

217 1010 262 1039 illa
286 1021 337 1039 non
358 1009 506 1038 molestiam
525 1015 652 1037 crearent.
674 1008 704 1037 Si
725 1019 787 1047 ergo
808 1009 891 1037 vultis
909 1019 956 1038 nos

216 1061 269 1084 non
284 1056 408 1084 molestos
426 1054 502 1084 vobis
516 1064 581 1089 esse,
600 1053 638 1083 sic
651 1054 728 1082 facite
742 1066 749 1082 ι
761 1054 886 1092 operibus
900 1065 955 1083 rem

216 1102 352 1130 exhibete.
374 1101 529 1137 Numquam
549 1098 711 1127 cessabimus
726 1098 759 1127 de
774 1098 816 1127 his
827 1109 874 1128 vos
887 1099 955 1128 allo-

217 1147 279 1185 qui,
299 1147 384 1176 donec
405 1146 452 1175 illa
477 1145 668 1183 exsequamini.
694 1144 738 1173 Ex
761 1145 857 1173 affectu
886 1145 957 1174 enim

216 1193 332 1221 maxime
347 1199 372 1221 et
395 1191 574 1221 sollicitudine
588 1191 639 1220 hoc
652 1191 783 1228 sacimus3
799 1191 957 1230 insuperque

216 1239 280 1276 quia
293 1238 369 1267 nobis
381 1238 533 1277 periculum
546 1236 690 1275 impendet.
707 1236 868 1265 Tubicinem
880 1247 957 1266 nam-

215 1295 283 1322 que,
299 1284 403 1313 etiamsi
417 1294 494 1312 nemo
510 1282 544 1311 ad
558 1282 661 1311 bellum
676 1289 767 1317 exeat,
784 1283 847 1312 tuba
864 1293 958 1313 canere

215 1337 335 1370 oportet,
350 1330 524 1367 officiumque
536 1339 615 1358 suum
627 1328 747 1367 implere.
762 1330 821 1357 Non
835 1329 917 1367 igitur
928 1336 957 1358 ut

216 1378 303 1415 majus
319 1376 397 1405 vobis
413 1375 576 1415 supplicium
592 1385 715 1413 paremus
734 1374 762 1403 id
776 1374 898 1411 facimus,
911 1375 958 1403 sed

215 1429 254 1458 ut,
266 1429 396 1459 quantum
411 1421 438 1449 in
450 1420 527 1449 nohis
541 1427 595 1456 est,
612 1430 658 1448 vos
669 1420 828 1448 eximamus.
845 1420 887 1448 Ad
901 1420 956 1448 haec

216 1474 305 1496 vestra
317 1467 397 1495 etiam
412 1476 459 1495 nos
472 1466 568 1494 caritas
583 1465 684 1493 detinet
697 1477 702 1493 :
716 1475 777 1493 nam
788 1465 889 1494 viscera
905 1475 956 1494 no·-

216 1519 271 1541 stra
278 1512 477 1551 discerpuntur,
487 1518 511 1539 et
525 1521 623 1549 angore
635 1510 780 1546 afficimur,
793 1510 892 1548 siquid
905 1510 957 1538 hu-
975 1513 992 1535 B

213 1557 333 1597 jusmodi
348 1557 493 1595 contingat.
511 1556 563 1585 Sed
579 1556 656 1584 absit.
669 1556 729 1584 Non
745 1555 879 1584 sumtibus
891 1566 958 1595 opus

216 1610 256 1633 est
271 1603 307 1632 ad
323 1603 352 1631 id
372 1602 443 1641 quod
457 1602 584 1637 dicimus,
600 1601 787 1640 non'pecuniae
798 1601 956 1641 impenden-

217 1649 270 1683 dae,
284 1659 336 1678 non
352 1656 391 1677 est
406 1649 484 1687 longa
499 1648 711 1687 peregrinatione
724 1658 806 1686 opus;
821 1648 958 1677 voluntate

218 1695 316 1732 solum,
335 1695 418 1723 verbo
435 1701 459 1722 ct
474 1694 609 1722 voluntate
622 1700 661 1721 est
675 1704 751 1732 opus.
770 1693 959 1723 Custodiamus

218 1750 247 1768 os
265 1746 384 1768 nostrum
400 1761 407 1775 ‚
427 1740 536 1778 januam
559 1749 590 1767 ac
608 1745 710 1767 vectem
730 1749 911 1778 apponamus,
931 1745 959 1767 ut

218 1785 285 1813 nihil
298 1784 369 1822 quod
382 1785 438 1812 Deo
447 1783 587 1822 displiceat
596 1784 747 1821 loquamur.
758 1784 809 1812 Pro
817 1784 894 1812 nobis
902 1785 958 1823 agi-

219 1841 287 1865 mus,
301 1840 353 1858 non
369 1840 417 1869 pro
433 1829 531 1868 quibus
553 1839 700 1868 precamur.
721 1829 778 1857 Hoc
795 1840 899 1869 semper
913 1840 959 1859 co-

219 1875 351 1913 gitemus,
368 1874 439 1912 quod
454 1874 498 1912 qui
518 1874 658 1903 inimicum
674 1874 825 1912 benedicit,
842 1875 959 1914 seipsum

219 1921 367 1959 benedicat,
383 1929 408 1950 et
427 1922 473 1960 qui
488 1921 641 1958 maledicit,
658 1921 775 1961 seipsum
797 1922 957 1960 maledicat,

221 1970 302 2007 etqui
322 1980 370 2008 pro
388 1969 496 1998 inimico
509 1976 642 2008 pr·ecatu1,
659 1980 706 2008 pro
718 1980 746 1998 se
760 1977 891 2009 plecetur‚
906 1981 960 2000 non

221 2026 269 2054 pro
290 2015 344 2044 illo.
369 2015 397 2044 Si
417 2015 454 2043 sic
473 2025 520 2043 nos
541 2025 672 2065 geramus,
693 2015 840 2054 poterimus
858 2015 960 2055 insigne

221 2060 290 2091 illud
307 2071 374 2100 opus
394 2071 520 2100 peragere
538 2067 565 2089 et
580 2060 709 2099 pxomissa
727 2060 795 2089 bona
814 2062 959 2101 consequi,

222 2105 307 2143 gratia
321 2112 346 2134 et
360 2105 525 2144 benignitate
539 2105 648 2135 Domini
664 2105 746 2134 nostri
764 2107 826 2135 Jesu
842 2107 940 2136 Christi
952 2130 959 2143 ,

223 2151 331 2189 quicum
348 2152 420 2180 Patri
438 2162 543 2190 unaque
559 2151 672 2190 Spiritui
688 2158 777 2180 sancto
790 2152 889 2191 gloria,
910 2153 958 2181 im-

226 2196 344 2234 perium,
357 2196 457 2231 honor,
474 2207 544 2225 nunc
559 2204 582 2225 et
593 2207 711 2236 semper,
725 2204 749 2226 et
760 2197 786 2225 in
801 2198 896 2227 saecula
907 2209 958 2227 sae—

226 2241 355 2270 culorum.
371 2243 463 2270 Amen.

965 1080 1001 1098 53³

264 2340 267 2349 ³
290 2334 355 2365 §lag-3¹.
369 2338 465 2366 imme-1,
485 2335 524 2358 ιἰἸ
536 2339 685 2361 zmmzizzun
703 2337 829 2368 Dunaeun]

572 178 601 198 S.
625 175 766 198 Joftnms
788 173 969 196 citnx'SOST.
998 173 1155 196 Auenti-31³.
1184 174 1454 198 CONSTANTINOP-

1003 245 1045 262 νον
1061 236 1135 272 ὑμεῖς
1148 235 1184 272 μὴ
1196 235 1329 269 ἀκούοντες
1348 236 1435 272 δόξητε
1456 237 1628 275 ἐνοχλεῖσθαι.
1641 237 1719 264 Δοκεῖ
1737 235 1764 263 δέ

1004 292 1042 312 τις
1059 281 1238 318 ἐνοχλεῖσθαι,
1250 280 1311 308 ὅταν
1327 281 1363 318 μὴ
1381 283 1443 320 ποιῇ
1465 282 1498 310 τὰ
1516 281 1658 320 λεγόμενα·
1680 283 1693 309 δ
1714 280 1765 319 γὰρ

1004 326 1098 361 ποιῶν,
1112 328 1227 364 συνεχῶς
1243 325 1364 363 βούλεται
1374 326 1407 354 τὰ
1418 327 1484 355 αὐτὰ
1492 327 1604 361 ἀκούειν,
1618 326 1708 365 ὥσπερ
1719 327 1766 354 οὐκ

1004 369 1202 408 ἐνοχλούμενος,
1218 370 1276 398 ἀλλ’
1295 369 1528 407 ἐγκωμιαζόμενος.
1548 371 1634 400 “sse-ts
1653 370 1766 407 οὐδαμό-

1006 418 1047 444 θεν
1066 415 1173 444 ἄλλοθεν
1186 426 1262 444 τουτο
1278 414 1391 453 γίνεται,
1410 416 1467 443 ἀλλ’
1481 416 1510 444 ἐκ
1529 419 1573 445 τοῦ
1590 416 1626 454 μὴ
1638 420 1721 445 ποιεῖν
1733 414 1767 443 τὰ

1006 460 1147 499 λεγόμενα·
1162 461 1259 489 ἐκεῖθεν
1274 459 1319 488 καὶ
1335 462 1348 488 ὃ
1364 460 1447 498 λέγων
1467 460 1586 500 φορτικός
1607 463 1685 490 ἐστιν.
1702 460 1766 489 Ἐάν

1007 519 1045 539 τις
1054 506 1240 545 ἐλεημοσυνην,
1249 505 1306 534 εἶπέ
1316 517 1375 544 μοι,
1386 517 1462 544 ποιῃ,
1473 509 1528 535 εἶτα
1539 506 1615 539 ἄλλος
1623 519 1682 561 περι
1694 508 1766 541 ἐλεη-

1009 551 1122 590 μοσύνης
1134 551 1303 589 διαλέγηται,
1318 552 1346 580 οὒ
1371 551 1448 588 μόνον
1471 552 1517 580 οὐκ
1536 551 1691 580 “οἰποκναίει
1704 552 1769 590 πρὸς

1008 597 1054 631 τὴν
1080 597 1215 636 ἀκρόασιν,
1233 596 1301 625 ἀλλὰ
1324 596 1369 624 καὶ
1384 596 1523 634 γᾶννυται,
1547 596 1646 625 ἀκούων
1658 599 1709 625 τῶν
1732 598 1770 626 οἰ-

1007 643 1084 671 κείων
1100 642 1311 681 κατορθωμάτων
1326 642 1472 680 λεγομένων
1492 642 1536 670 καὶ
1558 642 1769 680 ἀνακηρυττομέ-

1008 700 1066 716 νων.
1081 687 1173 720 Οὕτως
1192 683 1234 715 οῧν
1257 687 1302 716 καὶ
1318 689 1409 725 ἡμεῖς,
1424 687 1514 722 ἐπειδὴ
1531 687 1603 716 οὐδὲν
1628 687 1692 727 πρὸς
1713 689 1772 716 ἀνε-

1009 733 1126 766 ξικακίαν
1142 733 1235 772 ἔχομεν
1249 733 1342 769 κοινὸν,
1358 733 1415 762 οὐδὲ
1429 732 1601 772 κατώρθωται
1610 736 1674 771 ἡμῖν
1688 736 1772 768 τοῦτο,

1009 779 1051 807 διὰ
1063 781 1138 807 τοῦτο
1148 779 1272 817 δοκοῦμεν
1288 775 1354 807 εἶναι
1370 779 1414 808 καὶ
1429 779 1494 818 πρὸς
1510 779 1542 807 τὰ
1558 779 1665 817 ῥήματα
1679 779 1771 818 δυσχε-

1011 829 1076 863 ρεῖς”
1093 825 1114 852 εἰ
1130 823 1156 853 δὲ
1171 824 1205 853 τὰ
1219 824 1363 864 πράγματα
1379 820 1420 860 ἦν,
1437 826 1482 853 οὐκ
1495 823 1525 852 ἂν
1540 823 1615 862 λόγος
1628 827 1700 862 ἡμᾶς
1714 823 1772 852 ἐλύ-

1009 881 1103 904 πησεν.
1119 870 1152 898 Ei
1171 869 1255 898 τοίνυν
1275 869 1312 907 μὴ
1325 869 1448 908 βούλεσθε
1470 873 1541 907 ἡμᾶς
1559 868 1694 909 φορτικοὺς
1707 865 1774 898 εἶναι

1011 915 1078 953 μηδὲ
1089 916 1226 954 ἐπαχθεῖς,
1238 915 1305 944 οὕτω
1318 915 1446 950 ποιήσατε
1456 938 1463 951 ,
1474 916 1506 943 δι’
1522 916 1603 955 ἔργων
1614 915 1776 948 ἐπιδείξασθε

1010 961 1039 990 τὸ
1053 966 1164 1000 πρᾶγμα
1175 973 1180 978 ·
1192 962 1227 993 ὡς
1246 961 1369 989 οὐδέποτε
1383 960 1537 998 παυσόμεθα
1550 960 1616 999 ὑπὲρ
1627 962 1678 988 τῶν
1690 961 1774 988 αὐτῶν

1011 1009 1071 1043 ὑυῖν
1086 1005 1283 1044 διαλεγόμενοι,
1297 1005 1378 1038 ἕως
1367 1017 1396 1033 αν
1412 1007 1564 1044 κατορθωθῇ
1584 1006 1610 1033 ἐν
1626 1006 1697 1043 ὑμῖν.
1712 1003 1776 1032 Μά-

1011 1053 1088 1080 λιστα
1104 1051 1149 1090 μὲν
1163 1052 1214 1091 γὰρ
1226 1063 1270 1079 και
1282 1051 1426 1090 κηδεμονία
1439 1050 1660 1090 καιφιλοστοργίᾳ
1671 1052 1703 1088 τῇ
1712 1049 1776 1089 πρὸς

975 1108 993 1130 Α
1012 1098 1079 1134 υμᾶς
1093 1108 1169 1125 τουτο
1183 1097 1348 1135 πράττομ5ν”
1364 1108 1455 1125 ἒπειτα
1468 1096 1494 1125 ΟΞ
1505 1096 1550 1124 καὶ
1560 1096 1604 1125 et&
1618 1108 1661 1124 ‘tov
1674 1095 1774 1124 ἐπιχεί-

1012 1154 1088 1179 μενον
1104 1144 1167 1180 ἡμῖν
1178 1142 1303 1171 κίνδυνον.
1314 1142 1367 1171 Τὸν
1381 1141 1432 1180 γὰρ
1443 1141 1611 1177 σαλπίζοντα,
1623 1141 1671 1170 κᾶν
1685 1141 1776 1179 μηδεὶς

1012 1191 1047 1221 εἰς
1062 1188 1177 1226 πόλεμον
1189 1187 1242 1227 ἐξίῃ
1253 1209 1262 1225 ‚
1275 1187 1409 1220 σαλπίζειν
1424 1188 1476 1223 δεῖ,
1487 1187 1516 1216 τὸ
1526 1189 1604 1216 αὐτοῦ
1617 1189 1774 1226 πληροῦν-τα.

1011 1236 1051 1263 Οὐ
1064 1233 1148 1262 τοίνυν
1162 1233 1267 1271 μείζονα
1284 1235 1344 1270 ὑμῖν
1359 1233 1406 1268 τὴν
1423 1233 1530 1262 κόλασιν
1545 1232 1706 1273 ἐργάσασθαι
1718 1234 1776 1271 βου-

1011 1279 1132 1318 λόμενοι,
1159 1281 1236 1309 τοῦτο
1259 1279 1427 1318 πράττομεν,
1451 1279 1519 1308 ἀλλὰ
1540 1280 1570 1308 τὸ
1592 1281 1650 1308 καθ’
1669 1279 1776 1312 ἑαυτοὺς

1012 1325 1202 1355 ἀποδύσασθαι.
1221 1325 1297 1354 Μετὰ
1318 1326 1345 1354 δὲ
1359 1325 1450 1354 τούτου
1460 1346 1468 1360 ,
1483 1325 1528 1354 καὶ
1542 1328 1558 1361 ἡ
1577 1325 1691 1365 ὑμετέρα
1704 1329 1775 1364 ἡμᾶς

1012 1371 1103 1409 ἀγοίτιᾍ
1119 1371 1241 1409 κατέχει·
1256 1369 1268 1386 ¹³
1278 1370 1460 1408 ἀποσπώμεθα
1474 1370 1523 1409 γὰρ
1535 1370 1568 1399 τὰ
1581 1371 1720 1410 σπλάγχνα
1730 1371 1775 1400 καὶ

1012 1415 1173 1453 δακνόμεθα,
1188 1415 1247 1443 εἴτι
1257 1418 1357 1444 τοιοῦτο
1371 1416 1499 1453 συμέαίη.
1512 1415 1590 1444 Ἀλλὰ
1608 1417 1644 1454 μὴ
1666 1416 1774 1454 γένοιτο.

1012 1461 1069 1489 Οὐκ
1080 1460 1135 1490 ἔστι
1150 1460 1282 1495 δαπάνης,
1294 1460 1358 1500 ὅπερ
1372 1461 1478 1498 εἴπομεν
1493 1464 1548 1496 νῦν,
1569 1463 1616 1491 οὐκ
1630 1461 1699 1490 ἔστιν
1715 1463 1774 1490 ἐπι-

1012 1505 1106 1543 ζημίοις
1127 1505 1283 1545 χρημάτων,
1303 1508 1349 1535 οὐκ
1369 1506 1438 1535 ἔστιν
1455 1507 1513 1535 ὁδοῦ
1530 1512 1632 1546 μακρᾶς
1643 1518 1649 1524 ·
1666 1509 1774 1543 θελῆσαι

1013 1552 1051 1579 δεῖ
1065 1550 1152 1589 μόνον,
1168 1552 1240 1590 ῥῆμά
1259 1552 1332 1587 ἐστι,
1346 1552 1498 1607 πρραίρεσίς
1509 1554 1576 1581 ἐστι.
1593 1553 1774 1591 Φυλάττωμεν

1012 1598 1087 1634 ἡμῶν
1098 1597 1128 1625 τὸ
1142 1597 1242 1635 στόμα,
1255 1597 1334 1637 θύραν
1349 1609 1393 1626 και
1405 1597 1503 1636 μοχλὸν
1518 1598 1679 1636 ἐπιθῶμεν,“
1669 1611 1710 1627 ινα
1725 1611 1777 1637 μη-

1013 1642 1038 1671 δὲ
1041 1655 1054 1670 ν
1071 1645 1121 1671 τῶν
1146 1642 1181 1680 μὴ
1204 1642 1347 1671 δοκούντων
1368 1655 1406 1682 τῳ
1421 1645 1482 1682 Θεῷ
1497 1643 1678 1682 φθεγγώμεθα.
1690 1644 1774 1683 Ὑπὲρ

1012 1689 1088 1726 ἡμων
1106 1690 1190 1717 αὐτῶν
1205 1688 1305 1726 γίνεται
1321 1691 1397 1717 τοῦτο
1407 1691 1479 1728 ,οὐχ
1498 1689 1564 1728 ὑπὲρ
1579 1702 1614 1718 ων
1633 1690 1775 1729 εὐχόμεθα.

1013 1735 1098 1763 Ιοῧτο
1107 1733 1147 1763 ἀεὶ
1160 1733 1323 1772 λογιζωμεθα
1334 1756 1342 1769 ,
1357 1747 1397 1763 οτι
1408 1735 1473 1763 καὶ
1463 1746 1476 1764 ο
1488 1736 1601 1773 εὐλογῶν
1612 1736 1656 1764 τὸν
1670 1736 1775 1775 ἐχθρὸν,

1013 1780 1103 1809 ἑαυτὸν
1117 1780 1214 1818 εὐλογεῖ
1224 1801 1231 1814 ,
1245 1780 1290 1808 καὶ
1309 1782 1322 1807 ὁ
1338 1780 1535 1818 καταρώμενος,
1551 1781 1641 1810 ἑαυτὸν
1655 1786 1776 1821 καταρᾶ-

1012 1837 1075 1862 ται,
1089 1825 1134 1854 καὶ
1151 1828 1163 1854 ὁ
1175 1825 1313 1865 εὐχόμενος
1327 1826 1392 1864 ὑπὲρ
1410 1828 1455 1854 τοῦ
1475 1827 1584 1865 ἐχθροῦ,
1598 1827 1665 1866 ὑπὲρ
1683 1828 1775 1857 ἑαυτοῦ

1013 1872 1117 1911 εὔχεται
1126 1894 1133 1908 ,
1148 1872 1198 1910 οὐχ
1211 1871 1277 1910 ὑπὲρ
1293 1872 1402 1900 ἐκείνου.
1414 1871 1459 1900 Ἂν
1472 1871 1538 1900 οὕτω
1551 1876 1634 1901 ταῦτα
1647 1875 1774 1911 ποιῶμεν,

1014 1917 1177 1955 δυνησόμεθα
1197 1917 1227 1945 τὸ
1241 1917 1400 1956 κατόρθιιιμα
1415 1920 1491 1946 τοῦτο
1506 1919 1542 1950 εἷς
1561 1917 1634 1957 ἔργον
1655 1920 1773 1958 ἀγαγεῖν,

1015 1963 1059 1991 καὶ
1073 1967 1161 2002 τυχεῖν
1182 1964 1234 1991 τῶν
1259 1962 1461 2001 ἐπηγγελμένων
1485 1964 1599 2001 ἀγαθῶν,
1620 1964 1710 2003 χάριτι
1733 1964 1778 1993 καὶ

1016 2008 1197 2047 φιλανθρωπία
1211 2011 1255 2037 τοῦ
1269 2007 1364 2046 Κυρίου
1380 2010 1456 2045 ἡμῶν
1470 2008 1557 2044 Ἰησοῦ
1578 2010 1708 2047 Χριστοῦ,
1719 2011 1776 2047 μεθ’

1017 2050 1045 2082 οὗ
1066 2056 1103 2092 τῷ
1117 2054 1205 2093 Πατρὶ
1220 2054 1276 2092 ἅμα
1290 2056 1327 2094 τῷ
1342 2053 1409 2092 ἁγίῳ
1427 2054 1563 2092 Πνεύματι
1578 2054 1636 2088 δόξα
1646 2077 1653 2091 ‚
1668 2055 1778 2094 κράτος,

1015 2099 1097 2137 τιμὴ,
1111 2102 1155 2128 ν’ῦν
1170 2100 1215 2129 καὶ
1231 2099 1287 2135 ἀεὶ,
1305 2099 1350 2128 καὶ
1365 2101 1400 2132 εἷς
1410 2099 1470 2132 τοὺς
1484 2101 1580 2132 αἰῶνας
1598 2102 1649 2129 τῶν
1666 2100 1775 2129 αἰώνων.

1015 2145 1104 2182 Ἀμήν,

1059 2339 1070 2356 Ι’
1089 2337 1169 2369 [Colb.
1186 2336 1313 2368 mousom
