1893 2860
123 906 261 931 Itum-SJS.

124 2094 250 2114 Sacerdotes

125 2126 213 2151 quinam
225 2126 265 2146 eli-

125 2155 198 2181 gendi.

277 146 364 180 655⁸

278 218 314 245 sis
335 223 434 250 ornam,
444 215 495 243 cito
506 225 519 242 a
539 213 686 251 meretrice,
700 213 776 241 unice
789 212 875 252 specie
888 219 933 241 tua
948 212 1014 240 alle-

278 270 347 293 ctus.
359 261 478 300 capietur
489 266 594 288 :contra
605 260 626 288 si
637 259 759 288 docueris
767 269 827 287 eum
838 268 923 287 mores
935 264 960 287 et
970 257 1015 286 ho<

277 313 403 334 nestatcm
417 315 515 339 amare,
533 315 580 333 nec
594 304 646 333 cito
661 315 708 332 nec
723 304 799 332 facile
813 303 989 332 fornicabitur
1005 314 1012 330 ε

277 361 360 388 neque
374 350 444 378 enim
470 350 525 378 liaec
545 350 571 377 in
591 349 727 377 meretrice
748 349 880 382 inveniet,
898 348 952 376 imo
972 347 1014 375 his
1032 349 1050 371 l)

276 396 417 424 contraria.
441 396 480 424 Ne
503 396 592 433 itaque
614 395 736 423 docueris
759 404 820 422 eum
834 393 917 422 arisu
942 393 1012 432 capi,

276 451 360 479 neque
377 441 506 469 dissoluto
519 440 624 476 habitu,
640 450 673 469 ne
691 440 818 468 adversus
838 439 952 478 teipsum
967 449 1015 468 ve-

275 486 369 514 neficia
384 496 476 525 pares:
491 485 556 514 doce
577 486 655 514 illum
675 485 702 513 in
722 485 859 513 honestate
878 484 1012 522 gaudere:

275 531 326 559 hoc.
347 542 409 559 vcro
430 532 539 570 poteris,
560 541 621 559 cum
638 530 747 558 habitus
765 529 825 558 talis
837 529 927 558 suerit.
945 530 1014 558 Nam

275 576 298 604 si
319 583 345 604 te
357 577 451 605 efferas
467 583 491 604 ct
514 576 619 604 lubrica
639 575 732 612 fueris,
754 573 890 613 quomodo
911 574 1013 602 dietum

275 623 414 651 honestum
429 629 453 650 et
468 632 549 661 grave
563 621 690 650 adhibere
704 621 827 660 poteris?
842 620 902 658 quis
917 627 941 649 te
961 630 1013 649 non

275 668 423 697 irridebit?
435 667 576 703 Quomodo
593 675 683 696 autem
697 668 724 696 in
745 677 856 706 corpore
870 676 1012 706 possumus

274 714 402 742 extollere
416 714 525 742 Deum?
540 713 568 742 Si
584 714 711 742 virtutem
728 722 897 741 exerceamus
909 718 934 740 et
953 712 1011 740 ani-

274 770 346 788 mam
368 771 491 789 ornemus
506 760 597 788 :illam
620 760 691 788 enim
705 770 800 788 ornare
814 769 865 788 non
884 758 1011 797 prohibe—

274 817 343 835 mur.
359 807 404 835 Sic
419 807 507 834 Deum
530 805 722 844 glorificamus,
737 815 798 833 cum
819 804 927 833 omnino
949 804 1011 832 boni

274 862 382 888 sumus;
395 858 420 880 ct
433 862 480 879 nos
493 861 599 889 quoque
613 850 827 888 glorificabimur
841 850 868 878 in
888 849 935 878 illo
951 849 1009 884 die,

274 907 327 926 non
342 896 475 933 similiter,
491 895 537 924 sed
551 896 636 924 multo
650 895 746 933 magis.
763 896 909 923 Existimo
927 895 1012 931 enim,

274 942 374 980 inquit,
390 942 469 980 quod
483 951 542 969 non
555 947 622 969 sunt
635 942 786 979 condignoe
799 943 949 978 passiones
959 941 1013 968 Im-

270 990 320 1027 jus
333 988 468 1025 temporis
485 987 526 1015 ad
529 987 668 1026 jicturam
678 986 812 1025 gloriam,
829 996 894 1024 quae
905 986 1013 1014 revela-

275 1035 353 1062 bitur
369 1035 398 1060 in
423 1033 514 1062 nobis.
540 1032 629 1067 Quam
647 1031 749 1059 utinam
770 1041 860 1059 omnes
884 1041 1012 1069 assequa-

274 1090 345 1115 mur,
369 1078 453 1117 gratia
476 1085 502 1106 et
526 1077 688 1116 benignitate
703 1077 817 1105 ‚Domini
840 1077 924 1105 nostri
947 1078 1011 1106 Jesu

274 1124 384 1161 Christi,
402 1123 510 1161 quicum
531 1122 604 1151 Patri
624 1129 650 1151 et
669 1122 784 1161 Spiritui
806 1129 896 1151 sancto
917 1122 1011 1161 gloria,

274 1171 427 1210 imperium,
446 1171 542 1208 honor,
567 1180 638 1199 nunc
657 1177 683 1198 et
698 1179 810 1209 semper,
824 1176 850 1198 et
870 1169 897 1198 in
913 1169 1008 1198 saecula

274 1217 442 1246 saeculorum.
459 1217 553 1245 Amen.

306 1339 316 1351 ¹¹
334 1332 391 1356 Duo
403 1331 502 1356 codices
513 1332 570 1359 Mss,
584 1338 630 1360 πῶς
646 1333 669 1357 δὲ
681 1334 727 1357 ἔστι
743 1335 779 1356 καὶ
796 1334 818 1356 ἐν
829 1337 860 1363 τῷ
870 1333 958 1362 σώματι
971 1332 1025 1363 ἆραι

274 1375 312 1397 τὸν
323 1375 379 1401 θεὸν,
389 1377 457 1396 recte
468 1381 473 1395 :
487 1370 513 1395 id
525 1371 591 1395 enim
608 1370 713 1395 refertur
725 1369 758 1394 ad
769 1369 838 1394 illum
851 1369 962 1400 superius
974 1376 1025 1392 me-

273 1415 398 1433 moratum
408 1410 542 1440 Scriptura?
547 1408 629 1432 locum
639 1417 644 1431 :
656 1407 803 1440 Glorificate
810 1412 936 1440 ceper-late
943 1406 1024 1430 Deum

274 1448 300 1470 ἰη
313 1456 412 1479 corpore
425 1453 513 1473 vesu-o.
527 1449 558 1472 In
571 1446 618 1471 Edi
623 1447 653 1471 u's
669 1446 734 1470 male
745 1454 791 1475 πῶς
805 1449 828 1472 δὲ
844 1450 890 1472 ἔστι
910 1448 946 1470 καὶ
959 1448 980 1470 ἐν
992 1451 1025 1477 τῷ

537 1648 693 1677 HOMILIA
715 1636 761 1677 vj
1029 1674 1049 1696 A

276 1742 344 1770 Cn.
362 1742 385 1771 Ι.
399 1752 428 1770 v.
444 1742 491 1771 18.
508 1742 573 1770 Hoc
585 1747 756 1779 praeceptum
768 1741 938 1769 commendo
948 1741 1011 1777 tibi,

304 1787 359 1827 fili
377 1788 402 1815 T
400 1787 529 1824 imotlzee,
545 1787 702 1815 secundum
719 1787 912 1825 praecedentes
933 1787 965 1814 in
987 1792 1014 1814 te

313 1834 488 1871 prophetias,
511 1839 543 1861 ιιι
564 1833 671 1860 milites
691 1834 722 1860 in
738 1836 778 1861 eis
802 1834 907 1860 bonam
932 1832 1014 1860 mili-

316 1880 396 1916 tiam,
412 1880 460 1907 19.
476 1879 586 1907 liabens
596 1879 688 1917 fidem
701 1885 730 1906 et
746 1880 852 1907 bonam
869 1879 1015 1906 conscien-

318 1926 401 1962 tiam,
414 1935 500 1964 quam
511 1925 630 1963 quidam
641 1924 822 1962 repellenteS,
837 1923 1013 1963 circafidem

318 1972 506 2011 naufragium
511 1970 660 2010 fecerunt.

316 2072 344 2098 1.
364 2069 500 2098 Doctrinae
510 2075 535 2097 et
545 2068 686 2097 sacerdotii
701 2068 818 2107 dignitas
827 2078 923 2107 magna
934 2068 1013 2097 mira—

277 2115 395 2153 bilisque
415 2121 466 2151 est,
480 2124 539 2152 quae
561 2124 624 2142 vere
647 2113 697 2142 Dei
710 2113 812 2142 calculo
831 2124 898 2153 opus
918 2113 1013 2150 habet,

278 2168 307 2190 ut
321 2161 434 2199 dignum
448 2160 476 2188 in
494 2159 614 2188 medium
629 2159 752 2188 adducat.
767 2159 812 2188 Sic
833 2159 898 2188 olim
913 2159 1013 2197 siebat;

277 2207 315 2236 sic
336 2207 415 2234 etiam
433 2215 504 2234 nunc
523 2205 565 2242 fit,
588 2204 694 2242 quando
717 2204 773 2233 sine
786 2205 904 2233 humano
918 2205 1015 2233 affectu

276 2252 416 2281 electiones
428 2250 554 2285 facimus,
569 2250 675 2288 quando
694 2250 729 2278 ad
744 2250 814 2278 nihil
832 2250 958 2278 saeculare
971 2260 1015 2278 re-

277 2298 416 2336 spicimus,
431 2306 479 2324 nec
502 2295 587 2324 ullam
607 2295 721 2323 amicitae
745 2295 789 2324 vel
812 2295 868 2323 odii
884 2295 1015 2324 rationem

277 2344 414 2372 habemus.
427 2342 487 2371 Etsi
501 2342 572 2370 enim
583 2352 634 2370 non
646 2347 718 2370 tanta
731 2341 807 2370 nobis
821 2341 937 2380 Spiritus
950 2352 1014 2380 par-

279 2388 398 2427 ticipatio
420 2395 478 2425 est;
505 2394 532 2415 at
553 2386 652 2415 sufficit
672 2387 773 2415 bonum
789 2386 969 2425 propositum,
985 2393 1014 2415 ut

280 2433 330 2461 Dei
344 2433 427 2471 ipsius
440 2433 634 2461 ordinationem
648 2432 772 2460 attrahat.
788 2431 1013 2470 Quandoquidem

281 2488 365 2515 neque
383 2479 495 2516 apostoli
515 2478 632 2517 Spiritus
650 2478 793 2517 participes
809 2484 892 2515 crant,
906 2477 1013 2516 quando

282 2522 423 2552 Matthiam
437 2523 580 2561 elegerunt,
593 2523 639 2552 scd
652 2523 763 2553 orationi
778 2533 834 2553 rem
844 2524 1011 2554 committcn-
1030 2530 1048 2554 C

613 154 638 175 S.
665 153 804 175 JotNNts
831 150 1010 174 cmu'SOS'r.
1039 152 1192 175 ARCfflEP.

1020 1646 1056 1665 574

1218 154 1342 176 CONSTA
1349 154 1482 176 NTlxop.

1068 213 1151 249 φιλεῖν
1162 223 1168 229 ·
1185 212 1215 240 ἂν
1225 212 1276 252 γὰρ
1290 209 1320 251 ἧς
1336 214 1403 243 οὕτω
1414 214 1594 253 κοσμουμένη,
1610 213 1709 252 ταχέως
1720 213 1770 242 ὑπὸ
1781 215 1827 248 fic,

1068 257 1254 295 ἡταιρηκυίας,
1267 259 1410 294 μελετήσας
1421 261 1447 288 ἐν
1460 262 1493 298 τῇ
1511 259 1568 298 ὄψει
1579 261 1611 297 τῇ
1624 260 1667 297 σῇ,
1678 258 1826 287 ἁλίσκεται·

1070 301 1100 329 ἂν
1115 301 1205 339 μέντοι
1221 302 1324 339 διδάξῃς
1342 304 1417 332 αὐτὸν
1429 304 1540 342 τρόπους
1562 306 1644 344 φιλεῖν
1660 304 1705 332 καὶ
1718 304 1828 341 κοσμιό-

1069 358 1150 382 τητα,
1171 348 1199 375 οὗ
1212 347 1313 386 ταχέως
1325 348 1459 386 πορνεύσει
1469 361 1474 367 ·
1488 349 1544 378 οὐδὲ
1556 349 1606 388 γὰρ
1619 349 1732 388 εὑρίσκει
1747 352 1829 377 ταῦτα

1068 392 1140 430 παρὰ
1154 395 1186 431 τῇ
1200 393 1283 431 πόρνῃ
1294 414 1301 427 ,
1316 393 1384 421 ἀλλὰ
1397 393 1430 421 τὰ
1443 394 1542 427 τούτοις
1556 395 1670 423 ἐναντία.
1685 394 1730 429 Μὴ
1744 393 1828 422 τοίνυν

1068 437 1171 475 διδάξῃς
1197 438 1272 467 αὐτὸν
1295 438 1346 466 ὑπὸ
1367 438 1479 476 γέλωτος
1501 440 1669 475 ἁλίσκεσθαι,
1692 438 1758 477 μηδὲ
1779 438 1828 467 ὑπὸ

1068 483 1203 521 σχήματος
1216 484 1400 522 ἕκκεχυμένου,
1411 483 1453 512 ἵνα
1468 483 1503 521 μὴ
1518 485 1586 513 κατὰ
1603 487 1699 520 σαυτῆς
1713 484 1828 524 ἄρτύσῃς

1067 528 1099 556 τὰ
1114 528 1241 568 φάρμακα
1250 541 1256 546 ·
1272 529 1379 557 παίδευε
1398 529 1472 557 αὐτὸν
1484 529 1638 567 κοσμιότητι
1650 530 1751 569 χαίρειν
1762 541 1768 548 ·
1785 530 1827 558 δυ-

1067 574 1132 613 νήσῃ
1147 574 1174 602 δὲ
1189 577 1274 610 τοῦτο,
1297 575 1358 602 ὅταν
1373 575 1417 603 καὶ
1441 575 1471 603 τὸ
1486 577 1578 614 σχῆμα
1591 578 1706 604 τοιοῦτον
1720 571 1755 614 ᾗ·
1771 575 1827 604 ἐπεὶ

1066 619 1110 648 ἐὰν
1133 619 1301 658 ἐπτερωμένη
1316 619 1361 648 καὶ
1377 620 1476 653 ἄσωτος
1489 616 1535 658 ἧς,
1557 623 1612 653 πῶς
1627 620 1723 659 δυνήσῃ
1746 632 1828 660 προσ-

1065 669 1178 702 ενεγκεῖν
1195 667 1267 704 ῥῆμα
1283 665 1396 703 σεμνόν,
1418 666 1458 699 τίς
1472 666 1499 694 δέ
1519 677 1548 695 σε
1561 667 1589 695 οὗ
1601 666 1759 705 χλευάσεται
1781 666 1826 694 καὶ

1066 710 1187 748 γελάσει,
1202 714 1213 726 ²
1223 711 1285 743 Πῶς
1300 711 1326 740 ’δὲ
1352 711 1407 740 ἔστι
1429 711 1473 739 καὶ
1488 712 1514 739 ἐν
1529 713 1566 750 τῷ
1588 711 1692 749 σώματι
1707 707 1769 750 ἆραι
1782 711 1827 739 τὸν

1066 756 1132 785 Θεόν
1144 768 1151 791 ;
1164 756 1270 795 Ἀρετὴν
1289 758 1434 793 ἀσκοῦντα,
1446 757 1493 792 τὴν
1510 756 1598 796 ψυχὴν
1611 756 1812 789 καλλωπίζοντα
1821 767 1827 774 ·

1066 802 1111 830 καὶ
1127 801 1178 840 γὰρ
1193 801 1204 816 ¹²
1213 803 1254 830 ἐπ’
1265 802 1346 836 αὐτὴν
1361 804 1438 831 τοῦτο
1451 804 1479 831 οὐ
1492 802 1650 831 κεκώλυται.
1663 801 1742 830 Οὕτω
1757 801 1827 834 δοξά-

1066 850 1141 885 ζομεν
1158 847 1201 876 τὸν
1221 847 1298 882 Θεὸν,
1313 849 1375 877 ὅταν
1387 848 1513 877 πάντοθεν
1527 843 1597 886 ὦμεν
1613 848 1706 887 ἀγαθοὶ
1715 871 1722 884 ,
1734 847 1779 876 καὶ
1790 848 1828 876 δο-

1068 892 1196 930 ξαζόμεθα
1213 893 1257 922 καὶ
1271 895 1347 930 ἡμεῖς
1359 895 1384 922 ἐν
1398 895 1431 931 τῇ
1451 893 1539 932 ἡμέρα
1553 893 1638 932 ἐκείνῃ
1653 894 1703 932 οὐχ
1716 892 1827 930 ὁμοίως,

1067 939 1134 966 ἀλλὰ
1146 939 1236 977 πολλῷ
1250 938 1382 976 μειζόνως.
1397 938 1542 976 Λογίζομαι
1552 938 1617 978 γὰρ,
1627 939 1714 977 φησὶν,
1729 938 1769 967 ὅτι
1782 939 1828 967 οὒκ

1066 983 1125 1016 ἄξια
1139 983 1174 1012 τὰ
1187 984 1332 1021 παθήματα
1350 986 1395 1011 τοῦ
1407 987 1450 1012 νῦν
1470 987 1561 1022 καιροῦ
1583 983 1648 1022 πρὸς
1657 983 1705 1018 τὴν
1720 984 1829 1021 μέλλου-

1066 1041 1113 1057 σαν
1139 1029 1213 1062 δόξαν
1244 1028 1475 1058 ἀποκαλύπτεσθαι
1502 1030 1537 1062 εἷς
1557 1032 1639 1067 ἡμᾶς.
1656 1024 1708 1061 ἴΗς
1729 1029 1828 1068 γε’νοιτο

1065 1075 1166 1107 πάντας
1179 1077 1249 1112 ἡμᾶς
1269 1078 1419 1113 μετασχεῖν,
1430 1074 1519 1113 χάριτι
1531 1074 1576 1102 καὶ
1590 1074 1772 1114 φιλανθρωπία
1782 1076 1828 1103 τοῦ

1065 1121 1163 1159 Κυρίου
1172 1122 1249 1158 ἡμῶν
1260 1121 1348 1155 Ἰησοῦ
1361 1121 1491 1159 Χριστοῦ,
1507 1122 1564 1159 μεθ’
1579 1116 1608 1149 οὗ
1621 1122 1658 1160 τῷ
1669 1120 1757 1159 Πατρὶ
1771 1120 1828 1158 ἅμα

1065 1169 1102 1207 τῷ
1116 1166 1182 1206 ἁγίῳ
1196 1166 1332 1204 Πνεύματι
1355 1166 1415 1199 δόξα
1427 1189 1434 1202 ,
1449 1167 1556 1205 κράτος,
1569 1166 1646 1205 τιμὴ,
1657 1169 1700 1196 νῦν
1713 1166 1759 1195 καὶ
1773 1165 1826 1202 ἀεὶ,

1064 1213 1108 1242 καὶ
1123 1214 1158 1246 εἰς
1171 1212 1230 1245 τοὺς
1244 1214 1339 1245 αἰῶνας
1349 1215 1400 1241 τῶν
1415 1211 1524 1241 αἰώνων.
1535 1212 1628 1250 Ἀμήν.

1074 1331 1185 1361 πνεύματι
1201 1330 1280 1362 ἀρέσαι
1300 1334 1331 1361 τῷ
1345 1332 1403 1360 θεῷ,
1416 1327 1539 1361 quomodo
1555 1332 1637 1351 autem
1653 1335 1782 1360 possumus
1800 1328 1825 1351 in

1075 1367 1171 1401 Spiritu
1182 1366 1280 1396 placere
1291 1366 1347 1390 Deo
1355 1366 1370 1389 P

1107 1407 1120 1425 δ
1139 1406 1148 1437 [
1160 1408 1196 1432 ἐπ’
1209 1408 1277 1434 αὐτῆς
1288 1404 1359 1429 Colb.
1372 1412 1448 1433 coi-1¹.⁷
1464 1404 1552 1435 recto]

1356 1649 1490 1677 ΟΜΙΛΙΑ
1505 1647 1534 1677 ε’.
1566 1650 1569 1653 “

1063 1737 1171 1774 Ταύτην
1195 1738 1242 1774 τὴν
1266 1739 1444 1778 παραγγελίαν
1459 1740 1637 1779 παρατίθεμαί
1661 1753 1702 1770 σοι
1714 1763 1722 1778 ,
1736 1742 1826 1772 τέκνον

1103 1784 1231 1822 Τιμόθεε,
1246 1786 1313 1813 κατὰ
1327 1785 1373 1818 τὰς
1384 1786 1548 1824 προαγούσας
1560 1787 1603 1815 ἐπὶ
1611 1786 1640 1816 σὲ
1652 1788 1826 1826 προφητείας,

1103 1829 1147 1858 ἵνα
1177 1830 1303 1869 στρατεύῃ
1327 1832 1353 1859 ἓν
1381 1833 1471 1863 αὐταῖς
1493 1831 1541 1867 τὴν
1564 1831 1647 1866 καλὴν
1675 1832 1826 1871 στρατείαν,

1105 1875 1172 1914 ἔχων
1186 1876 1274 1905 πίστιν
1291 1876 1335 1904 καὶ
1347 1877 1446 1914 ἀγαθὴν
1460 1877 1616 1914 συνείδησιν,
1629 1878 1661 1913 ἥν
1674 1890 1741 1911 τινες
1755 1880 1827 1907 ἀπω-

1104 1921 1225 1959 σάμενοι,
1244 1921 1304 1960 περὶ
1315 1921 1361 1957 τὴν
1376 1922 1464 1950 πίστιν
1476 1922 1649 1961 ἐναυάγησαν.

1103 2067 1144 2096 Τὸ
1154 2068 1202 2102 τῆς
1216 2067 1385 2101 διδασκαλίας
1398 2068 1443 2096 καὶ
1457 2067 1486 2096 τὸ
1502 2070 1550 2103 τῆς
1563 2068 1704 2107 ἱερωσύνης
1725 2069 1827 2108 ἀξίωμα

1066 2112 1135 2151 μέγα
1151 2113 1206 2141 ἐστὶ
1227 2113 1272 2142 καὶ
1288 2113 1447 2151 θαυμαστὸν,
1468 2114 1512 2142 καὶ
1533 2113 1613 2146 ὅντως
1635 2117 1682 2150 τῆς
1699 2119 1746 2145 τοῦ
1756 2117 1826 2145 Θεοῦ

1066 2159 1186 2196 δεόμενον
1206 2159 1304 2198 ψήφου,
1325 2158 1393 2188 ὥστε
1406 2159 1449 2188 τὸν
1465 2158 1535 2192 ἄξιον
1549 2161 1586 2192 εἰς
1607 2160 1686 2198 μέσον
1706 2172 1827 2200 παραγα-

1066 2208 1130 2242 γεῖν.
1145 2204 1224 2233 Οὕτω
1237 2205 1282 2233 καὶ
1296 2204 1326 2233 τὸ
1338 2205 1451 2233 παλαιὸν
1465 2205 1578 2242 ἐγίνετο,
1592 2206 1660 2234 οὕτω
1673 2206 1718 2234 καὶ
1729 2210 1774 2236 ν’ῡν
1785 2206 1827 2246 γί-

1066 2261 1154 2285 νεται,
1179 2250 1240 2279 ὅταν
1261 2249 1342 2289 χωρὶς
1365 2250 1463 2283 πάθους
1477 2251 1638 2291 ἀνθρωπίνου
1652 2251 1699 2284 τὰς
1717 2252 1829 2291 αἱρέσεις

1065 2295 1218 2334 ποιώμεθα,
1242 2295 1303 2324 ὅταν
1326 2295 1390 2336 πρὸς
1406 2296 1486 2334 μηδὲν
1509 2299 1619 2336 ὁρῶντες
1637 2298 1768 2336 βιωτικὸν,
1790 2298 1827 2337 μὴ

1065 2342 1130 2380 πρὸς
1143 2341 1241 2380 φιλίαν,
1263 2341 1299 2379 μὴ
1321 2342 1385 2380 πρὸς
1399 2342 1550 2381 ἀπέχθειαν.
1564 2344 1598 2372 Εἰ
1611 2343 1662 2382 γὰρ
1674 2343 1719 2372 καὶ
1733 2343 1770 2381 μὴ
1785 2355 1829 2372 το-

1066 2388 1157 2416 σούτου
1178 2387 1325 2425 πνεύματος
1348 2388 1502 2427 μετέχομεν,
1527 2389 1585 2417 ἀλλ’
1610 2390 1685 2429 ἀρκεῖ
1705 2389 1828 2428 πρόθεσις

1066 2433 1150 2471 ἀγαθὴ
1162 2436 1206 2461 τοῦ
1217 2435 1285 2462 Θεοῦ
1297 2433 1344 2469 τὴν
1358 2434 1518 2473 χειροτονίαν
1530 2435 1735 2464 ἐπισπάσασθαι.
1749 2435 1826 2464 Ἐπεὶ

1064 2478 1122 2508 οὐδὲ
1141 2480 1164 2507 οἱ
1177 2478 1316 2507 ἀπόστολοι
1330 2479 1478 2517 πνεύματος
1491 2485 1622 2520 μετεῖχον,
1638 2480 1680 2509 ὅτε
1691 2481 1735 2510 τὸν
1748 2482 1824 2510 Ματ-

1064 2524 1120 2553 θίαν
1135 2524 1296 2562 ἐξελέξαντο,
1312 2526 1369 2554 ἇλλ’
1386 2526 1450 2563 εὐχῇ
1463 2525 1492 2555 τὸ
1503 2530 1614 2564 πρᾶγμα
1627 2525 1823 2565 ἐπιτρέψαντες,
