1893 2860
59 1447 199 1470 Psal.11.3.

556 185 583 206 S.
609 184 688 207 JOAN
697 184 747 207 MS
774 184 954 207 cmu‘SOST.

985 183 1138 207 AncmEl’.

1168 185 1421 209 CONSTANTINOP
1428 199 1434 207 .

450 381 608 410 llOMILlA
631 381 706 411 xlv.

212 474 279 501 (λιι).
293 474 342 502 lv.
355 483 383 501 v.
399 473 446 502 25.
455 474 581 512 Propter
595 475 675 512 quod
686 475 860 511 deponentes
874 485 952 503 men-

249 519 383 553 dacium,
403 519 558 557 loquimini
577 522 731 548 veritatem
753 523 953 560 unusquisque

250 574 313 592 cum
325 566 457 602 proximo
473 574 525 592 suo
538 575 546 591 .-
557 567 696 603 quoniam
712 575 811 594 sumus
828 568 951 595 invicem

249 611 387 637 membra.
404 611 451 638 ΞΟ.
468 611 650 638 Israscimini
670 616 697 638 et
713 611 803 639 nolite
814 621 949 649 peccare:

247 656 292 684 sol
307 666 364 684 non
379 657 493 684 occidat
504 667 590 695 super
602 658 788 685 iracundiam
803 664 948 686 vestram:

250 702 298 729 27.
312 702 404 730 nolite
420 701 516 730 locum
530 702 601 730 dare
621 703 748 730 diabolo.

251 796 276 821 1.
300 794 368 822 Cum
393 793 426 822 de
449 793 531 821 veteri
556 793 664 822 homine
686 794 808 823 universe
836 795 949 824 dixisset

210 848 235 869 ct
249 841 275 870 in
291 851 393 879 genere,
404 841 459 879 jam
478 851 539 869 eum
558 841 686 869 describit
707 842 787 870 etiam
801 842 948 881 sigillatim.

211 887 275 915 Haec
296 887 366 916 enim
389 887 510 915 doctrina
534 894 573 915 est
591 887 695 916 facilior
719 887 755 916 ad
776 887 949 924 discendum,

209 932 316 970 quando
335 933 414 961 etiam
433 931 561 961 discimus
583 932 749 971 singulatim.
765 933 839 968 Quid
861 941 950 962 autem

209 978 297 1007 dicit?
313 980 438 1017 Propter
459 979 538 1017 quod
551 979 727 1016 deponentes
753 980 948 1007 mendacium.

210 1023 291 1057 Quod
307 1023 477 1051 mendacium
490 1023 503 1051 Ρ
516 1034 580 1051 num
593 1023 659 1052 dicit
678 1023 772 1052 idola?
788 1025 847 1052 Non
863 1024 896 1052 de
919 1025 952 1053 iis

213 1070 279 1099 dicit
296 1082 301 1097 t
324 1081 386 1098 nam
408 1070 465 1098 haec
489 1070 598 1108 quidem
619 1077 681 1098 sunt
702 1071 888 1108 mendacium
905 1071 951 1099 sed

209 1116 242 1144 de
256 1116 310 1144 illis
322 1126 373 1144 non
390 1126 460 1144 nunc
473 1116 578 1154 agitur5
591 1115 661 1143 nihil
672 1116 743 1144 enim
754 1116 797 1145 his
811 1127 952 1145 commune

210 1172 271 1190 cum
291 1162 364 1189 illis:
379 1160 426 1189 sed
449 1161 484 1189 de
509 1160 647 1189 mendacio
668 1160 739 1199 quod
763 1162 863 1200 profert
885 1161 952 1190 alter

209 1218 271 1236 cum
293 1208 387 1241 altero,
404 1206 475 1244 quod
495 1213 533 1235 est
551 1206 675 1235 dolosum
695 1214 720 1235 et
740 1207 951 1237 fraudulentum.

209 1256 376 1293 loquimini
391 1255 546 1282 veritatem
571 1255 771 1292 unusquisque
790 1264 856 1282 cum
879 1264 950 1292 pro-

209 1302 288 1328 :simo
309 1310 370 1328 suo.
390 1298 495 1327 Deinde
515 1298 588 1336 quod
611 1299 690 1326 etiam
712 1298 842 1337 pudorem
866 1299 951 1338 magis

211 1344 306 1372 incutit
319 1356 326 1371 ι
343 1345 487 1382 Quoniam
500 1353 597 1371 sumus
611 1345 736 1371 invicem
752 1346 891 1381 membra,
905 1355 950 1372 ne-

212 1399 255 1417 mo
277 1389 392 1428 decipiat
406 1388 573 1427 proximum.
587 1387 667 1422 Quod
678 1388 789 1426 quidem
806 1389 871 1417 dicit
884 1390 951 1428 psal-

213 1435 376 1474 mographus
385 1445 492 1462 sursum
504 1440 529 1461 et
537 1433 663 1462 deorsum
676 1434 788 1472 agitans,
796 1435 891 1462 Labia
901 1436 950 1462 do-

214 1483 277 1510 losa
296 1484 327 1509 in
341 1481 434 1516 corde,
446 1487 473 1508 et
494 1482 526 1507 in
543 1480 629 1507 corde
646 1480 781 1518 loquutus
799 1487 841 1508 est
857 1481 948 1509 mala.

211 1528 289 1557 Nihil
307 1534 346 1556 est
360 1526 441 1561 enim⁷
460 1525 528 1553 nihil
546 1532 584 1553 est
603 1525 674 1562 quod
700 1536 776 1563 aeque
793 1527 881 1565 pariat
896 1526 950 1554 ini-

211 1568 423 1611 micitias,atque
433 1571 556 1610 decipere
573 1578 598 1599 et
613 1571 712 1600 fallere.
724 1572 798 1601 Vide
816 1572 951 1610 quomodo

211 1620 248 1648 eis
266 1620 366 1657 ubique
380 1617 512 1658 pudorem
534 1616 645 1645 incutiat
662 1627 710 1656 per
725 1628 831 1656 corpus.
843 1618 883 1646 Ne
901 1619 950 1646 fal-

210 1667 261 1701 lat,
282 1667 386 1705 inquit,
403 1665 498 1694 oculus
517 1664 632 1704 pedem,
653 1675 738 1702 neque
758 1675 804 1704 pes
829 1666 946 1695 oculum.

211 1712 248 1739 L't
269 1719 342 1750 puta,
358 1711 379 1740 si
403 1710 436 1738 sit
458 1710 528 1737 fossa
549 1708 695 1748 profunda,
709 1715 733 1737 et
754 1719 834 1749 super
853 1716 949 1738 terram

210 1756 304 1796 positis
316 1754 494 1783 arundinibus
510 1761 535 1783 et
554 1761 625 1782 terra
641 1754 751 1793 opertis,
767 1754 794 1782 in
810 1755 951 1794 superficie

210 1802 325 1841 praebeat
345 1801 430 1829 oculis
455 1800 607 1839 opinionem
630 1806 707 1828 terrae
728 1799 842 1834 solidae;
863 1811 951 1829 annon

211 1854 300 1876 utetur
317 1846 395 1886 pede,
412 1853 442 1874 ut
466 1846 531 1874 sciat
547 1856 612 1873 num
632 1845 667 1873 sit
685 1845 796 1874 inferius
815 1856 931 1874 vacuum
943 1869 950 1881 ,

209 1904 242 1922 an
260 1893 411 1922 remittatur
423 1899 448 1920 et
462 1891 566 1920 resistat
577 1891 590 1919 Ξ)
601 1901 667 1919 num
681 1901 733 1919 non
748 1891 824 1919 fallat
836 1902 891 1930 pes,
904 1892 952 1920 sed

211 1939 285 1977 quod
299 1946 337 1968 cst
355 1937 509 1967 renuntiet?
520 1936 595 1972 Quid
613 1947 688 1973 vere,
705 1937 728 1964 si
746 1944 895 1976 serpentem
909 1937 951 1965 vi-

211 1985 281 2014 derit
307 1984 400 2013 oculus
410 2006 418 2019 ‚
431 1990 479 2012 aut
492 1983 588 2015 feram,
604 1992 667 2010 num
684 1982 751 2010 fallit
765 1981 885 2021 pedem?
900 1993 952 2011 non

212 2032 301 2060 statim
324 2029 544 2059 renuntiat?llle
560 2034 650 2056 autem
668 2038 730 2056 cum
747 2028 782 2056 ab
796 2038 826 2056 eo
845 2028 952 2057 didice-

213 2077 262 2113 rit,
287 2087 339 2105 non
365 2076 483 2115 amplius
509 2073 605 2114 pergit.
622 2073 696 2109 Quid
721 2080 829 2111 autem,
846 2074 953 2112 quando

214 2134 299 2162 neque
314 2123 419 2156 oculus,
441 2132 528 2159 neque
542 2131 588 2160 pes
603 2120 734 2149 invenerit
751 2120 885 2158 quomodo
899 2120 954 2149 dis-

213 2176 312 2206 cemat,
327 2168 372 2198 sed
388 2175 474 2197 totum
488 2167 522 2195 sit
538 2166 676 2200 odoratus,
692 2173 721 2194 ut
740 2173 831 2194 utrum
848 2166 882 2194 sit
905 2177 954 2195 ve-

214 2224 312 2242 nenum
325 2213 403 2242 letale
421 2222 509 2248 necne,
524 2222 588 2240 num
605 2222 635 2240 os
652 2211 722 2240 fallit
736 2211 863 2240 odoratus
873 2212 886 2239 Ξ)
899 2211 955 2240 Mi-

215 2260 294 2287 nime.
308 2259 415 2295 Quare?
429 2259 497 2286 Nam
512 2258 630 2297 seipsum
644 2267 750 2295 quoque
761 2257 850 2296 perdit
863 2257 886 2285 si
902 2257 953 2285 fal-

215 2307 253 2335 lat
271 2306 334 2334 :sed
349 2305 416 2333 dicit
435 2305 508 2342 quod
527 2305 577 2333 sibi
592 2304 718 2333 occurrit.
731 2304 805 2339 Quid
822 2315 885 2333 vero
903 2305 953 2333 lin-

962 382 999 400 103

973 411 989 430 Α

968 800 984 822 Β

970 1165 989 1189 C

214 2363 276 2390 gua,
292 2352 394 2380 fallitne
408 2350 601 2379 stomachum?
617 2361 667 2378 non
683 2361 744 2378 cum
757 2361 879 2379 amarum
895 2351 990 2389 qui-s
974 2365 990 2387 1:

215 2399 277 2427 dem
298 2398 404 2434 viderit,
419 2397 504 2436 rejicit
517 2409 523 2431 ;
535 2397 576 2425 sin
599 2404 687 2425 autem
711 2397 803 2434 dulce,
819 2398 955 2426 transmit-

216 2445 271 2473 tit?
286 2444 357 2472 Vide
379 2442 569 2475 ministerium,
585 2449 609 2470 ct
633 2442 768 2471 servitutis
793 2454 950 2472 remunera-

251 2554 258 2561 Δ
276 2545 420 2575 [viariam
430 2551 508 2574 marg,
522 2542 609 2574 sax-ih]

1291 386 1425 414 OMIMA
1445 385 1485 413 ιδ’.

1006 477 1054 505 Διὸ
1065 476 1220 514 ἀποθέμενοι
1232 476 1261 505 τὸ
1275 477 1377 515 ψεῦδος,
1390 478 1495 506 λαλεῖτε
1515 478 1639 512 ἀλήθειαν
1660 477 1770 510 ἕκαστος

1046 522 1112 560 μετὰ
1126 525 1170 551 τοῦ
1186 522 1296 556 πλησίον
1313 524 1404 558 αὐτοῦ,
1414 522 1455 551 ὅτι
1466 522 1544 560 ἐσμὲν
1557 524 1676 558 ἀλλήλων
1693 523 1769 561 μέλη.

1044 568 1209 606 Ὀργίζεσθε,
1225 568 1270 596 καὶ
1286 567 1322 605 μὴ
1341 567 1506 607 ἁμαρτάνετε
1518 580 1524 585 ·
1539 571 1553 596 6
1573 568 1646 602 ἥλιος
1660 568 1696 606 μὴ
1713 571 1768 597 ἐτι-ι-

1043 614 1126 642 δυέτω
1138 614 1182 642 ἐπὶ
1194 615 1232 652 τῷ
1243 615 1417 653 παροργισμῷ
1429 616 1500 652 ὑμῶν
1512 625 1517 631 ·
1531 613 1597 651 μηδὲ
1612 614 1678 642 δῶτε
1691 613 1769 642 τόπον

1042 661 1080 699 τῷ
1096 659 1219 698 ὃιαὸόλῳ.

1045 795 1136 825 Εἰπὼν
1155 796 1199 825 τὸν
1214 795 1326 824 παλαιὸν
1348 795 1482 834 ἄνθρωπον
1503 796 1662 832 καθολικῶς,
1679 796 1769 825 λοιπὸν

1003 843 1080 871 αὐτὸν
1100 842 1145 870 καὶ
1159 842 1305 881 ὑπογράφει
1320 842 1388 870 κατὰ
1401 842 1486 880 μέρος.
1502 841 1576 877 Αὕτη
1591 841 1642 880 γὰρ
1663 844 1772 879 εὐμαθε-

1004 888 1083 928 στέρα
1097 890 1112 922 ἡ
1134 888 1305 921 διδασκαλία,
1316 887 1377 915 ὅταν
1389 887 1434 915 καὶ
1453 886 1521 915 κατὰ
1537 887 1615 925 μέρος
1635 887 1771 924 μανθάνω-

1005 946 1061 973 μεν.
1079 934 1131 962 Καὶ
1143 934 1168 961 τί
1187 945 1250 972 φησι
1262 945 1269 968 ;
1283 933 1331 962 Διὸ
1350 933 1507 970 ἀποθέμενοι
1526 933 1556 961 τὸ
1572 934 1674 971 ψεῦδος.
1689 934 1770 961 Ποῖον

1004 980 1112 1018 ψεῦδοςς
1125 979 1168 1007 Τὰ
1180 979 1276 1006 εἴδωλα
1289 975 1339 1017 ἆρά
1352 989 1446 1016 qam-m
1458 978 1591 1016 Οὐδαμῶς
1601 989 1607 995 ·
1619 979 1712 1017 ψεῦδος
1724 978 1772 1016 μὲν

1005 1025 1056 1063 γὰρ
1073 1024 1118 1052 καὶ
1132 1026 1216 1052 ταῦτα
1228 1034 1234 1041 ·
1249 1023 1317 1052 ἀλλὰ
1328 1026 1372 1051 νῦν
1387 1024 1416 1051 οὐ
1431 1023 1491 1061 περὶ
1504 1023 1604 1051 τούτων
1615 1035 1621 1041 ·
1635 1023 1708 1052 οὐδὲν
1721 1023 1772 1063 γὰρ

1006 1072 1093 1103 αὐτοῖς
1116 1069 1201 1098 κοινὸν
1221 1068 1286 1108 πρὸς
1308 1069 1373 1098 αὐτά
1387 1081 1392 1087 ·
1418 1068 1485 1097 ἀλλὰ
1505 1069 1536 1098 τὸ
1558 1069 1622 1109 πρὸς
1645 1069 1774 1104 ἀλλήλους

1006 1116 1083 1155 φησὶ,
1106 1116 1242 1150 τουτέστι,
1264 1115 1294 1144 τὸ
1317 1115 1420 1154 δολερὸν
1446 1114 1491 1143 καὶ
1515 1114 1637 1144 ὕπουλον.
1659 1116 1773 1145 Λαλεῖτε

1007 1162 1130 1197 ἀλήθειαν
1144 1161 1252 1193 ἕκαστος
1273 1161 1340 1199 μετὰ
1353 1163 1398 1189 τοῦ
1413 1160 1524 1195 πλησίον
1543 1161 1630 1190 αὐτοῦ.
1644 1156 1711 1190 Εἶτα
1727 1162 1772 1190 καὶ

1005 1208 1035 1236 τὸ
1053 1207 1298 1246 ἕντρεπτικώτερον,
1314 1206 1376 1235 ἶΌτι
1389 1206 1467 1244 ἐσμὲν
1487 1206 1608 1241 ἀλλήλων
1623 1206 1705 1244 μέλη,
1720 1218 1772 1244 μη-

1006 1253 1057 1285 δεὶς
1072 1252 1200 1282 ἀπατάτω
1212 1252 1256 1280 τὸν
1269 1252 1380 1287 πλησίον
1394 1264 1400 1269 ·
1414 1251 1430 1281 ὅ
1443 1263 1521 1291 φησιν
1533 1254 1547 1280 6
1562 1252 1703 1291 ψαλμῳδὸς
1717 1252 1772 1280 ἄνω

1006 1298 1050 1327 καὶ
1065 1299 1138 1328 κάτω
1150 1310 1156 1316 ’
1172 1298 1254 1332 Χείλη
1278 1298 1352 1327 δόλια
1377 1299 1403 1326 ἐν
1427 1297 1534 1336 καρδίᾳ,
1557 1298 1602 1326 καὶ
1626 1300 1652 1327 ἓν
1676 1297 1772 1338 καρδίᾳ

1005 1344 1116 1379 ἐλάλησε
1130 1344 1209 1372 κακοί.
1224 1345 1264 1372 Οὐ
1279 1343 1330 1382 γὰρ
1350 1343 1419 1371 ἔστιν
1429 1365 1436 1376 ,
1452 1345 1499 1371 οὐκ
1513 1343 1583 1372 ἔστιν
1601 1343 1674 1372 οῦδὲν
1690 1343 1772 1377 οὕτως

1005 1390 1100 1429 ἔχθραν
1115 1393 1219 1424 ποιοῦν,
1234 1391 1269 1422 ὡς
1283 1390 1312 1417 τὸ
1327 1390 1451 1427 3(ιῖττοιτᾷν
1474 1389 1519 1417 καὶ
1540 1389 1770 1427 παραλογίζεσθαι.

1006 1436 1076 1474 υΟρα
1091 1438 1147 1468 πῶς
1159 1438 1294 1474 πανταχοῦ
1311 1434 1401 1467 αὐτοὺς
1422 1435 1536 1463 δυσωπεῖ
1551 1434 1594 1463 διὰ
1612 1437 1657 1463 τοῧ
1677 1434 1771 1473 σώμα-

1005 1494 1055 1514 τος.
1074 1481 1119 1516 Μὴ
1147 1480 1292 1520 ψευδέσθω,
1321 1480 1415 1519 φησὶν,
1437 1483 1451 1508 6
1466 1480 1598 1518 ὀφθαλμὸς
1621 1480 1665 1508 τὸν
1686 1480 1771 1514 πόδα,

1006 1528 1072 1566 μηδὲ
1087 1530 1100 1556 6
1121 1530 1184 1559 ποῦς
1205 1527 1248 1555 τὸν
1270 1526 1413 1565 ὀφθαλμόν.
1429 1522 1507 1561 Οἷον,
1523 1525 1566 1554 ἐὰν
1585 1525 1651 1564 βαθὺ
1669 1525 1772 1565 ὄρυγμα

1005 1571 1035 1613 ᾖ,
1050 1570 1104 1603 εἶτα
1127 1574 1223 1601 ἄνωθεν
1238 1572 1281 1601 ἐπὶ
1302 1574 1348 1606 τῆς
1369 1574 1417 1610 γῆς
1437 1571 1564 1609 καλάμων
1585 1571 1772 1610 διακειμένων,

1005 1620 1049 1648 καὶ
1061 1620 1112 1648 ὑπὸ
1122 1621 1169 1654 τῆς
1182 1621 1229 1656 γῆς
1243 1617 1464 1656 κεκαλυμμένων,
1477 1618 1503 1645 ἐν
1517 1619 1549 1655 τῇ
1560 1617 1700 1656 ἐπιφανείᾳ
1715 1628 1773 1646 στε-

1007 1670 1066 1704 ρεᾶς
1079 1667 1127 1704 γῆς
1146 1664 1250 1703 παρέχῃ
1265 1663 1338 1696 δόξαν
1353 1668 1406 1696 τοῖς
1419 1664 1573 1703 ὀφθαλμοῖς,
1588 1662 1646 1702 οὖχὶ
1659 1664 1698 1702 τῷ
1710 1662 1772 1691 ποδὶ

1005 1711 1149 1750 χρήσεται,
1162 1709 1206 1738 καὶ
1222 1710 1319 1738 εἴσεται
1333 1708 1444 1747 πότερον
1455 1710 1512 1747 εἰκῇ
1526 1708 1571 1737 καὶ
1582 1707 1700 1737 διάκενόν
1715 1708 1773 1737 ἔστι

1006 1757 1094 1792 κάτω,
1109 1755 1125 1791 ἢ
1143 1755 1284 1794 ἀντερείδει
1307 1754 1352 1783 καὶ
1377 1757 1527 1789 ἀντιτυπεῖ,
1551 1753 1587 1791 μὴ
1614 1753 1737 1792 ψεύδεται
1757 1754 1772 1781 ὃ

1005 1805 1078 1837 ποῦς,
1091 1803 1147 1830 ἀλλ’
1162 1802 1212 1840 οὐχ
1224 1800 1288 1838 ὅπερ
1303 1799 1373 1828 ἐστὶν
1389 1799 1567 1838 ἆπαγγιῧ.λει;
1580 1799 1617 1827 Τί
1627 1798 1665 1835 δὲ,
1679 1801 1701 1827 εἷ
1713 1799 1770 1837 ὄφιν

1005 1848 1056 1876 ἴδοι
1075 1849 1089 1875 ὁ
1110 1846 1254 1886 ὀφθαλμὸς,
1276 1845 1293 1880 ἢ
1316 1845 1419 1883 θηρίον,
1435 1845 1471 1882 μὴ
1489 1846 1613 1884 ψεύδεται
1627 1844 1671 1873 τὸν
1685 1844 1770 1879 πόδα;

1006 1895 1052 1922 οὐκ
1069 1893 1161 1926 εὐθέως
1173 1892 1349 1931 &minimam
1364 1893 1488 1923 Κάκεῖνος
1502 1892 1565 1930 παρ’
1576 1892 1655 1919 αὐτοῦ
1671 1889 1772 1928 μαθὼν,

1007 1939 1091 1968 οὐκετι
1116 1938 1267 1978 ἐπέρχεται.
1293 1937 1329 1966 Ἰί
1353 1937 1397 1973 δὲ,
1423 1937 1485 1966 οταν
1511 1936 1577 1974 μήτε
1593 1938 1607 1964 6
1626 1936 1771 1974 ὀφθαλμὸς,

1009 1985 1076 2023 μήτε
1088 1987 1101 2013 6
1112 1987 1175 2016 ποῦς
1187 1995 1248 2022 ευρῃ
1260 1984 1412 2020 διαγνωναι,
1426 1981 1493 2010 αλλὰ
1507 1982 1537 2010 τὸ
1549 1986 1602 2010 πᾶν
1613 1983 1660 2016 τῆς
1674 1980 1772 2020 ὀσφρή-

1007 2042 1072 2062 σεως
1087 2033 1103 2068 ᾐ
1114 2053 1122 2065 ,
1140 2032 1192 2057 οἷον
1206 2028 1315 2066 πότερον
1342 2026 1501 2065 δηλητήριον
1521 2027 1674 2066 φάρμακον,
1693 2026 1710 2060 ἢ
1727 2028 1772 2061 οὗ,

1009 2077 1045 2114 μὴ
1058 2075 1182 2114 ψευὸεται
1193 2077 1208 2108 ἡ
1221 2074 1346 2128 &cop-mic
1357 2073 1387 2101 τὸ
1402 2072 1502 2109 στόμα·
1496 2094 1504 2107 ‚
1515 2072 1655 2109 Οὗδαμως.
1670 2071 1722 2100 Διὰ
1733 2071 1772 2107 τίς

1008 2122 1061 2151 Καὶ
1076 2121 1126 2161 γὰρ
1138 2132 1183 2149 και
1198 2119 1292 2154 ἑαυτὴν
1309 2119 1542 2158 προσαπόλ·λυσιν
1558 2119 1615 2146 ἀλλ’
1627 2129 1690 2155 οπερ
1704 2117 1772 2156 αὔτῃ

1008 2168 1185 2222 παρίσταται,
1199 2165 1278 2204 λέγει.
1292 2165 1354 2193 Τί
1340 2164 1377 2199 οὲ,
1393 2166 1409 2199 ἡ
1423 2165 1531 2201 γλωσσα
1546 2163 1606 2200 μὴ
1593 2162 1717 2190 ὡευδεται
1729 2174 1772 2191 τον

1010 2213 1158 2252 στόμαχον,
1174 2223 1221 2240 ουκ
1235 2211 1295 2239 ἔνθα
1310 2209 1356 2247 μὲν
1369 2220 1460 2247 πικρον
1477 2211 1493 2247 ᾖ
1505 2231 1512 2244 ,
1535 2219 1611 2236 τουτο
1628 2207 1724 2248 ῥίπτει,
1742 2208 1773 2236 ἂν

1010 2260 1036 2288 δὲ
1049 2261 1081 2298 γλ
1077 2259 1143 2294 υκυ,
1158 2256 1344 2296 παραπέμπει,
1359 2254 1460 2292 εὈροι
1446 2253 1579 2282 οιακονίαν
1594 2265 1638 2282 και
1655 2253 1773 2285 δουλείας

1009 2305 1157 2333 ἀντίδοσιν·
1177 2302 1225 2341 ὅρα
1248 2300 1370 2340 πρόνοιαν
1392 2298 1418 2332 ἐξ
1439 2298 1562 2333 ἀληθείας
1581 2297 1772 2336 γεγενημένην,

1009 2363 1054 2379 και
1066 2349 1200 2387 εκθυιιως,
1215 2349 1249 2379 ὡς
1265 2347 1296 2375 ἄν
1318 2357 1356 2378 τις
1377 2345 1454 2373 εἴποι.
1479 2344 1557 2373 Οὕτω
1580 2344 1611 2379 δὴ
1630 2344 1675 2372 και
1697 2347 1773 2381 ἡμεῖς

1011 2395 1048 2433 μὴ
1062 2393 1234 2434 ρευοώμεθα,
1258 2393 1280 2420 εἰ
1300 2391 1421 2425 αλλήλων
1443 2390 1508 2428 μέλη
1527 2390 1614 2427 ἐσμέν.
1630 2391 1715 2418 Τουτο
1729 2401 1773 2418 οι-

1008 2441 1066 2473 λίας
1086 2438 1245 2477 τεκμήριον,
1260 2449 1290 2466 το
1306 2436 1332 2464 οὲ
1354 2435 1468 2464 ε’ναντίον
1489 2436 1593 2474 ἔχθρας.
1610 2435 1646 2464 Τί
1666 2437 1724 2469 οὖν,
1742 2446 1772 2462 αν
