1893 2860
478 160 510 182 ΙΝ
538 160 645 183 EPlST.
675 162 699 184 Ι.

121 223 176 255 πῶς
187 221 255 260 μετὰ
271 221 399 255 συνέσεως
414 222 451 261 τῷ
464 221 534 261 λόγῳ
548 221 687 261 κέχρηται.
701 222 885 257 Ἐπιστεύθην,

119 268 207 307 φησὶν,
228 266 288 306 ἐγώ.
308 268 393 297 Τοῦτο
413 269 492 297 αὐτοῦ
515 268 675 308 κατόρθωμα
697 268 743 297 καὶ
764 268 885 307 ἀξίωμα,

117 314 176 342 ἀλλ’
188 314 235 342 οὐκ
248 314 326 342 αὐτοῦ
336 313 409 343 ὅλον·
420 315 468 353 ὅρα
483 313 534 353 γὰρ
545 313 571 342 τί
583 326 659 353 φησι·
678 314 764 354 Χάριν
779 314 833 353 ἔχω
847 317 885 354 τῷ

115 358 328 396 ἐνδυναμώσαντί
345 371 376 397 με
393 360 502 399 Χριστῷ
516 359 614 395 Ἰησοῦ.
628 361 714 389 Τοῦτο
734 362 779 389 τοῦ
798 363 883 390 Θεοῦ·

116 399 173 433 εἶτα
192 404 273 433 πάλιν
287 405 317 433 τὸ
333 407 427 439 αὐτοῦ,
445 405 486 434 ὅτι
503 406 602 435 Πιστόν
620 418 653 444 με
670 406 806 445 ἡγήσατο·
819 407 885 436 πάν-

115 461 167 483 τως
188 449 280 485 ἐπειδὴ
296 450 404 489 ἔμελλεν
425 453 470 491 ἀφ’
488 453 580 480 ἑαυτοῦ
593 451 775 491 χρησιμεύειν.
793 452 883 489 Θέμε-

115 507 172 532 νος,
187 496 276 535 φησὶν,
291 499 327 530 εἷς
341 497 475 526 διακονίαν
487 497 530 526 τὸν
542 497 667 536 πρότερον
683 498 746 526 ὄντα
763 500 883 537 βλάσφη-

117 553 165 580 μον
188 542 233 570 καὶ
255 542 368 579 διώκτην
390 542 435 572 καὶ
459 543 601 583 ὑὸριστήν·
619 543 677 572 ἀλλ’
697 543 824 580 ἠλεήθην,
844 544 885 572 ὅτι

117 589 216 626 ἀγνοῶν
231 587 343 624 ἐποίησα
356 589 382 616 ἐν
395 588 514 628 ἀπιστίᾳ.
525 587 599 628 εὈριιι
611 590 666 622 πῶς
682 589 728 618 καὶ
752 589 782 618 τὸ
803 591 882 618 αὑτοῦ

115 633 219 670 τίθησι,
241 635 286 663 καὶ
302 635 332 663 τὸ
351 638 397 664 τοῦ
413 636 499 669 Θεοῦ,
522 634 552 663 τὸ
575 635 654 664 πλέον
673 634 760 674 νέμων
782 637 816 674 τῇ
839 638 884 664 τοῦ

116 680 186 708 Θεοῦ
197 680 322 719 προνοίᾳ,
337 680 366 709 τὸ
379 679 405 709 δὲ
421 682 499 709 αὑτοῦ
514 681 674 716 συστέλλων,
686 680 754 716 πλὴν
771 680 830 711 ὅσον
847 680 883 720 μὴ

116 725 297 763 λυμήνασθαι,
327 728 362 758 ὡς
387 725 466 765 ἔφθην
497 725 588 760 εἷπὼν,
610 726 675 761 ε’τὴν
703 726 882 761 αὖτεξουσίαν.

116 770 153 799 Τι’
168 770 198 799 δέ
211 772 280 807 ἐστι,
295 772 342 810 Τῷ
364 771 578 809 ἐνδυναμώσαντί
591 784 640 810 με;
655 772 763 801 Ἄκουε·
779 773 884 814 φορτίον

115 817 214 851 ὃτι-ἦλθε
230 816 313 855 μέγα,
332 817 377 845 καὶ
391 819 491 852 πολλῆς
507 819 590 846 ἐδεῖτο
605 820 651 853 τῆς
673 819 770 848 ἄνωθεν
794 821 883 859 ῥοπῆς.

114 861 255 897 Ἐννόησον
279 862 330 902 γὰρ
357 863 416 892 ὅσον
441 858 473 898 ἦν
493 864 558 902 πρὸς
578 865 757 904 καθημερινὰς
783 865 883 906 ῧὸρεις,

114 908 261 947 λοιδορίας,
285 909 439 945 ἐπιδουλὰς,
450 909 582 942 κινδύνους
592 933 600 946 ,
612 910 763 948 σκώμματα
771 934 779 947 ,
788 911 883 948 ὀνείδη,

115 953 240 988 θανάτους
251 954 390 991 ἵστασθαι,
403 955 447 984 καὶ
459 955 496 994 μὴ
509 955 672 994 ἀποκάμνειν
683 957 751 994 μηδὲ
765 957 883 986 ὀλισθαί-

115 1009 167 1027 νειν
183 999 250 1037 μηδὲ
263 1001 478 1040 περιτρέπεσθαι,
496 1001 564 1030 ἀλλὰ
578 1001 705 1030 πάντοθεν
723 1003 882 1041 βαλλόμενον

116 1043 218 1084 μυρίοις
239 1048 298 1074 καθ’
318 1047 432 1082 ἑκάστην
459 1046 562 1086 ἡμέραν
583 1052 636 1080 τοῖς
660 1048 771 1086 βέλεσιν,
796 1049 884 1082 ἀτενὲς

115 1090 210 1129 ἔχοντα
225 1091 254 1120 τὸ
265 1092 340 1130 ὄμμα
355 1092 461 1122 ἑστάναι
481 1093 526 1122 καὶ
554 1094 772 1129 ἀκατάπληκτον.
797 1096 883 1125 Τοῦτο

115 1138 161 1165 οὐκ
176 1133 207 1172 ἦν
223 1138 387 1178 ἀνθρωπίνης
401 1138 508 1178 ἰσχύος,
527 1140 586 1168 ἀλλ’
608 1139 665 1168 οὐδὲ
680 1141 726 1175 τῆς
746 1143 790 1169 τοῦ
812 1142 882 1170 Θεοῦ

115 1184 198 1221 ῥοπῆς
213 1183 300 1222 μόνον,
316 1184 383 1212 ἀλλὰ
398 1184 501 1219 καὶτῆς
514 1187 591 1214 αὐτοῦ
611 1186 798 1225 προαιρέσεως.
816 1186 882 1217 “Ori

114 1228 165 1267 γὰρ
176 1229 304 1268 προειδὼς
322 1230 398 1259 αὐτὸν
412 1229 451 1263 τίς
469 1231 558 1267 ἔσται,
573 1231 658 1260 εἵλετο
670 1232 756 1268 αὗτὸν,
771 1233 882 1263 ἄκουσον

113 1273 139 1302 τί
161 1285 238 1313 φησι,
261 1275 322 1313 πρὶν
344 1274 360 1309 ἢ
386 1276 502 1314 ἅψασθαι
525 1277 603 1305 αὐτὸν
624 1280 670 1306 τοῦ
695 1277 861 1317 κηρύγματος
875 1291 880 1296 ·

112 1320 211 1352 Σκεῦος
225 1320 336 1358 ἐκλογῆς
356 1320 401 1358 μοί
423 1323 494 1350 ἐστιν
519 1317 609 1357 οἶτος,
631 1326 677 1352 τοῦ
699 1324 830 1361 βαστάσαι
852 1325 882 1353 τὸ

111 1364 194 1403 ὄνομά
208 1377 258 1403 μου
272 1364 382 1394 ἐνώπιον
398 1367 478 1395 ἐθνῶν
493 1367 539 1396 καὶ
552 1368 693 1406 βασιλέων.
709 1368 815 1408 ’Ὠσπερ
831 1369 881 1409 γὰρ

111 1411 136 1439 οἱ
155 1411 328 1448 βαστάζοντες
344 1411 374 1440 τὸ
389 1416 498 1450 σημεῖον
512 1413 543 1442 τὸ
558 1414 694 1451 βασιλικὸν
711 1416 737 1443 ἐν
751 1414 860 1454 πολέμῳ
873 1438 880 1450 ,

111 1456 142 1486 τὸ
151 1456 292 1495 λεγόμενον
304 1459 336 1496 τῇ
354 1458 479 1498 συνηθείᾳ
490 1457 502 1474 ¹⁸
511 1459 650 1498 λάὸουρον,
666 1461 767 1495 πολλῆς
780 1461 881 1490 δέονται

111 1505 159 1539 τῆς
178 1504 267 1544 ἰσχύος
289 1505 335 1533 καὶ
349 1508 397 1540 τῆς
414 1506 567 1545 ἐμπειρίας,
588 1506 656 1536 ὥστε
671 1507 734 1536 αὐτὸ
758 1507 794 1546 μὴ
818 1520 880 1548 προ-

111 1552 201 1581 δοῦναι
224 1557 277 1585 τοῖς
297 1552 446 1591 πολεμίοις·
472 1554 541 1584 οὕτω
565 1554 610 1583 καὶ
628 1557 652 1584 οἱ
675 1554 705 1584 τὸ
727 1555 810 1594 ὄνομα
835 1559 881 1585 τοῦ

112 1598 227 1637 Χριστοῦ
241 1599 416 1637 βαστάζοντες
426 1601 473 1629 οὐκ
487 1601 513 1630 ἐν
526 1600 636 1640 πολέμῳ
650 1601 739 1640 μόνον,
755 1601 824 1631 ἀλλὰ
835 1602 880 1631 καὶ

111 1644 137 1672 ἔν
151 1644 241 1684 εἰρήνῃ
250 1667 257 1681 ,
271 1645 370 1681 πολλῆς
384 1645 485 1675 δέονται
503 1648 551 1682 τῆς
566 1647 701 1685 δυνάμεως
712 1669 719 1682 ,
734 1646 802 1676 ὥστε
825 1651 880 1680 τοῖς

109 1690 265 1730 κατηγόροις
279 1691 341 1720 αὖτὸ
355 1691 392 1730 μὴ
408 1693 528 1722 ἐκδοῦναι
540 1693 680 1731 στόμασιν,
697 1693 766 1722 ἀλλὰ
779 1694 879 1732 βαστά-

109 1736 161 1769 ζειν
173 1737 261 1769 κοιλῶς
272 1736 317 1765 καὶ
335 1737 420 1778 φέρειν
439 1738 483 1767 τὸν
498 1738 619 1778 σταυρόν.
634 1739 743 1775 Πολλῆς
762 1739 813 1778 γὰρ
834 1740 879 1769 ὅν-

108 1793 159 1814 τως
177 1783 216 1811 ὃεῖ
233 1784 280 1817 τῆς
299 1783 388 1822 ἰσχύος
401 1806 408 1819 ,
434 1783 503 1814 ὥστε
524 1784 656 1824 βαστάσαι
676 1785 707 1814 τὸ
729 1785 813 1823 ὄνομα
833 1789 878 1815 τοῦ

108 1828 233 1867 Χριστοῦ.
253 1828 288 1858 ‘O
309 1828 360 1869 γὰρ
375 1830 479 1864 ἀνάξιόν
500 1843 526 1860 τι
540 1830 558 1866 ἢ
571 1831 668 1870 λέγων,
681 1831 698 1866 ἢ
711 1831 845 1871 πράττων,
859 1832 876 1866 ἢ

108 1875 221 1913 φρονῶν,
233 1875 280 1903 οὐκ
291 1874 421 1905 {Gaio-taos
441 1875 472 1904 τὸ
491 1876 590 1915 ὄνομα,
610 1877 657 1906 οὔκ
675 1877 733 1916 ἔχει
747 1877 792 1906 τὸν
806 1878 877 1916 Χρι-

109 1919 170 1948 στὸν
183 1921 210 1948 ἐν
226 1921 321 1960 ἑαυτῷ.
336 1921 476 1959 Πομπεύει
488 1921 516 1951 δὲ
530 1924 543 1950 ὃ
565 1923 712 1961 βαστάζων,
726 1925 756 1952 οὗ
767 1924 801 1952 δι’
816 1925 877 1962 ἀγο-

112 1969 173 2004 ρᾶς,
188 1965 257 1994 ἀλλὰ
269 1966 313 1995 διὰ
323 1968 375 1995 τῶν
394 1967 522 2006 οὐρανῶν,
535 1968 581 1997 καὶ
599 1969 695 2002 πάντες
709 1970 876 2010 πεφρίκασιν,

110 2010 218 2049 ἄγγελοι
233 2011 433 2051 δορυφοροῦντες
444 2012 489 2041 καὶ
504 2014 690 2052 θαυμάζοντες.
707 2015 792 2055 Χάριν
804 2016 858 2055 ἔχω
867 2039 875 2054 ,

110 2055 190 2094 φησὶ,
204 2058 242 2096 τῷ
257 2057 470 2095 ἐνδυναμώσαντί
486 2071 519 2097 με
531 2059 640 2099 Χριστῷ
660 2059 747 2095 Ἰησοῦ
767 2062 805 2099 τῷ
822 2062 877 2090 Κυ-

111 2100 159 2141 ρίῳ
182 2103 268 2139 ἡμῶν.
290 2102 360 2142 εὈρα
379 2104 436 2136 πῶς
455 2104 500 2132 καὶ
523 2106 575 2133 τῶν
597 2107 675 2134 αὑτοῦ
701 2105 779 2146 χάριν
805 2108 876 2146 αὖτῷ

106 2141 186 2176 οἶδεν.
205 2146 271 2177 ’Ὅτι
291 2147 342 2188 γὰρ
364 2151 457 2182 σκεῦος
477 2151 587 2189 ἐκλογῆς
611 2153 682 2188 ἐστι,
702 2153 781 2191 φησὶν
805 2153 876 2192 αὐτῷ

107 2191 185 2231 χάριν
208 2193 311 2223 εἰδέναι.
334 2194 428 2224 Καίτοι
450 2198 527 2225 τοῦτο
541 2196 586 2225 σὸν
599 2197 714 2235 γέγονεν,
726 2192 748 2226 ὦ
762 2198 876 2237 μακάριε

107 2238 200 2268 Παῦλε
211 2249 218 2256 ·
229 2240 258 2268 οὗ
273 2239 323 2278 γὰρ
337 2241 568 2280 προσωπολήπτης
585 2245 598 2271 ὁ
612 2243 688 2277 (-)εο’ς.
702 2243 782 2273 Ἀλλὰ
798 2243 876 2283 χάριν

106 2283 178 2323 ἔχω,
193 2284 281 2324 φησὶν,
293 2285 332 2314 ὅτι
346 2286 494 2322 κατηξίωσέ
508 2299 542 2326 με
555 2290 602 2323 τῆς
617 2289 750 2323 διακονίας
760 2289 875 2325 ταύτης·

107 2333 184 2359 τοῦτο
205 2330 256 2370 γάρ
282 2343 316 2369 με
341 2335 386 2361 τοῦ
408 2333 502 2363 πιστὸν
530 2329 597 2363 εἶναι
620 2335 734 2374 νομίζειν
757 2339 876 2374 σημεῖον.

108 2375 236 2416 Καθάπερ
257 2376 309 2417 γὰρ
329 2378 357 2406 ἐν
378 2378 449 2420 οἰκία
467 2381 496 2409 οὖ
509 2381 547 2419 τῷ
567 2383 740 2416 πιστευθῆναι
765 2381 841 2420 μόνον
862 2385 876 2411 ὁ

144 2491 154 2502 ²
171 2483 241 2509 Unus
252 2482 339 2509 Codex
350 2483 428 2510 habet
439 2493 471 2520 τῷ
482 2489 623 2520 affingo-⁴:1¹4»-

144 2523 156 2540 ¹²
175 2525 286 2557 Λάθουρον
312 2523 411 2549 videtur
433 2533 502 2550 error
524 2534 576 2551 esse
600 2535 646 2558 pro
669 2529 775 2561 λάθαρον.
799 2526 868 2552 Alter

251 2582 321 2600 Tou.
348 2582 386 2601 ΧΙ-

729 162 774 183 AD
801 161 894 184 ‘uhtu'

1613 155 1677 191 (551

941 221 1004 250 dam
1021 232 1074 250 non
1089 222 1172 251 item?
1189 223 1264 253 Hanc
1285 225 1375 264 itaque
1389 225 1483 255 tollens
1497 226 1683 266 objectionem,

939 267 1002 296 vide
1015 277 1077 296 cum
1093 275 1192 306 quanta
1208 270 1350 308 prudentia
1365 270 1492 309 loquatur
1509 283 1515 299 :
1533 273 1683 302 Creditum

939 320 980 341 est
1003 315 1086 350 mihi,
1103 314 1200 352 inquit.
1218 316 1274 345 Hoc
1296 316 1369 345 illius
1384 327 1469 356 opus,
1491 317 1543 348 hoc
1563 318 1683 358 dignitas

938 366 995 396 est,
1010 370 1105 388 verum
1122 370 1173 389 non
1188 361 1272 400 ipsius
1285 369 1323 391 cst
1336 369 1420 391 totum
1434 375 1440 391 :
1454 363 1517 392 vide
1530 364 1600 392 enim
1615 365 1683 403 quid

938 403 1012 432 dicat
1033 416 1040 433 :
1063 405 1185 434 Gratias
1208 418 1263 446 ago
1287 410 1313 436 ei
1342 410 1394 447 qui
1419 419 1464 437 me
1486 411 1684 449 confortavit,

939 450 1056 478 Christo
1076 451 1159 479 Jesu.
1175 451 1232 480 Hoc
1247 453 1296 481 Dei
1317 459 1357 481 est
1373 465 1379 480 :
1395 453 1492 482 deinde
1510 455 1583 492 quod
1603 465 1684 485 suum

938 501 977 522 est
991 494 1085 533 ponit,
1109 497 1255 534 Quoniam
1267 498 1391 537 fidelem
1415 510 1460 527 me
1478 502 1657 529 existimavit
1673 512 1682 528 .·

938 550 1047 579 prorsus
1061 541 1124 580 quia
1139 552 1172 571 ex
1187 550 1268 571 semet
1283 544 1340 583 ipso
1355 545 1473 574 conferre
1483 546 1608 576 debebat.
1623 549 1683 576 Po-

939 597 1025 624 nens,
1044 587 1148 626 inquit,
1175 590 1207 616 in
1230 591 1405 627 ministerio,
1431 595 1482 630 qui
1503 596 1584 631 prius
1602 605 1683 623 eram

939 633 1125 672 blasphemus
1142 640 1170 662 et
1182 642 1374 673 persequutor
1395 643 1422 664 et
1437 641 1662 669 contumeliosus
1674 653 1682 668 :

938 679 990 707 sed
1021 680 1251 708 misericordiam
1277 688 1471 720 consequutus
1497 694 1562 712 sum
1575 707 1583 721 ,
1614 688 1685 724 quia

938 726 1079 764 ignorans
1086 726 1148 765 feci
1160 727 1192 754 in
1206 726 1421 756 incredulitate.
1435 728 1535 758 Viden’
1549 732 1686 768 quomodo

937 776 964 798 et
977 770 1051 808 qnod
1065 781 1144 799 suum
1156 777 1195 800 est
1207 778 1300 811 ponat,
1315 779 1340 801 et
1355 773 1427 811 quod
1440 774 1491 802 Dei
1506 781 1556 813 est,
1572 776 1634 814 plus
1646 783 1685 805 ta-

938 827 998 846 men
1011 817 1063 846 Dei
1077 817 1254 857 providentia:
1268 819 1427 857 attribuens,
1443 820 1515 858 quod
1529 831 1594 850 vero
1605 833 1686 851 suum

938 869 978 891 est
1003 862 1174 903 deprimens;
1190 864 1228 893 ita
1243 871 1341 901 tamen,
1354 872 1384 894 ut
1400 865 1470 903 dixi,
1486 873 1516 895 ut
1541 878 1593 896 uon
1609 868 1687 898 tollat

937 909 1090 938 libertatem
1111 909 1237 938 arbitrii?
1259 910 1333 945 Quid
1359 921 1423 940 vero
1445 912 1498 940 sibi
1517 913 1578 942 vult
1602 914 1686 951 illud,

942 955 999 994 Qui
1020 966 1065 984 me
1088 957 1289 996 confortavit?
1302 957 1374 985 Audi
1389 969 1396 985 :
1408 968 1475 986 onus
1489 959 1582 998 ingens
1593 960 1685 989 subie-

938 1007 992 1038 rat,
1014 1008 1040 1030 et
1059 1001 1144 1030 multa
1167 1002 1305 1041 indigebat
1326 1013 1440 1042 superna
1465 1005 1562 1043 gratia.
1590 1006 1685 1045 Cogita

938 1047 1009 1075 enim
1028 1053 1158 1086 quantum
1174 1055 1230 1076 erat
1251 1048 1380 1077 adversus
1399 1049 1571 1087 quotidianas
1591 1059 1684 1080 contu-

937 1093 1030 1121 melias
1042 1100 1123 1131 stare,
1137 1093 1268 1123 adversus
1282 1094 1405 1134 injurias,
1420 1095 1540 1133 insidias,
1552 1097 1684 1136 pericula,

936 1137 1060 1176 dicteria,
1072 1139 1184 1178 probra,
1203 1146 1320 1177 mortes;
1333 1150 1420 1178 neque
1437 1140 1561 1179 deficere,
1575 1143 1619 1171 vel
1635 1153 1683 1172 ca-

937 1183 1011 1220 dere,
1027 1185 1071 1214 vel
1086 1185 1170 1214 everti
1179 1197 1188 1223 3
1203 1185 1249 1214 sed
1267 1186 1388 1223 quotidie
1401 1186 1550 1217 innumeris
1569 1189 1682 1228 impeti-

936 1236 995 1258 turn
1010 1230 1130 1269 undique
1150 1231 1219 1268 telis,
1241 1231 1384 1261 obfirmato
1408 1233 1490 1262 vultu
1512 1234 1681 1273 imperterri-

937 1282 994 1304 tum
1009 1276 1160 1305 consistere.
1175 1276 1206 1305 Id
1222 1287 1273 1305 non
1286 1277 1467 1307 humanarum
1481 1279 1584 1309 virium
1602 1288 1658 1310 erat
1670 1294 1678 1319 ς

937 1321 983 1349 sed
1001 1332 1086 1360 neque
1101 1323 1151 1351 Dei
1166 1323 1258 1361 gratioe
1278 1330 1393 1360 tantum,
1409 1325 1456 1354 sed
1474 1326 1531 1364 ejus
1545 1326 1626 1356 etiam
1645 1327 1682 1356 li-

936 1367 995 1396 beri
1019 1369 1138 1397 arbitrii.
1153 1369 1233 1404 Quod
1254 1377 1343 1399 autem
1358 1371 1443 1408 Deus,
1464 1383 1526 1400 cum
1546 1373 1681 1412 praesciret

937 1413 1024 1450 qualis
1043 1414 1151 1443 futurus
1170 1423 1249 1449 esset,
1273 1415 1363 1455 ipsum
1383 1417 1504 1455 elegerit,
1526 1419 1590 1447 audi
1613 1420 1680 1458 quid

935 1457 1019 1497 dicat,
1045 1467 1187 1499 antequam
1211 1461 1258 1489 ille
1279 1461 1428 1500 praedicare
1447 1463 1569 1502 coep'isset

936 1506 1085 1537 electionis
1099 1515 1141 1537 est
1153 1509 1226 1537 mihi
1238 1510 1296 1546 hic,
1312 1516 1343 1538 ut
1352 1516 1447 1548 portet
1462 1521 1569 1540 nomen
1583 1523 1678 1542 meum

934 1563 1033 1583 coram
1044 1556 1177 1594 gentibus
1188 1562 1215 1583 et
1225 1557 1348 1595 regibus.
1357 1556 1597 1592 Quemadmodum
1607 1559 1679 1588 enim

934 1599 954 1627 ii
965 1600 1012 1638 qui
1024 1601 1130 1639 regium
1144 1601 1288 1636 vexillum,
1305 1602 1377 1640 quod
1395 1602 1520 1631 labarum
1534 1605 1625 1633 vocari
1636 1615 1680 1634 so-

933 1644 982 1682 let,
1000 1653 1114 1684 gestant,
1130 1647 1214 1675 multa
1227 1658 1294 1687 opus
1308 1648 1407 1676 habent
1421 1648 1581 1678 fortitudine
1595 1657 1621 1679 et
1632 1661 1679 1690 pe—

932 1691 1006 1730 ritia,
1029 1699 1060 1720 ut
1079 1703 1112 1721 ne
1133 1693 1160 1721 in
1178 1693 1297 1722 hostium
1317 1704 1413 1722 manus
1434 1693 1542 1723 tradant
1554 1707 1560 1723 :
1573 1695 1612 1724 sic
1630 1697 1678 1735 qui

932 1748 1028 1768 nomen
1043 1739 1146 1768 Christi
1160 1740 1259 1778 serunt,
1284 1751 1337 1769 non
1355 1740 1382 1769 in
1402 1741 1474 1770 bello
1494 1748 1614 1780 tantum,
1631 1743 1676 1772 sed

932 1784 1012 1814 etiam
1031 1785 1059 1814 in
1074 1796 1149 1825 pace,
1164 1786 1250 1815 multa
1265 1797 1333 1826 opus
1355 1787 1455 1816 habent
1469 1788 1578 1826 virtute,
1596 1797 1625 1818 ut
1644 1800 1677 1818 nc

933 1832 1082 1860 maledictis
1098 1832 1197 1871 linguis
1218 1833 1288 1861 illud
1308 1833 1431 1871 tradant,
1447 1833 1494 1862 sed
1508 1841 1614 1863 strenue
1628 1846 1676 1873 ge-

932 1886 1002 1908 stent
1023 1886 1048 1908 et
1071 1889 1178 1908 crucem
1201 1879 1296 1908 ferant.
1320 1880 1409 1908 Multa
1426 1881 1499 1909 enim
1519 1881 1677 1911 fortitudine

933 1935 1000 1964 opus
1020 1931 1059 1954 est
1082 1924 1117 1953 ad
1134 1935 1229 1953 nomen
1247 1925 1348 1954 Christi
1371 1925 1521 1956 serendum.
1536 1928 1605 1956 Nam
1628 1929 1674 1967 qui

934 1969 1074 2009 indiguum
1090 1970 1159 2009 quid
1170 1970 1214 1999 vel
1225 1970 1302 2008 dicit,
1317 1970 1361 1999 vel
1374 1971 1449 2009 facit,
1465 1972 1508 2000 vel
1524 1973 1614 2010 sentit,
1627 1985 1674 2003 no-

933 2027 993 2045 men
1008 2015 1078 2044 illud
1090 2025 1142 2044 non
1155 2016 1213 2052 sert,
1226 2026 1277 2044 nou
1293 2016 1373 2045 habet
1386 2016 1524 2046 Christum
1537 2018 1565 2046 in
1577 2019 1674 2059 seipso.

933 2063 1002 2091 Cum
1017 2071 1115 2101 pompa
1128 2061 1250 2101 graditur
1260 2061 1307 2100 qui
1321 2072 1416 2091 nomen
1429 2062 1497 2090 illud
1509 2063 1569 2098 sert,
1582 2074 1633 2093 uon
1645 2065 1673 2094 in

931 2109 989 2137 soro
997 2130 1007 2143 ,
1023 2107 1070 2136 sed
1083 2108 1110 2136 in
1123 2107 1210 2145 caelis;
1222 2118 1366 2147 omnesque
1378 2108 1498 2143 horrent,
1519 2110 1607 2148 angeli
1623 2111 1674 2140 sti-

930 2161 1024 2194 pantes
1038 2153 1181 2182 mirantur.
1198 2153 1320 2183 Gratias
1330 2164 1395 2193 age,
1408 2155 1506 2193 inquit,
1518 2157 1553 2192 ei,
1566 2160 1616 2194 qui
1627 2167 1674 2186 me

886 2227 922 2246 ‘53
931 2201 1122 2240 confortavit,
1136 2201 1264 2228 Domino
1278 2206 1376 2229 nostro
1389 2201 1461 2229 Jesu
1477 2201 1601 2230 Christo.
1616 2202 1672 2233 Vi—

886 2234 915 2283 „A
932 2246 966 2276 de
981 2246 1115 2285 quomodo
1126 2255 1218 2274 eorum
1231 2246 1311 2275 etiam
1322 2257 1381 2285 quae
1392 2245 1427 2274 ad
1438 2246 1527 2285 ipsum
1540 2247 1673 2286 pertinent

932 2293 983 2333 ipsi
996 2292 1096 2332 gratias
1109 2299 1180 2331 agat.
1192 2292 1263 2327 Quia
1277 2292 1349 2321 enim
1360 2303 1409 2322 vas
1420 2292 1558 2322 electionis
1568 2300 1616 2332 est,
1628 2294 1672 2323 di-

932 2338 968 2366 cit
981 2347 1009 2366 se
1019 2337 1060 2365 illi
1076 2337 1189 2376 gratiam
1210 2336 1316 2365 habere.
1331 2336 1412 2375 Atqui
1430 2336 1481 2365 hoc
1501 2344 1578 2366 tuum
1591 2345 1640 2375 est,
1655 2349 1672 2367 o

932 2381 1009 2410 beate
1019 2380 1120 2418 Paule;
1132 2390 1218 2419 neque
1231 2379 1304 2409 enim
1314 2390 1488 2420 personarum
1499 2387 1623 2421 acceptor
1633 2390 1673 2411 est

894 161 944 183 ΓΗ.
974 161 1052 183 CAP.
1083 162 1105 184 Ι.
1135 161 1250 185 HOMlL.
1280 164 1328 186 m.

902 599 921 621 C

902 1058 920 1080 D

899 1517 917 1539 E

917 2487 1003 2513 Codex
1017 2490 1125 2522 λάέουρον
1136 2487 1145 2519 [
1157 2486 1210 2521 sic]
1223 2486 1300 2512 habet
1312 2496 1319 2519 ς
1331 2487 1357 2512 in
1369 2486 1449 2514 altero
1460 2487 1523 2519 hoec,
1539 2492 1566 2515 τὸ
1579 2491 1675 2521 hyopa-

918 2538 953 2553 νον
966 2533 994 2560 τῇ
1004 2531 1105 2560 συνηθείᾳ
1119 2529 1234 2562 λάὸουρον,
1245 2525 1345 2551 desunt.

1519 2575 1556 2602 »¹05

1591 1476 1598 1492 ε
1621 1467 1680 1495 Vas
1691 1471 1770 1498 Ari9
1793 1470 1832 1493 15.
