1893 2860
76 860 94 872 t.
107 853 160 874 snr-
178 861 211 876 ΙΙ.

72 884 108 905 30v

69 996 149 1016 Contra
173 1005 210 1018 eos

68 1028 105 1054 qui
119 1028 186 1048 semel

67 1062 150 1077 tantum
165 1059 186 1079 in

68 1096 124 1108 auno
136 1089 162 1108 ad

67 1121 208 1140 communio-

68 1157 116 1169 ΠΡΠ]
135 1158 197 1172 acce-

67 1180 156 1201 debant-

67 2037 86 2050 2.
99 2030 152 2052 Car.
170 2037 206 2053 11.

68 2061 105 2082 245.

569 150 583 166 ς

232 138 320 173 <556⁶
569 164 598 171 ..

233 210 302 238 enim
319 217 375 249 post
388 209 534 237 buccellam
545 208 688 237 inu-avitin
701 209 778 237 illum
786 216 898 238 satanas.
912 210 972 239 Dici

232 261 318 294 potest
333 255 411 283 etiam
432 253 506 291 quod
523 253 581 290 illi,
595 264 662 291 quos
682 254 813 293 corrigere
827 255 971 292 volebant,

232 311 283 329 non
310 300 361 338 ipsi
381 299 546 337 castigabant
562 310 569 334 ;
584 299 644 327 illos
665 306 752 328 autem
772 300 818 339 qui
837 300 973 330 emendari

232 356 283 373 nou
299 350 419 383 poterant
433 366 440 379 ,
455 344 587 383 supplicio
602 344 755 375 afficiebant
771 358 777 373 :
794 346 837 375 vel
851 346 902 375 nisi
923 346 974 375 hoc

231 397 279 426 est,
290 389 361 428 quod
376 389 456 418 etiam
472 390 646 418 terribiliores
658 398 731 419 erant
745 414 752 427 ‚
767 402 828 420 cum
845 392 905 420 aliis
920 399 974 421 tra-

230 435 321 464 derent
337 434 493 474 puniendos.
505 435 551 463 Sic
565 442 590 464 ct
604 436 655 465 Job
667 436 781 465 traditus
801 444 839 466 cst
856 444 970 475 satanae;
990 437 1008 459 Β

231 491 323 509 rerum
336 480 382 509 ille
398 490 449 508 non
474 487 643 519 peccatorum
659 492 735 511 causa
744 505 753 518 ,
770 482 815 511 sed
828 489 856 512 ut
875 483 974 513 clarior

229 526 361 554 evaderet.

268 574 295 601 5.
307 573 395 602 Multa
410 583 481 602 nunc
496 584 602 612 quoque
617 574 713 603 similia
722 575 799 604 sumt.
815 576 884 611 Quia
900 577 970 606 enim

228 616 376 646 sacerdotes
389 628 441 646 non
456 628 546 646 omnes
560 625 711 657 peccatores
732 626 847 657 norunt,
862 630 910 648 nec
926 631 971 650 eos

227 663 273 700 qui
293 663 404 702 indigne
421 663 548 702 mysteria
573 663 739 703 percipiunt,
753 666 826 695 Deus
837 677 906 705 saepe
920 667 970 695 hoc

226 710 304 746 facit,
317 717 341 738 et
353 721 400 739 nos
416 718 513 739 satanae
526 711 616 740 tradit.
639 711 753 746 Quando
773 713 844 741 enim
864 714 967 751 morbi,

225 756 332 793 quando
363 756 468 784 insidiae
482 778 491 793 ,
514 756 621 794 quando
645 757 733 785 luctus
758 764 783 786 et
805 758 967 787 calamitates

225 803 399 841 contingunt,
417 802 525 840 quando
536 802 644 838 similia,
657 803 714 842 ejus
734 803 771 831 rei
783 814 861 832 causa
883 805 964 833 fiunt.

224 847 280 876 Hoc
304 859 409 886 quoque
434 848 534 876 Paulus
554 847 688 884 declarat,
707 848 743 876 ita
765 849 856 878 dicens
873 861 878 877 :
895 851 967 879 Ideo

223 895 300 922 inter
314 904 367 922 vos
391 894 477 921 multi
495 893 604 932 infirmi
628 900 655 922 et
671 895 841 931 imbecilles,
857 902 884 924 et
899 897 966 925 dor-

223 940 317 966 miunt
331 939 425 967 multi.
440 938 476 966 Et
488 938 634 975 quomodo⁷
647 938 761 976 inquies,
775 950 836 968 cum
856 940 882 968 in
897 951 966 970 anno

222 984 302 1012 semel
314 983 492 1012 accedamus?
508 983 565 1012 Hoc
579 984 649 1011 enim
663 994 745 1022 grave
754 992 810 1021 est,
824 986 896 1023 quod
913 997 965 1016 non
983 988 1001 1011 C

221 1030 355 1058 munditia
369 1029 463 1058 animae
476 1051 484 1064 ‚
496 1029 543 1057 sed
558 1029 700 1058 intervallo
709 1031 837 1070 temporis
848 1031 966 1070 dignita-

221 1082 273 1104 tem
289 1086 409 1104 accessus
422 1075 542 1112 metiare,
554 1082 579 1103 et
593 1075 644 1104 hoc
653 1075 780 1114 pietatem
798 1087 853 1106 esse
874 1079 968 1107 existi-

220 1132 274 1150 mes
288 1144 296 1158 ,
312 1121 386 1159 quod
401 1131 453 1149 non
473 1121 570 1159 saepius
585 1121 694 1150 accedas
710 1133 716 1149 :
735 1122 878 1160 ignorans,
893 1124 965 1161 quod

220 1168 330 1205 indigne
346 1167 472 1196 accedere
485 1189 492 1203 ⁷
508 1167 557 1195 etsi
570 1167 651 1195 semel
665 1174 770 1196 tantum
780 1190 789 1205 ,
809 1176 900 1198 notam
922 1170 965 1198 in-

218 1220 294 1250 urat3
311 1212 392 1251 digne
406 1219 494 1240 autem
509 1211 644 1249 accedere,
664 1213 711 1241 etsi
726 1213 838 1252 saepius,
852 1215 963 1244 salutem

220 1259 316 1298 pariat.
330 1260 390 1287 Non
402 1265 441 1286 est
460 1258 579 1286 audaciae
594 1258 691 1297 saepius
702 1259 842 1297 accedere,
859 1261 905 1289 sed
917 1261 962 1289 in-

217 1305 307 1344 digne,
323 1304 427 1333 etiamsi
445 1304 526 1333 semel
540 1311 645 1333 tantum
660 1305 687 1332 in
710 1315 780 1333 anno
804 1306 865 1343 quis
889 1317 963 1336 acce-

218 1350 275 1379 dat.
293 1351 348 1379 Nos
360 1357 448 1378 autem
464 1350 499 1378 ita
514 1349 604 1378 stolidi
618 1357 642 1378 et
656 1350 747 1378 miseri
760 1361 862 1387 sumus,
877 1359 906 1380 ut
923 1352 961 1381 in—

216 1404 324 1422 numera
352 1404 399 1433 per
417 1402 519 1421 annum
542 1393 640 1421 scelera
659 1401 841 1433 perpetrantes
856 1417 866 1432 ,
887 1396 962 1424 nullo

217 1439 296 1468 modo
316 1450 439 1468 curemus
460 1439 507 1467 illa
519 1438 651 1478 deponere
668 1450 676 1476 3
691 1439 865 1478 sufficereque
881 1448 962 1480 puta-

216 1496 276 1513 mus
290 1485 362 1523 quod
374 1495 427 1513 non
443 1495 511 1523 saepe
534 1484 680 1513 audeamus
697 1485 723 1513 in
747 1495 845 1524 corpus
860 1486 961 1515 Christi

217 1530 405 1559 contumeliose
432 1530 535 1558 insilire
560 1542 566 1558 ε
593 1540 645 1558 non
675 1530 822 1568 cogitantes
843 1542 887 1560 eos
914 1532 960 1570 qui

218 1576 356 1604 Christum
379 1575 589 1611 crucifixerunt,
611 1575 693 1603 semel
716 1582 821 1604 tantum
847 1577 960 1605 crucifi-

217 1620 298 1647 xisse.
312 1620 352 1647 An
365 1628 439 1657 ergo,
454 1618 516 1656 quia
531 1618 611 1646 semel
626 1625 740 1655 tantum,
752 1619 840 1649 minus
852 1627 891 1649 est
903 1631 960 1649 sce-

216 1666 260 1694 lus
273 1666 286 1694 ‘2³
309 1665 394 1695 Judas
416 1665 496 1693 semel
517 1665 639 1704 prodidit
654 1677 660 1693 z
675 1666 741 1704 quid
754 1667 842 1705 ergo?
861 1678 894 1696 an
911 1668 960 1697 hoc

217 1711 295 1740 illum
309 1721 324 1739 a
337 1710 470 1750 supplicio
481 1711 603 1749 eripuit?
618 1713 672 1740 Cur
686 1712 755 1740 hanc
772 1723 828 1741 rem
843 1720 961 1753 tempore

216 1758 342 1786 metimur
354 1757 367 1785 .³
382 1764 485 1796 tempus
498 1756 641 1787 accedendi
653 1757 687 1786 sit
698 1758 774 1786 nobis
783 1759 886 1797 puritas
898 1771 961 1789 cen-

217 1801 340 1830 scientiae.
356 1801 433 1829 Nihil
446 1801 506 1839 plus
522 1800 603 1829 habet
619 1802 777 1840 mysterium
789 1803 816 1831 in
831 1804 960 1833 Paschate

216 1846 396 1881 celebratum,
414 1856 444 1873 eo
467 1845 539 1883 quod
554 1856 624 1874 nunc
640 1846 790 1876 celebratur
808 1859 814 1875 :
830 1859 914 1878 unum
934 1856 959 1878 et

217 1892 287 1920 idem
301 1899 351 1928 est,
366 1891 459 1920 eadem
473 1892 591 1931 Spiritus
609 1892 695 1931 gratia
711 1905 717 1921 :
735 1904 839 1933 semper
857 1895 956 1924 Pascha

216 1944 263 1966 cst.
278 1937 350 1965 Illud
361 1936 442 1965 nostis
463 1937 510 1975 qui
522 1937 620 1965 initiati
636 1938 706 1968 estis.
725 1939 759 1967 Et
771 1939 798 1968 in
814 1941 958 1970 parasceve

218 1990 245 2012 et
262 1983 289 2011 in
303 1983 421 2011 Sabbato
436 1989 460 2011 et
474 1983 500 2011 in
515 1982 559 2011 die
571 1983 714 2012 Dominico
734 1991 760 2013 et
781 1985 810 2014 in
828 1985 872 2014 die
886 1987 957 2015 Mar-

218 2035 309 2068 tyrum
323 2028 396 2057 idem
411 2028 573 2057 sacrificium
587 2037 787 2069 consummatur
801 2041 808 2058 z
826 2032 956 2069 Quoties-

218 2085 340 2114 cumque
363 2076 440 2103 enim
464 2075 680 2104 manducabitis
692 2086 798 2114 panem
810 2078 899 2113 hunc,
915 2078 957 2106 in-

217 2119 289 2156 quit,
306 2124 333 2147 et
347 2119 470 2147 calicem
485 2120 587 2147 bibetis
598 2141 608 2153 ‚
632 2126 754 2148 mortem
768 2121 893 2149 Domini
903 2131 958 2150 an-

217 2164 398 2191 nuntiabitis.
421 2164 481 2191 Non
504 2163 632 2202 temporis
656 2163 768 2193 termino
793 2165 957 2194 sacrificium

216 2206 433 2245 circumscripsit.
463 2207 519 2235 Cur
539 2217 602 2245 ergo
614 2229 621 2243 ,
634 2207 738 2245 inquies
748 2231 757 2246 ‚
771 2215 835 2238 tunc
854 2210 958 2238 Pascha

215 2251 336 2281 dicitur?
353 2253 424 2288 Quia
438 2259 501 2281 tnnc
515 2264 608 2292 passus
622 2261 659 2282 est
669 2254 792 2284 Christus
803 2265 852 2294 pro
864 2256 953 2285 nobis.

215 2298 300 2326 Nemo
321 2298 404 2337 igitur
423 2306 486 2327 tunc
509 2299 585 2327 aliter
605 2299 712 2329 accedat
726 2323 733 2337 ,
758 2301 836 2330 aliter
862 2312 954 2331 nunc:

216 2353 268 2371 una
280 2344 364 2373 virtus
375 2351 424 2381 est,
439 2355 491 2373 una
504 2345 621 2384 dignitas
631 2368 638 2381 ,
654 2357 705 2375 una
720 2347 803 2386 gratia
812 2370 820 2384 ‚
832 2358 915 2378 unum
929 2355 954 2378 et
975 2352 991 2374 F

216 2388 334 2427 idipsum
354 2400 467 2428 corpus:
483 2401 536 2419 non
555 2390 625 2420 illud
641 2391 691 2420 isto
711 2393 843 2428 sanctius,
868 2404 954 2432 neque

216 2433 287 2461 istud
303 2433 348 2461 illo
363 2434 450 2463 m'inus
465 2442 513 2464 est.
528 2435 563 2464 Et
578 2436 628 2465 hoc
640 2447 688 2466 vos
699 2438 772 2466 scitis
783 2450 789 2466 z
800 2438 869 2468 nihil
883 2449 951 2469 nova

215 2478 312 2506 videtis
326 2486 421 2517 praeter
436 2481 571 2510 saecularia
585 2482 634 2511 ista
649 2483 723 2519 vela,
741 2490 766 2512 et
780 2484 950 2523 splendidum
959 2505 994 2523 573

213 2531 320 2553 cti-tum.
337 2524 440 2553 liabent
460 2532 544 2555 tamen
563 2527 666 2565 aliquid
685 2530 802 2569 amplius
823 2531 879 2559 dics
892 2531 944 2569 illi,
968 2535 987 2557 Α

624 150 763 172 summis
789 150 850 171 cmi
857 150 872 170 Y
879 150 969 172 SOST.

999 148 1017 170 A
1025 149 1140 172 Retulit)
1148 164 1154 172 .
1183 150 1245 174 CON
1251 151 1436 176 STAN'rtNOP
1443 168 1450 175 ·

1026 209 1066 238 ὅτι
1089 210 1131 242 οὓς
1147 210 1194 248 μὲν
1216 212 1406 251 διορθώσασθαι
1427 213 1579 251 ἐδούλοντο,
1600 217 1646 244 οὐκ
1669 216 1791 250 {nomem

1027 255 1099 284 αὐτοί
1113 267 1118 272 ·
1131 255 1190 288 τοὺς
1201 256 1228 285 δὲ
1244 258 1414 296 ἀδιορθώτους
1435 260 1507 289 αὐτοὶ
1523 261 1716 299 ἐτιμι-)ροῧντο·
1735 261 1752 296 ἢ
1768 264 1792 291 εἰ

1028 299 1064 335 μὴ
1086 301 1177 334 τοῦτο,
1192 299 1232 328 ὅτι
1246 300 1421 341 φοὸερώτεροι
1443 304 1541 340 μᾶλλον
1556 301 1621 339 ἦσαν
1638 305 1735 344 ἑτέροις
1748 307 1793 334 ἐκ·

1028 343 1140 377 διδόντες
1155 345 1256 377 αὐτούς.
1271 345 1350 374 Οὕτω
1362 347 1407 375 καὶ
1421 350 1434 375 ὁ
1453 348 1515 377 ’1ὼὸ
1528 350 1659 389 παρεδόθη
1678 353 1716 390 τῷ
1739 363 1792 380 σα·

1027 395 1107 429 τανᾷ·
1118 391 1175 418 ἀλλ’
1188 391 1283 423 ἐκεῖνος
1294 393 1342 430 οὐχ
1351 392 1416 432 ὑπὲρ
1427 393 1642 433 ἁμαρτημάτων,
1656 397 1713 425 ἀλλ’
1725 396 1792 435 ὑπὲρ

1028 435 1144 468 πλείονος
1159 436 1362 474 εὖδοκιμήσεως.

1066 570 1159 600 Πολλὰ
1168 573 1277 600 τοιαῦτα
1284 571 1383 610 γίνεται
1391 573 1436 601 καὶ
1444 573 1614 609 νῦν.Ἐπειδὴ
1624 575 1674 614 γὰρ
1682 577 1704 604 οἷ
1714 578 1791 616 ἱερεῖς

1025 617 1053 645 οὗ
1062 617 1160 649 πάντας
1171 617 1244 646 ἴσασι
1257 617 1314 650 τοὺς
1324 618 1495 656 ἁμαρτωλοὺς
1505 619 1549 647 καὶ
1561 619 1670 654 ἀναξίως
1680 622 1731 649 τῶν
1742 633 1791 659 μυ-

1024 662 1139 700 στηρίων
1151 662 1318 701 μετέχοντας,
1330 665 1343 691 ὁ
1353 663 1420 695 Θεὸς
1430 664 1559 696 πολλάκις
1569 668 1645 694 τοῦτο
1656 671 1735 702 ποιεῖ,
1745 667 1790 695 καὶ

1023 708 1201 746 παραδίδωσιν
1213 707 1306 740 αὐτοὺς
1317 710 1354 747 τῷ
1366 714 1476 748 σατανᾷ.
1485 709 1570 738 ζὈταν
1579 710 1630 749 γὰρ
1639 710 1718 746 νόσοι,
1727 711 1788 740 ὅταν

1022 753 1176 789 ἐπιδουλαὶ,
1194 753 1256 782 ὅταν
1273 753 1354 789 πένθη
1379 754 1423 783 καὶ
1440 755 1570 794 συμφοραὶ
1595 756 1791 794 συμὸαίνωσιν,

1021 797 1083 826 ὅταν
1099 798 1166 826 ἄλλα
1177 798 1235 826 τινὰ
1247 801 1363 834 τοιαῦτα,
1377 799 1420 828 διὰ
1433 802 1508 829 τοῦτο
1520 800 1631 838 γίνεται.
1647 801 1699 830 Καὶ
1713 805 1790 831 τοῦτο

1022 846 1034 871 ὁ
1046 843 1152 876 Παῦλος
1165 844 1249 880 δηλοῖ,
1262 843 1331 872 οὕτω
1342 845 1426 883 λέγων
1437 856 1442 862 ·
1457 845 1508 873 Διὰ
1522 849 1599 875 τοῦτο
1611 848 1636 875 ἐν
1650 848 1710 884 ὑμῖν
1721 848 1788 876 πολ-

1021 889 1061 916 λοὶ
1076 891 1190 922 ἀσθενεῖς
1201 889 1245 918 καὶ
1256 890 1399 928 ἄρρωστοι,
1411 890 1455 918 καὶ
1468 893 1614 929 κοιμῶνται
1625 892 1719 921 ἱκανοί.
1734 892 1789 921 Καὶ

1022 936 1088 970 πῶς,
1105 934 1196 972 φησὶν,
1213 935 1273 963 ὅταν
1290 935 1360 967 ἅπαξ
1376 935 1408 963 δι’
1423 936 1541 965 ἐνιαυτοῦ
1561 937 1787 976 προσερχώμεθα;

1021 979 1106 1008 Τοῦτο
1119 979 1171 1018 γὰρ
1195 980 1224 1008 τὸ
1246 980 1342 1015 δεινὸν,
1363 979 1403 1008 ὅτι
1419 981 1447 1008 οὐ
1471 981 1633 1019 καθαρότητι
1656 982 1786 1018 διανοίας,

1021 1024 1088 1053 ἀλλὰ
1097 1025 1256 1063 διαστήματι
1267 1026 1360 1064 χρόνου
1367 1025 1414 1061 τὴν
1423 1025 1496 1059 ἀξίαν
1506 1028 1626 1067 διορίζεις
1634 1029 1681 1062 τῆς
1691 1027 1786 1067 προσό-

1021 1071 1064 1100 δου
1073 1093 1080 1107 ,
1103 1072 1148 1100 καὶ
1161 1075 1236 1100 τοῦτο
1252 1072 1388 1101 εὐλάὸειαν
1404 1068 1470 1101 εἶναι
1486 1074 1614 1111 νομίζεις,
1627 1074 1657 1103 τὸ
1670 1073 1707 1112 μὴ
1721 1075 1785 1103 πολ-

1020 1117 1096 1149 λάκις
1117 1119 1284 1156 προσελθεῖν,
1298 1120 1345 1147 οὐκ
1360 1117 1434 1150 ὲῖδὼς
1449 1118 1490 1147 ὅτι
1503 1119 1533 1148 τὸ
1548 1119 1658 1153 ἀναξίως
1672 1121 1786 1158 προσελ-

1021 1165 1071 1191 θεῖν
1080 1185 1087 1198 ,
1102 1163 1149 1191 κᾶν
1165 1163 1234 1197 ἅπαξ
1245 1163 1366 1202 γένηται,
1381 1163 1538 1201 ε’κηλίδωσε,
1549 1164 1578 1193 τὸ
1592 1164 1619 1193 δὲ
1631 1164 1721 1201 ἀξίως,
1736 1165 1785 1195 κᾶν

1019 1209 1156 1244 πολλάκις,
1167 1208 1273 1238 ἔσωσεν.
1285 1210 1344 1238 Οὔκ
1358 1209 1415 1238 ἔστι
1425 1209 1511 1247 τόλμα
1523 1210 1553 1238 τὸ
1563 1210 1692 1243 πολλάκις
1704 1222 1786 1249 προσ-

1021 1254 1085 1283 ιε’ναι
1095 1277 1102 1290 ,
1124 1255 1191 1283 ἀλλὰ
1210 1254 1240 1283 τὸ
1262 1255 1385 1292 ἀναξίως,
1406 1256 1453 1284 κᾶν
1476 1255 1545 1289 ἅπαξ
1568 1267 1606 1288 τις
1628 1259 1673 1285 τοῦ
1687 1256 1786 1289 παντὸς

1018 1300 1111 1339 χρόνου
1126 1301 1269 1340 προσέλθῃ.
1285 1300 1380 1339 ‘Hy-sic
1403 1301 1429 1330 δὲ
1444 1301 1524 1334 οὕτως
1544 1301 1660 1336 ἀνοήτως
1682 1301 1786 1330 διακεί-

1018 1348 1084 1382 μεθα
1105 1346 1150 1374 καὶ
1169 1346 1279 1382 ἀθλίως,
1297 1347 1337 1375 ὅτι
1358 1346 1440 1385 μυρία
1460 1346 1602 1379 διαπαντὸς
1615 1346 1785 1386 ἐργαζόμενοι

1016 1393 1061 1419 τοῧ
1077 1392 1195 1420 ἐνιαυτοῦ
1210 1391 1296 1428 κακὰ,
1309 1394 1354 1420 τοῦ
1373 1392 1419 1429 μὲν
1434 1391 1618 1420 ἀποδύσασθαι
1638 1393 1725 1420 ἐκεῖνα
1740 1393 1785 1421 οὖ-

1017 1436 1109 1474 δεμίαν
1128 1436 1273 1474 ποιούμεθα
1289 1436 1411 1475 φροντίδα
1422 1459 1429 1471 ,
1451 1436 1590 1475 νομίζομεν
1606 1436 1633 1466 δὲ
1652 1439 1740 1477 ἀρκεῖν
1755 1438 1784 1466 τὸ

1017 1481 1053 1519 μὴ
1069 1483 1184 1521 συνεχῶς
1196 1483 1365 1520 κατατολμᾷν
1376 1482 1421 1510 καὶ
1433 1483 1564 1521 ἐπιπηὸᾷν
1576 1483 1735 1521 §Epic-:mag
1745 1486 1784 1523 τῷ

1016 1526 1120 1564 σώματι
1135 1529 1179 1555 τοῦ
1198 1528 1326 1566 Χριστοῦ,
1343 1528 1390 1556 οὐκ
1406 1528 1550 1561 ἐννοοῦντες
1570 1527 1611 1557 ὅτι
1624 1528 1669 1556 καὶ
1693 1530 1717 1558 οἱ
1738 1529 1783 1558 τὸν

1016 1572 1129 1611 Χριστὸν
1150 1573 1350 1612 σταυρώσαντες
1371 1572 1441 1605 ἅπαξ
1455 1573 1635 1612 ἐσταύρωσαν.
1651 1569 1709 1614 Ἆρ’
1722 1571 1765 1603 οὖν
1775 1597 1782 1610 ,

1016 1618 1105 1653 ἐπειδὴ
1118 1618 1196 1652 ἅπαξ,
1207 1618 1314 1647 ἔλαττον
1329 1618 1359 1646 τὸ
1371 1619 1536 1657 ἁμάρτημα;
1549 1619 1601 1648 Καὶ
1614 1622 1627 1649 ὁ
1641 1620 1741 1653 Ἰούδας
1755 1621 1782 1650 δὲ

1016 1664 1084 1697 ἅπαξ
1099 1664 1231 1705 προέδωκε
1243 1676 1247 1682 ·
1264 1664 1289 1692 τί
1303 1660 1345 1693 οἶν
1355 1677 1362 1700 ;
1374 1667 1448 1694 τοῦτο
1461 1665 1536 1694 αὐτὸν
1552 1665 1677 1701 ἐξείλετο,
1693 1667 1745 1695 Διὰ
1757 1667 1783 1695 τί

1014 1709 1067 1748 γὰρ
1078 1710 1164 1750 χρόνῳ
1174 1710 1203 1739 τὸ
1215 1715 1327 1749 πρᾶγμα
1340 1710 1536 1750 μετερχόμεθας
1550 1711 1643 1750 χρόνος
1653 1712 1782 1750 προσόδου

1015 1756 1083 1784 ἔστω
1096 1759 1160 1794 ἡμῖν
1174 1756 1204 1784 τὸ
1218 1756 1332 1795 καθαρὸν
1347 1756 1470 1789 συνειδός.
1486 1757 1571 1786 Οὐδὲν
1587 1757 1666 1787 πλέον
1685 1758 1742 1797 ἔχει
1752 1759 1782 1788 τὸ

1015 1803 1040 1830 ἐν
1056 1803 1093 1841 τῷ
1107 1801 1200 1840 πάσχα
1218 1802 1361 1840 μυστήριον
1375 1805 1421 1831 τοῦ
1434 1806 1478 1831 νῦν
1491 1802 1649 1841 τελουμένου
1663 1815 1669 1821 ·
1683 1804 1711 1832 ἕν
1727 1807 1783 1834 ἐστι

1014 1847 1058 1875 καὶ
1069 1847 1098 1876 τὸ
1110 1848 1184 1882 αὐτὸ,
1198 1849 1214 1882 ἡ
1228 1847 1294 1883 αὐτὴ
1307 1849 1354 1876 τοῦ
1369 1847 1525 1886 Πνεύματος
1536 1848 1626 1887 χάρις·
1639 1849 1678 1878 ἀεὶ
1689 1850 1782 1889 πάσχα

1014 1892 1092 1922 ἐστίν.
1110 1892 1181 1922 Ἴστε
1201 1895 1225 1921 οἱ
1241 1893 1339 1930 μύσται
1353 1892 1383 1921 τὸ
1403 1893 1554 1932 εἰρημένον.
1572 1893 1626 1922 Καὶ
1647 1895 1674 1923 ἐν
1694 1906 1782 1934 παρα-

1013 1941 1104 1975 σκευῇ,
1115 1939 1160 1968 καὶ
1172 1940 1198 1967 ἐν
1211 1938 1347 1978 σαίῖὃάτῳ,
1361 1939 1406 1967 καὶ
1418 1940 1443 1967 ἐν
1456 1942 1581 1979 κυριακῇ,
1595 1940 1640 1968 καὶ
1654 1942 1680 1969 ἐν
1692 1941 1780 1982 ἡμέρᾳ

1013 1985 1153 2025 μαρτύρων
1167 1987 1184 2019 ἦ
1203 1984 1268 2020 αὐτὴ
1287 1985 1364 2014 θυσία
1373 1987 1543 2014 ἐπιτελεῖται.
1559 1985 1670 2021 Ὁσάκις
1683 1987 1735 2027 γὰρ
1750 1988 1780 2017 ἂν

1012 2029 1115 2065 ἐσθίητε
1128 2024 1171 2059 τὸν
1187 2030 1275 2069 ἄρτον,
1287 2031 1360 2069 φησὶ,
1372 2034 1472 2067 τοῦτον,
1488 2031 1504 2065 ἢ
1520 2032 1550 2060 τὸ
1563 2032 1689 2072 ποτήριον
1704 2037 1780 2063 τοῦτο

1012 2074 1122 2111 πίνητε,
1135 2075 1178 2104 τὸν
1200 2075 1309 2104 θάνατον
1327 2079 1373 2105 τοῦ
1389 2077 1486 2115 Κυρίου
1502 2078 1702 2116 καταγγέλλετε.
1719 2080 1780 2119 Οὐχ

1013 2121 1065 2160 ὅρῳ
1080 2124 1171 2162 καιροῦ
1186 2122 1345 2162 περιέγραψε
1369 2122 1416 2158 τὴν
1441 2122 1541 2152 θυσίαν.
1561 2125 1625 2157 Πῶς
1646 2119 1689 2153 οὖν
1703 2125 1791 2162 τότε,

1013 2167 1076 2206 φησὶ
1086 2190 1093 2203 ,
1115 2167 1207 2207 πάσχα
1231 2167 1353 2206 λέγεται;
1368 2167 1433 2197 “On
1453 2168 1512 2197 τότε
1527 2168 1622 2198 ἔπαθεν
1639 2172 1653 2199 ὁ
1667 2171 1780 2209 Χριστὸς

1012 2212 1077 2252 ὑπὲρ
1088 2215 1174 2251 ἡμῶν.
1184 2213 1284 2248 Μηδεὶς
1294 2213 1377 2242 τοίνυν
1390 2213 1485 2252 ἑτέρως
1497 2214 1588 2254 ἐκείνῳ
1598 2215 1723 2254 προσίτω,
1733 2217 1779 2245 καὶ

1011 2258 1094 2298 τούτῳ
1109 2259 1195 2292 ἄλλως
1209 2271 1214 2276 ·
1231 2259 1280 2297 μία
1295 2258 1402 2297 δύναμίς
1417 2262 1488 2296 ἐστι,
1504 2260 1553 2298 μία
1569 2260 1644 2297 ἀξία,
1660 2261 1710 2299 μία
1722 2262 1776 2301 χᾶ-

1012 2316 1064 2343 ρις,
1080 2304 1106 2333 ἓν
1123 2307 1201 2342 σῶμα
1216 2305 1260 2333 καὶ
1273 2304 1303 2333 τὸ
1318 2305 1397 2341 αὐτὸ,
1414 2307 1462 2334 οὐκ
1483 2307 1567 2336 ἐκεῖνο
1586 2306 1677 2336 τούτου
1693 2307 1777 2346 ἁγιώ-

1009 2361 1092 2389 τερον,
1103 2350 1160 2379 οὐδὲ
1171 2353 1248 2379 τοῦτο
1258 2349 1355 2379 ἐκείνου
1367 2350 1484 2380 ἔλαττον.
1498 2351 1550 2381 Καὶ
1561 2354 1637 2381 τοῦτο
1647 2352 1691 2381 καὶ
1703 2355 1777 2391 ὖμεῖς

1008 2395 1080 2432 ἴστε,
1100 2396 1170 2425 οὐδὲν
1184 2395 1332 2435 καινότερον
1351 2398 1474 2435 ὁρῶντες,
1488 2397 1558 2432 πλὴν
1571 2399 1623 2426 τῶν
1637 2402 1774 2436 κοσμικῶν

1005 2441 1102 2470 τούτων
1117 2441 1370 2481 παραπετασμάτων
1389 2442 1434 2472 καὶ
1448 2445 1493 2471 τοῦ
1506 2443 1631 2483 λαμπροῦ
1644 2444 1772 2479 πλήθους.

1005 2485 1118 2525 ’Έχουσι
1132 2487 1159 2516 δέ
1171 2499 1196 2516 τι
1210 2487 1289 2517 πλέον
1304 2488 1330 2516 αἱ
1345 2487 1442 2526 ἡμέραι
1456 2489 1554 2517 ἐκεῖναι
1568 2491 1659 2525 τοῦτο,
1672 2489 1713 2519 ὅτι
1725 2491 1771 2519 ἀπ’

1007 2535 1090 2561 αὐτῶν
1106 2532 1189 2571 ἀρχὴν
1205 2533 1323 2568 ἔλαῧενῆ
1340 2533 1468 2572 σωτήριος
1481 2536 1557 2571 ἡμῶν
1573 2534 1673 2573 ἡμέρα,
1689 2535 1729 2564 ὅτι
1742 2537 1768 2564 ἐν
