1893 2860
102 657 168 678 1²:111.
176 656 240 687 (34.6.

101 715 108 728 ι
117 724 121 729 .
137 709 195 731 Tim.
217 710 241 737 4

102 745 137 760 10.

97 888 236 916 Zaslt.13.7.

96 945 185 968 Manli.
198 946 237 968 26.

95 975 134 997 31.

259 172 330 206 636
609 183 637 204 s.

260 244 327 272 Eece
341 243 409 271 enini
425 243 520 269 missus
535 248 573 270 est
592 253 606 270 a
628 243 744 281 Spiritu,
761 250 913 281 segregatus
927 249 965 271 cst
979 253 993 270 a

257 289 371 327 Spiritu,
386 286 504 324 dicitque
521 286 664 326 imperium
678 298 734 316 esse
748 288 806 317 Dei.
821 288 894 322 Quid
909 288 994 326 ergo?

667 182 805 205 Jomms
831 182 1011 205 etinvSOST.

1041 182 1195 207 Ancumt’.
1223 184 1349 208 CONSTA
1355 185 1475 209 NTlNot‘
1482 201 1489 208 ·

1050 244 1176 282 ἐπιταγὴν
1192 240 1258 274 εἶναι
1279 248 1357 275 Θεοῦ.
1375 247 1410 275 Τί
1429 243 1486 281 οῦν;
1511 247 1547 286 μὴ
1572 248 1623 287 ἄρα
1649 248 1752 275 ἐλαττοῖ
1767 251 1811 276 τοῦ

1051 289 1114 317 Υἱοῦ
1128 289 1176 325 τὴν
1189 290 1304 323 ἐξουσίαν
1318 292 1348 320 τὸ
1363 293 1406 321 τὸν
1423 293 1566 322 ἀπόστολον
1581 295 1659 321 αὐτοῦ
1675 294 1732 322 κατ’
1750 295 1812 322 ἐπι-

256 344 319 361 nnni
337 332 397 360 Filii
413 339 568 371 potestatem
583 333 689 367 minuit,
702 334 773 372 quod
786 334 922 373 apostolus
936 334 993 372 ejus
1013 337 1031 360 C
1049 335 1132 373 ταγῆν
1156 339 1200 363 τοῦ
1215 337 1321 375 Πατρὸς
1340 338 1504 377 πεπέμφθαι,
1522 340 1669 377 Οὐδαμῶς·
1692 340 1740 378 ὅρα
1761 339 1811 378 γὰρ

254 378 401 407 secundum
430 378 572 417 imperium
605 379 691 407 Patris
713 380 862 409 mittatur?
882 381 991 418 Nequa-

253 435 334 462 quam
348 436 353 451 :
365 423 428 452 vide
439 435 552 462 namque
562 425 696 463 quomodo
708 433 862 465 potestatem
873 436 992 454 commu-

255 479 313 497 nen]
329 469 416 498 saciat.
432 470 500 497 Cum
513 469 626 499 dixisset
638 472 720 505 onim,
731 471 894 500 Secundum
908 474 994 510 impe-

253 518 328 544 rium
344 517 409 552 Dei,
423 516 586 545 salvatoris
599 519 701 552 nostri,
712 517 864 556 subjunxit,
878 518 918 546 Et
933 519 991 547 Do-

253 565 326 591 mini
339 564 448 592 Christi
461 565 543 601 Jesu,
554 566 615 603 spei
627 571 741 593 nostr-ce.
752 565 823 595 Vide
837 576 917 603 quam
930 576 990 605 pro-

252 609 310 647 prie
331 609 438 638 nomina
456 610 582 648 posuerit.
596 610 685 639 Etiam
700 611 838 650 psalmista
859 611 893 639 de
914 612 991 640 Patre

252 654 286 682 ita
297 655 430 693 loquitur:
442 656 509 694 Spes
526 657 771 696 omniwnfinium
781 663 863 685 terroe
873 669 883 690 ;
892 663 917 685 et
930 668 990 685 rur-

252 710 311 728 sum
324 700 417 729 beatus
431 701 528 729 Paulus
542 701 594 729 alio
609 701 635 729 in
648 701 705 730 loeo
717 702 752 730 ita
769 702 871 735 scribit,
884 704 919 730 In
935 703 989 731 hoc

251 748 328 775 enim
350 747 516 775 laboramus
532 754 559 776 et
572 749 788 786 exprobramur,
803 750 872 786 quia
887 758 987 785 spera—

251 802 313 820 mus
331 794 363 820 in
376 794 439 820 Deo
454 795 523 820 vivo
537 798 564 820 et
575 803 656 821 vero.
676 793 785 821 Necesse
799 800 837 821 est
851 800 879 821 ut
893 793 987 822 doctor

250 838 368 876 pericula
382 839 474 866 subeat
487 838 572 866 multo
585 838 673 876 plura,
685 849 765 876 quam
775 838 901 878 discipuli
911 850 917 866 :
927 849 989 867 nam

251 884 418 911 Percnziam
432 890 590 922 pastorem,
612 883 709 921 inquit,
736 890 764 912 et
785 885 985 923 dispergentur

249 939 324 958 oves.
337 929 471 963 Quoniam
487 929 570 967 igitur
583 939 625 957 res
643 929 678 957 ita
694 930 821 964 sehabet,
839 931 985 959 vehemenae

249 973 301 1003 tius
313 981 403 1002 contra
417 974 552 1002 doctorem
567 974 650 1013 spirat
671 974 812 1012 diabolus5
829 975 876 1004 illo
889 976 988 1016 quippe

247 1031 325 1057 eaeso,
342 1031 408 1060 grex
422 1021 597 1060 dispergitur.
614 1022 685 1050 Nam
707 1032 769 1050 eum
792 1033 854 1051 oves
876 1030 984 1058 mactat,

247 1077 314 1106 grex
328 1067 476 1101 minuitnr;
494 1078 555 1095 cum
577 1074 666 1097 autem
683 1075 815 1107 pastorem
838 1068 873 1097 de
896 1069 986 1098 medio

247 1113 328 1150 tollit,
345 1120 430 1141 totum
445 1122 550 1151 gregem
564 1113 726 1152 pessumdat.
750 1114 818 1142 Cum
844 1125 907 1153 ergo
929 1115 984 1144 mi-

247 1160 305 1188 nori
321 1160 412 1188 labore
428 1160 527 1199 majora
545 1167 685 1199 operetur,
697 1167 723 1188 et
738 1161 764 1188 in
776 1160 863 1189 anima
876 1171 927 1189 una
944 1168 984 1190 to-

247 1212 304 1234 tum
319 1206 423 1245 perdat,
439 1205 560 1234 doctores
576 1205 662 1244 magis
677 1206 841 1245 aggreditur.
855 1206 917 1235 Ideo
931 1215 984 1236 sta-

247 1250 295 1279 tim
310 1262 324 1280 a
336 1251 469 1290 principio
479 1252 536 1290 ejus
550 1252 669 1280 animum
681 1252 761 1291 erigit
775 1252 876 1290 dicem,
889 1253 984 1282 Salva-

247 1304 331 1326 torem
346 1298 476 1326 habemus
496 1299 594 1333 Deum,
607 1305 632 1327 et
646 1309 719 1337 spem
736 1299 884 1328 Christum.
899 1300 986 1328 Multa

246 1344 377 1383 patimur,
394 1344 439 1373 sed
458 1355 531 1384 spem
553 1355 678 1384 magnam
691 1345 835 1374 habemns:
848 1346 986 1385 periclita-

247 1400 324 1427 mur,
341 1389 447 1418 insidiis
463 1390 632 1430 appetimnr;
649 1390 694 1419 sed
710 1391 876 1420 Salvatorem
898 1392 986 1420 habe—

247 1446 321 1472 mns,
335 1446 386 1464 non
399 1435 544 1474 hominem,
559 1436 604 1465 sed
616 1437 713 1465 Deum.
727 1438 819 1476 Neque
834 1438 917 1476 igitur
928 1438 987 1468 Sal-

249 1487 326 1509 vator
340 1481 465 1509 infirmus
480 1488 536 1518 est;
552 1483 625 1510 Deus
640 1483 740 1522 quippe
755 1490 804 1519 est,
828 1491 853 1512 et
876 1491 987 1522 quanta-

250 1537 363 1565 cumque
374 1527 472 1555 fuerint
483 1528 614 1566 pericula,
625 1538 672 1557 nos
685 1539 736 1557 non
748 1530 927 1568 superabunt3
940 1541 987 1559 ne-

249 1583 300 1611 que
314 1583 372 1612 spes
386 1573 569 1608 confunditur,
586 1574 707 1603 Christus
719 1575 789 1603 enim
803 1582 852 1604 est.
862 1577 909 1605 His
920 1576 987 1606 duo—

248 1616 299 1644 bus
311 1616 372 1644 sulti
387 1616 503 1655 pericula
525 1617 648 1653 serimus,
663 1628 694 1646 ac
706 1618 748 1647 vel
761 1619 815 1647 cito
830 1619 986 1656 liberamur,

248 1664 291 1692 vel
302 1664 372 1692 hona
384 1673 430 1702 spe
440 1664 547 1692 alimur.
559 1665 711 1693 Cui-autem
721 1675 853 1704 nusquam
865 1677 892 1695 se
900 1667 988 1696 Patris

249 1710 400 1748 apostolum
419 1709 495 1746 dicit,
515 1710 560 1739 sed
581 1711 698 1740 Christi?
720 1712 818 1741 Om‘nia
836 1714 987 1742 communia

252 1755 327 1793 facit,
340 1762 366 1784 et
381 1755 552 1794 evangelium
567 1757 656 1796 ipsum
665 1756 731 1785 dicit
750 1768 806 1786 esse
820 1759 881 1788 Dei.
895 1760 987 1795 Quan-

251 1808 392 1840 lacumque
415 1802 562 1841 patiamur,
579 1803 684 1841 inquit,
698 1803 767 1832 nihil
791 1812 852 1833 sunt
874 1816 988 1845 praesen-

249 1848 295 1877 tia.
315 1849 474 1883 Timotheo,
488 1849 714 1889 carissirnofilio
728 1852 759 1878 in
771 1851 840 1889 fide.
851 1851 908 1880 Hoc
927 1852 987 1891 ple-

249 1903 315 1922 num
327 1894 515 1922 consolationis
529 1901 578 1922 est.
592 1895 620 1923 Si
635 1895 708 1923 enim
718 1902 818 1925 tantam
831 1897 989 1927 exhibuerat

251 1939 342 1975 sidem⁷
356 1947 386 1968 ut
402 1940 479 1968 Pauli
504 1940 577 1969 filius
599 1941 684 1978 fieret,
701 1948 726 1970 et
741 1953 792 1971 non
808 1943 888 1972 modo
902 1944 986 1981 filius,

1050 383 1105 413 πῶς
1120 381 1199 416 αὐτὴν
1212 382 1298 417 κοινὴν
1313 382 1443 418 ἐποίησεν.
1458 385 1547 413 Εἰπὼν
1559 386 1625 424 γὰρ,
1643 386 1707 413 Κατ’
1720 387 1811 413 ἐπιτα-

1050 427 1097 465 γὴν
1117 429 1186 456 Θεοῦ
1210 428 1334 466 Σωτῆρος
1362 430 1448 465 ἡμῶν,
1476 430 1591 469 ἐπήγαγε
1603 454 1610 467 ,
1635 431 1687 460 Καὶ
1715 430 1810 469 Κυρίου

1052 474 1164 512 Χριστοῦ
1178 473 1280 508 Ἰησοῦ,
1294 475 1340 507 τ’ῆς
1351 474 1453 506 ἐλπίδος
1466 477 1551 512 ἡμῶν.
1562 475 1634 514 “Opot
1649 478 1703 509 πῶς
1718 476 1811 515 κυρίως

1049 518 1082 547 τὰ
1097 519 1223 556 ἐπώνυμα
1238 519 1345 548 τέθεικε.
1361 520 1412 548 Καὶ
1431 519 1482 557 μὴν
1504 522 1518 548 ὁ
1538 521 1678 560 ψαλμῳδὸς
1691 521 1751 560 περὶ
1766 525 1810 550 τοῦ

1050 564 1153 603 Πατρὸς
1168 564 1243 593 τοῦτό
1270 577 1346 604 φησι,
1374 565 1468 603 λέγων,
1482 565 1515 593 Ἡ
1539 566 1611 598 ἐλπὶς
1637 567 1742 595 πάντων
1757 569 1808 595 τῶν

1047 610 1168 649 περάτων
1184 612 1230 644 τῆς
1245 613 1305 648 γῆς·
1319 611 1364 639 καὶ
1378 611 1457 639 πάλιν
1469 613 1482 639 ὃ
1494 611 1620 650 μακάριος
1632 613 1733 644 Παῦλος
1742 613 1808 651 γρά-

1047 668 1101 694 φων
1113 655 1220 695 ἑτέρωθί
1232 668 1319 695 φησιν,
1334 657 1379 689 Εἷς
1390 660 1465 685 τοῦτο
1477 657 1527 695 γὰρ
1543 659 1675 695 κοπιῶμεν
1686 658 1730 686 καὶ
1744 659 1809 687 ὀνει-

1046 701 1167 739 διζόμεθα
1176 724 1183 737 ,
1192 702 1231 730 ὅτι
1243 703 1393 740 ἠλπίκαμεν
1407 703 1450 732 ἐπὶ
1462 704 1522 742 Θεῷ
1538 704 1615 736 ζῶντι
1629 703 1674 731 καὶ
1685 704 1807 742 ἀληθινῷ.

1047 746 1099 775 Τὸν
1115 747 1270 776 διδάσκαλον
1285 750 1425 787 ἀναγκαῖον
1448 748 1580 780 κινδύνους
1601 747 1749 786 ὑπομένειν,
1764 749 1808 777 καὶ

1008 794 1026 816 D
1045 793 1135 832 πολλῷ
1147 795 1198 821 τῶν
1212 796 1334 831 μαθητῶν
1349 794 1478 826 πλείονας.
1502 793 1617 827 Πατάξω
1638 793 1703 833 γὰρ,
1726 794 1788 833 φησὶ
1800 818 1808 830 ,

1046 838 1089 867 τὸν
1110 839 1243 876 ποιμένα,
1268 839 1313 868 καὶ
1339 840 1605 878 διασκορπισθήσεται
1621 839 1655 868 τὰ
1678 840 1808 878 πρόὸατα.

1046 884 1122 913 Ἐπεὶ
1133 880 1176 913 οῦν
1187 888 1262 914 τοῦτο
1271 885 1382 922 γίνεται,
1392 886 1544 925 σφοδότερον
1557 887 1615 914 κατ’
1629 886 1712 914 αὐτὶἷν
1725 888 1738 914 ὁ
1749 886 1808 915 διά-

1045 931 1120 964 Colo:
1133 936 1207 967 πνεῖ,
1223 932 1269 960 ἅτε
1281 934 1306 961 ἐν
1320 934 1352 970 τῇ
1365 932 1460 961 τούτων
1476 932 1608 970 ἀναιρέσει
1623 932 1667 960 καὶ
1686 935 1730 961 τοῦ
1745 944 1806 961 ποι-

1045 976 1119 1014 μνίου
1135 977 1356 1017 διασπειρομένου.
1372 977 1499 1016 Πρόὸατα
1514 977 1560 1015 μὲν
1575 977 1625 1016 γὰρ
1636 977 1806 1013 ἀποκτείνας,

1043 1023 1073 1051 τὸ
1086 1023 1205 1061 ποίμνιον
1225 1023 1375 1057 ἠλάττωσε·
1391 1023 1434 1051 τὸν
1448 1022 1475 1051 δὲ
1489 1022 1603 1060 ποιμένα
1618 1024 1647 1051 ἐκ
1660 1022 1739 1060 μέσου
1750 1035 1808 1052 ποι-

1042 1067 1107 1102 ήσας
1116 1090 1123 1103 ,
1138 1068 1279 1106 ὁλόκληρον
1291 1068 1338 1104 τὴν
1350 1068 1463 1106 ποίμνην
1477 1067 1634 1106 ἐλυμήνατο.
1650 1066 1711 1096 “Art—2
1725 1063 1768 1097 οῦν
1780 1069 1806 1096 ἐν

1041 1113 1159 1142 ἐλάττονι
1171 1114 1242 1153 πόνῳ
1260 1113 1366 1152 μείζονα
1381 1113 1566 1153 ἐργαζόμενος,
1576 1113 1621 1142 καὶ
1636 1114 1661 1142 ἓν
1677 1119 1724 1153 μιᾷ
1734 1116 1806 1153 ψυχῇ

1040 1158 1070 1187 τὸ
1086 1164 1137 1188 πᾶν
1150 1159 1352 1198 λυμαινόμενος,
1370 1160 1470 1192 τούτοις
1484 1159 1620 1199 ἐφίσταται
1634 1160 1740 1198 μᾶλλον.
1756 1160 1808 1189 Διὰ

1039 1209 1115 1234 τοῦτο
1127 1205 1220 1239 εὐθέως
1235 1208 1264 1234 ἐκ
1285 1205 1430 1246 προοιμίων
1451 1207 1527 1234 αὐτοῦ
1543 1204 1590 1241 τὴν
1605 1205 1693 1245 ψυχὴν
1713 1207 1807 1245 ἀνιστᾷ

1003 1255 1021 1277 Ε
1039 1251 1132 1290 λέγων,
1143 1253 1258 1290 Σωτῆρα
1269 1252 1312 1280 τὸν
1324 1252 1391 1281 Θεὸν
1406 1251 1510 1291 ἔχομεν,
1520 1251 1565 1280 καὶ
1579 1251 1673 1280 ἐλπίδα
1686 1251 1729 1279 τὸν
1742 1252 1806 1290 Χρι-

1041 1298 1110 1327 στόν.
1123 1298 1215 1327 Πολλὰ
1226 1298 1374 1337 πάσχομεν,
1386 1299 1443 1327 ἀλλ’
1456 1297 1549 1336 ἔχομεν
1558 1296 1666 1329 ἐλπίδας
1678 1297 1793 1336 μεγάλας
1801 1309 1807 1314 ·

1041 1344 1233 1382 κινδυνεύομεν,
1247 1343 1484 1382 ἐπιδουλευόμεθα,
1500 1345 1556 1372 ἀλλ’
1570 1343 1665 1382 ἔχομεν
1676 1342 1807 1379 σώζοντα,

1041 1392 1087 1420 οὐκ
1100 1390 1233 1428 ἄνθρωπον
1240 1412 1248 1425 ,
1259 1390 1326 1418 ἀλλὰ
1337 1390 1413 1419 Θεόν.
1426 1389 1495 1418 Οὔτε
1507 1384 1549 1418 οῦν
1562 1391 1575 1418 ὁ
1590 1389 1678 1422 σώζων
1690 1390 1806 1418 ἀσθενεῖ·

1041 1436 1108 1468 Θεὸς
1119 1436 1170 1476 γάρ
1182 1437 1253 1471 ἐστι,
1272 1435 1316 1464 καὶ
1328 1431 1375 1464 οἶοι
1390 1435 1434 1464 ἐὰν
1449 1429 1512 1464 ὦσιν
1527 1436 1550 1464 οἳ
1566 1434 1695 1470 κίνδυνοι,
1711 1435 1740 1464 οὗ
1755 1447 1806 1464 πε-

1043 1481 1172 1521 ριέσονται
1185 1483 1261 1519 ἡμῶν
1273 1493 1278 1499 ·
1291 1481 1348 1510 οὕτε
1362 1484 1378 1517 ἡ
1395 1481 1468 1513 ἐλπὶς
1481 1480 1698 1520 καταισχύνεται·
1713 1479 1726 1495 b
1735 1481 1806 1519 Χρι-

1042 1528 1102 1560 στὸς
1115 1528 1165 1567 γάρ
1182 1530 1246 1557 ἐστι.
1262 1527 1316 1557 Δύο
1333 1527 1384 1566 γὰρ
1399 1527 1498 1559 τούτοις
1512 1526 1624 1566 φέρομεν
1638 1526 1696 1559 τοὺς
1719 1525 1806 1554 κινδύ-

1043 1585 1100 1606 νους
1110 1596 1117 1610 ,
1130 1573 1147 1608 ἢ
1164 1574 1266 1613 ταχέως
1290 1576 1374 1603 αὐτῶν
1390 1573 1630 1610 ἀπαλλαττόμενοι,
1646 1572 1662 1607 ἢ
1679 1577 1807 1612 χρησταῖς

1043 1620 1132 1648 ἐλπίσι
1143 1620 1305 1660 τρεφόμενοι.
1317 1621 1380 1652 Πῶς
1395 1619 1422 1648 δὲ
1434 1620 1548 1657 οὐδαμοῦ
1559 1622 1604 1648 τοῦ
1616 1618 1722 1656 Πατρὸς
1736 1618 1806 1647 ἀπό-

1044 1668 1134 1694 στολον
1147 1666 1237 1695 ἑαυτὸν
1253 1661 1319 1694 εἷναί
1331 1677 1418 1704 φησιν,
1431 1664 1498 1694 ἀλλὰ
1513 1668 1558 1694 τοῦ
1573 1665 1701 1703 Χριστοῦ;
1713 1664 1807 1693 Πάντα

1009 1724 1025 1746 F
1044 1716 1199 1746 κοινοπριεῖ,
1212 1711 1257 1739 καὶ
1276 1711 1424 1749 εὐαγγέλιον
1450 1710 1476 1739 δὲ
1496 1710 1558 1739 αὐτὸ
1576 1709 1646 1748 λέγει
1665 1713 1710 1739 τοῦ
1727 1711 1807 1739 Θεοῦ.

1043 1756 1132 1786 ⁰⁰06&
1143 1756 1193 1796 γὰρ
1202 1756 1231 1784 ἂν
1240 1756 1375 1794 πάθωμεν,
1389 1756 1477 1795 φησὶν,
1492 1755 1563 1784 οὐδέν
1574 1757 1629 1784 ἐστι
1643 1754 1676 1783 τὰ
1688 1756 1807 1784 ἐνταῦθα.

1045 1803 1183 1841 Τιμοθέῳ,
1197 1803 1296 1842 γνησίῳ
1310 1802 1393 1842 τέκνῳ
1404 1803 1429 1830 ἐν
1444 1801 1543 1830 πίστει.
1566 1800 1618 1830 Καὶ
1632 1803 1709 1829 τοῦτο
1722 1813 1808 1840 παρα-

1045 1848 1178 1884 κλητικόν.
1200 1850 1234 1877 Εἰ
1257 1849 1308 1888 γὰρ
1329 1848 1457 1883 τοσαύτην
1473 1846 1622 1879 ἐπεδείξατο
1645 1845 1732 1875 πίστιν
1742 1869 1750 1882 ,
1773 1848 1809 1880 ὡς

1047 1895 1153 1923 Παύλου
1174 1894 1295 1933 γενέσθαι
1307 1893 1395 1923 τέκνον
1407 1915 1415 1929 ,
1427 1895 1477 1932 οὐχ
1488 1893 1594 1929 ἁπλῶς,
1609 1891 1677 1921 ἀλλὰ
1691 1892 1807 1930 γνήσιον,

1046 1940 1171 1980 θαῤῥήσει
1191 1940 1237 1969 καὶ
1260 1940 1320 1977 περὶ
1343 1941 1395 1968 τῶν
1411 1939 1569 1976 μελλόντων.
1583 1937 1705 1971 Πίστεως
1719 1938 1746 1966 δὲ
1761 1938 1807 1973 τὸ,

250 1985 297 2013 sed
311 1985 465 2014 carissimus
479 1986 550 2014 filius
568 1993 645 2022 esset,
666 1987 700 2016 dc
714 1988 806 2017 futuro
822 2000 897 2028 spem
910 1990 989 2019 habi·
1009 2002 1028 2024 Λ
1047 1987 1094 2015 κᾶν
1108 1987 1212 2016 ἐναντία
1227 1990 1284 2019 ταῖς
1298 1985 1465 2024 ἐπαγγελίαις
1483 1981 1500 2024 ,ἦ
1519 1984 1550 2013 τὰ
1564 1984 1698 2023 γινόμενα,
1713 1983 1750 2022 μὴ
1762 1996 1809 2013 κα-

250 2037 328 2059 turus
349 2038 415 2060 erat.
431 2031 507 2060 Fidei
533 2043 595 2061 vero
619 2033 759 2072 proprium
774 2041 824 2072 est,
843 2042 872 2064 ut
896 2046 990 2074 quam-

251 2077 293 2105 vis
310 2077 450 2116 promissis
465 2078 597 2106 contraria
614 2079 682 2107 sacta
694 2080 844 2117 videantur,
859 2091 909 2110 non
927 2093 990 2111 con-

252 2122 322 2151 cidat
334 2123 379 2151 ille
392 2134 475 2162 neque
488 2124 622 2153 turbetur.
631 2125 686 2154 Sed
695 2136 754 2155 eece
767 2127 851 2165 filius,
861 2134 886 2156 et
897 2129 990 2167 genni-

251 2179 302 2197 nus
318 2169 406 2206 silius,
420 2180 504 2208 neque
517 2177 604 2198 tamen
620 2181 654 2199 ex
666 2171 740 2200 illius
760 2172 908 2202 substantia
922 2181 988 2203 erat.

252 2214 305 2242 Sed
325 2215 391 2252 quid
401 2215 414 2242 Ξ)
429 2226 462 2244 an
477 2215 587 2244 brutum
602 2216 701 2245 animal
721 2218 798 2246 erat?
813 2219 868 2248 Sed
892 2230 943 2249 non
959 2230 992 2249 ex

254 2260 339 2288 Paulo
364 2260 513 2299 prodierat,
529 2261 642 2299 inquies.
668 2263 761 2301 Itaque
782 2274 834 2293 non
858 2265 993 2304 significat

254 2306 304 2334 hoc
314 2317 348 2335 ex
357 2307 508 2346 cujuspiam
521 2308 668 2337 substantia
681 2309 820 2348 prodiisse.
828 2311 901 2347 Quid
912 2313 995 2351 ergo?

287 2409 299 2426 Ι)
317 2410 428 2442 [Χριστοῦ
437 2410 510 2436 Colb.
522 2431 528 2442 ‚
543 2413 658 2443 Comm.‚
671 2414 749 2439 Savil.
763 2422 856 2450 Χριστὸς
867 2417 955 2442 Monts.
971 2418 1008 2443 vi-

255 2446 327 2470 detur
341 2450 460 2480 recepisse
473 2449 504 2473 de
516 2451 602 2475 Dunaei
615 2453 782 2486 conjemurznj

288 2493 296 2503 c
317 2485 402 2517 [Πειειῑἓ
416 2491 498 2513 &czw-
513 2493 621 2521 ἐνταῦθα,
637 2496 765 2524 tamquam
781 2502 825 2517 sno
838 2493 894 2518 loco
907 2501 1003 2520 emota.

256 2524 438 2554 transponenda
462 2533 543 2550 censet
569 2529 673 2553 Dunzeus
699 2537 754 2562 post.
778 2533 902 2564 superiora
928 2535 1002 2558 xcrhn

1046 2032 1185 2062 ταπίπτειν
1209 2032 1275 2071 μηδὲ
1300 2032 1473 2070 θορυὸεἷσθαι.
1485 2031 1556 2059 Ἀλλ’
1574 2029 1628 2058 ἰδοὺ
1652 2029 1697 2058 καὶ
1709 2029 1810 2065 τέκνον,

1047 2078 1092 2107 καὶ
1116 2078 1220 2117 γνήσιον
1235 2078 1336 2112 τέκνον,
1355 2078 1401 2106 καὶ
1422 2077 1536 2115 οὐδαμοῦ
1563 2078 1610 2111 τ’ῆς
1636 2077 1716 2122 αέτῆς
1738 2076 1808 2104 ἐστιν

1047 2124 1144 2156 οὐσίας.
1159 2124 1236 2153 Ἀλλὰ
1250 2124 1290 2160 τί,
1303 2124 1417 2162 *ἄλογον
1435 2119 1483 2159 {m
1502 2121 1572 2151 Ἀλλ’
1584 2122 1630 2150 οὐκ
1644 2124 1675 2156 ἠν
1691 2121 1721 2149 ἐκ
1735 2120 1809 2149 Παύ-

1048 2172 1092 2199 λου
1102 2192 1109 2205 ,
1125 2171 1217 2210 φησίν·
1234 2170 1301 2199 ὥστε
1314 2171 1342 2199 οὗ
1355 2172 1401 2198 τοῦ
1417 2168 1446 2197 ἔκ
1461 2180 1528 2201 τινος
1551 2163 1617 2196 εἶναι
1630 2169 1706 2196 τοῦτο
1725 2166 1810 2201 δηλω-

1047 2217 1128 2246 τικόν.
1138 2217 1174 2246 Τί
1185 2212 1244 2251 οῦκ
1257 2215 1414 2255 ἑτεροούσιος
1423 2211 1454 2250 ἧν
1461 2227 1469 2250 ;
1476 2214 1546 2243 Οὐδὲ
1555 2216 1639 2242 τοῦτο.
1648 2211 1740 2242 Εἰπὼν
1749 2210 1810 2250 γὰρ,

1047 2262 1145 2298 τέκνον,
1158 2262 1201 2291 διὰ
1214 2265 1289 2291 τοῦτο
1300 2261 1469 2301 προσέθηκεν,
1482 2260 1529 2289 Ἐν
1546 2259 1650 2295 πίστει,
1673 2257 1741 2288 ὥστε
1763 2258 1811 2291 δη-

1047 2309 1131 2336 λῶσαι
1145 2310 1185 2337 ὅτι
1204 2307 1310 2346 γνήσιος
1324 2303 1354 2342 ἧν
1373 2307 1418 2335 καὶ
1434 2306 1460 2340 ἐξ
1481 2307 1558 2335 αὐτοῦ
1581 2301 1628 2340 ἦν·
1643 2303 1715 2333 οὐδὲν
1731 2303 1811 2338 ἐνήλ-

1059 2422 1130 2445 §anim
1143 2415 1296 2451 τρεφόμενοι.]
1593 2449 1598 2453 .
1665 2449 1668 2452 η

1092 2458 1104 2471 *
1119 2456 1213 2490 [ἄλογον
1235 2459 1260 2485 ἦν
1279 2454 1342 2487 quid
1360 2453 1445 2477 valeat
1465 2451 1505 2475 hic
1525 2458 1575 2475 non
1588 2448 1711 2481 intelltgo.
1734 2447 1806 2471 Fon.

1058 2501 1177 2529 ἀυογενής
1191 2495 1232 2518 rel
1245 2498 1314 2520 ἄλλον
1327 2499 1399 2525 γένους
1410 2495 1443 2521 ἦν.
1454 2489 1583 2519 Dunaeus.]
