1893 2860
83 918 221 947 'sm-530³&

75 1299 147 1320 Terrae
169 1309 216 1321 mo-

75 1341 108 1355 tus
119 1343 138 1355 et
152 1342 189 1355 ur·

74 1368 134 1387 bium
154 1374 217 1387 cver-

72 1405 153 1418 siours.

236 163 304 209 391)
577 171 604 192 S.

233 232 378 261 nundinum
395 230 503 268 quitlcni
521 230 602 257 nidus
613 239 674 257 cum
689 229 824 265 ceciderit,
838 231 890 258 cito
905 241 967 269 pcr-
979 259 1002 276 ³3

634 170 670 192 Jo
680 171 773 192 &YNIS
800 171 982 193 cttRYSOST.

1012 172 1029 193 A
1037 172 1163 195 ucmm’.
1192 173 1253 195 CON
1260 175 1318 196 sTA
1325 174 1445 197 N'rtNOt‘
1452 189 1459 196 -

1004 259 1014 276 u
1023 232 1133 266 νεοττιὰ,
1145 232 1208 261 ὅταν
1225 234 1372 272 καταπέσῃ,
1385 234 1486 273 ταχέως
1501 234 1645 264 ἀπόλλυται
1659 246 1662 247 ’
1675 236 1751 271 ἡμεῖς
1759 234 1786 262 δὲ

233 280 251 306 it
267 290 272 304 ε
295 288 342 305 nos
364 283 451 304 autern
466 285 516 303 non
533 275 664 313 perimus,
681 274 727 303 scd
743 282 871 314 perpetuo
885 275 967 314 puni·
989 287 1007 307 Λ
1023 278 1087 305 “οὐκ
1095 277 1275 315 ἀπολούμεθα,
1287 279 1354 308 ἀλλὰ
1362 281 1524 317 κολαζόμεΟοι
1536 279 1787 317 διηνεκῶς.Χειμὼν

232 335 300 352 mur-
326 324 418 351 nimus
441 322 490 350 crit
515 321 587 360 quod
609 328 671 350 tnnc
695 322 745 350 erit
772 329 887 361 tempus,
915 323 970 351 imo

231 380 292 397 vero
317 369 402 396 hicme
415 367 525 405 gravius
536 377 567 396 ac
581 367 726 395 molestius.
743 368 803 396 Non
818 368 889 396 enim
911 374 969 396 tra—

232 414 333 441 huntur
347 418 476 441 torrentcs
487 422 574 450 aquae,
585 411 632 441 sed
647 413 724 441 ssuvii
740 413 810 451 ignis
823 425 828 440 :
845 423 896 441 non
909 420 970 442 sunt

233 459 345 487 tenebrae
360 469 374 486 e
394 458 524 493 nubibus,
551 458 599 487 sed
624 459 737 487 tenebrae
759 458 970 494 indissolubiles,

232 511 256 532 ct
278 504 337 532 luce
357 504 463 543 penitus
491 511 610 532 carentes
629 516 636 541 ;
660 504 728 534 adeo
752 512 781 533 ut
801 515 849 534 nec.
874 506 970 534 caeluni

233 549 341 578 videant
359 560 406 578 ncc
429 560 530 585 acrem,
555 550 602 578 scd
625 551 651 578 in
676 551 792 588 majores
816 551 972 590 redigantur

233 596 378 633 angustias,
397 606 476 634 qnam
501 596 547 634 qui
572 596 664 624 infossi
689 603 752 625 sunt
775 597 801 625 in
816 604 892 626 terra.
909 597 971 626 Haec

234 651 301 680 szepe
325 641 452 675 dicimus,
469 641 515 669 sed
538 651 590 669 non
605 641 798 680 persuademus
821 642 968 681 aliquibus.

234 686 286 715 sed
301 697 352 715 non
365 694 403 716 est
418 687 526 722 mirum,
539 687 561 715 si
573 687 660 723 nobis,
675 688 722 726 qui
738 698 831 717 sumus
846 689 913 717 viles
928 689 972 718 ho-

234 732 328 766 mines,
343 733 564 761 concionantibus
586 733 643 761 haec
665 734 808 770 accidunt,
831 745 892 763 cum
915 736 972 764 baec

234 779 314 806 ctiam
327 778 477 807 acciderent
491 779 640 818 prophetis,
657 790 709 807 non
725 780 758 808 de
771 780 813 809 his
827 781 914 810 solum
929 792 971 810 rc-

235 824 285 852 bus
292 824 496 859 disserentibus,
507 824 554 853 sed
568 831 592 853 et
603 824 636 853 de
645 825 715 853 bello
728 832 751 854 et
765 826 927 865 captivitate.
939 827 973 856 Et

235 869 379 897 sedechias
395 869 558 907 arguebatur
578 880 592 897 a
604 871 729 906 Jercmia,
745 881 791 899 nee
806 872 973 900 afficiebatur

235 913 345 952 pudore.
372 914 513 952 Propterea
538 914 664 943 dicebant
688 916 825 954 prophetae
837 928 843 943 :
857 918 905 950 Voe
923 919 974 955 qui

233 960 346 993 dicunt,
366 959 611 997 Appropinquent
623 962 680 988 cito
695 962 863 1000 quaesaciet
878 964 970 1000 Deus,

233 1013 264 1034 ut
274 1007 438 1043 videamus,
448 1013 475 1034 et
484 1008 586 1035 veniat
593 1008 748 1036 consilium
757 1008 859 1037 Sancti
866 1011 971 1045 Israel,

232 1059 263 1080 ut
277 1062 492 1091 cognoscamus.
505 1053 544 1081 Ne
558 1052 608 1081 hoc
630 1054 770 1082 miremur.
791 1056 860 1083 Nam
879 1063 905 1084 et
924 1056 972 1094 qui

230 1104 304 1126 erant
325 1104 444 1136 tempore
461 1108 529 1126 arcte
541 1120 548 1133 ‚
565 1108 616 1126 non
632 1098 786 1136 credebant,
810 1100 857 1128 sed
880 1101 970 1130 credi-

230 1143 337 1178 derunt,
352 1142 459 1181 quando
475 1143 582 1172 nullum
594 1151 649 1172 erat
664 1144 771 1173 lucrum
787 1145 850 1174 fidei
864 1158 870 1173 ε
884 1157 968 1184 neque

229 1188 275 1226 qui
288 1195 361 1217 erant
372 1188 506 1223 Sodomis,
525 1196 725 1228 exspectarunt,
740 1190 786 1219 sed
801 1191 852 1230 ipsi
863 1203 970 1230 qnoque

230 1234 408 1271 crediderunt,
421 1234 527 1273 quando
539 1235 652 1264 nihileis
660 1237 774 1279 profuit.
785 1237 822 1266 Et
833 1238 899 1276 quid
909 1238 970 1268 dico

229 1279 262 1308 de
273 1280 460 1318 suturis?quis
470 1287 647 1319 exspectasset
657 1291 687 1309 ea
699 1292 758 1319 quae
774 1293 846 1311 nunc.
858 1283 927 1313 fiunt
942 1284 969 1313 in

230 1325 343 1354 diversis
358 1326 431 1363 locis,
441 1333 515 1355 terrae
527 1333 624 1361 motus,
638 1334 663 1355 et
675 1328 782 1356 urbium
795 1330 944 1359 eversiones
956 1332 969 1359 Ξ)

231 1371 312 1409 Atqui
320 1371 376 1400 haec
387 1378 462 1400 erant
472 1372 527 1400 illis
538 1372 623 1410 magis
636 1373 787 1408 credibilia,
799 1385 878 1412 quam
894 1386 966 1414 arca,

229 1416 348 1454 inquam.
358 1416 500 1446 Undenam
511 1417 561 1445 hoc
573 1418 697 1446 constat?
710 1419 790 1454 Quod
802 1420 844 1448 illi
858 1421 968 1458 quidem

228 1472 281 1490 non
303 1462 437 1500 potuerint
464 1462 539 1492 aliud
562 1463 716 1502 exemplum
738 1465 868 1503 aspicere,
885 1477 968 1505 neque

228 1507 380 1546 Scripturas
390 1507 600 1537 audierunt:bic
611 1515 698 1537 autem
709 1517 771 1538 sunt
785 1510 966 1541 innumerabi-

227 1554 274 1591 lia,
284 1566 342 1593 quae
353 1562 379 1583 et
390 1555 487 1584 nostris
499 1556 568 1585 sacta
579 1563 641 1584 sunt
654 1557 821 1596 temporibus
832 1566 857 1587 et
868 1570 966 1598 praece-

227 1599 361 1629 dentibus.
369 1601 422 1630 Sed
435 1601 567 1630 undenam
580 1601 707 1640 processit
717 1612 809 1631 eorum
820 1603 966 1634 increduli-

228 1647 289 1674 tas?
304 1646 348 1674 Ex
362 1646 436 1675 molli
450 1653 477 1675 et
488 1647 586 1684 ignava
597 1647 686 1675 anima
697 1660 703 1674 ι
713 1647 841 1677 bibebant
853 1657 878 1678 et
893 1661 965 1679 com-

227 1691 352 1728 edebant,
374 1698 399 1720 et
421 1699 562 1731 propterea
577 1702 629 1721 non
652 1692 804 1722 credebant.
822 1696 891 1724 Nam
906 1708 964 1734 quae

228 1737 284 1764 vult
309 1737 452 1776 quispiam,
468 1748 498 1765 ea
523 1744 549 1765 et
572 1743 657 1775 putat,
677 1747 706 1765 ea
721 1745 746 1767 et
760 1742 964 1779 exspectat:qui

226 1789 314 1810 autem
327 1782 520 1819 contradicunt,
534 1793 649 1821 nugaces
663 1783 805 1814 habemur.

267 1829 293 1856 5.
305 1827 358 1856 Sed
370 1838 402 1856 ne
412 1828 462 1857 hoc
473 1829 549 1857 nobis
559 1829 675 1859 accidat:
691 1841 743 1860 non
755 1831 826 1860 enim
836 1832 887 1861 erit
901 1844 962 1862 am-

227 1872 296 1911 plius
310 1872 446 1902 diluvium
455 1896 464 1910 ‚
480 1884 565 1912 neque
576 1874 610 1903 ad
625 1883 738 1905 mortem
748 1887 831 1915 usque
842 1879 947 1917 punitio
954 1890 963 1916 3

224 1917 269 1946 sed
276 1918 472 1958 suppliciorum
483 1919 591 1948 initium
604 1927 642 1950 est
658 1932 729 1950 mors
739 1932 791 1951 non
800 1923 965 1953 credentium

225 1964 298 2001 quod
309 1963 497 2003 sitjudicium.
510 1965 545 1993 Et
557 1966 618 2003 quis
628 1988 636 2003 ,
654 1968 744 2005 inquit
754 1989 762 2004 ‚
778 1967 840 1997 inde
855 1972 965 1998 veniens

224 2009 281 2038 haec
298 2010 418 2038 narravit
430 2032 439 2045 ‚
461 2017 487 2038 et
502 2010 559 2039 haec
577 2011 672 2041 dixit?
687 2013 715 2043 Si
737 2013 832 2043 ludens
855 2015 963 2053 quidem

225 2054 280 2083 haec
291 2055 375 2089 dicis,
389 2066 422 2083 ne
433 2055 472 2083 sic
486 2055 597 2093 quidem
613 2065 698 2095 recte3
711 2069 763 2087 nou
778 2066 816 2088 est
827 2061 899 2089 enim
913 2061 959 2089 lu-

225 2099 343 2128 dendum
355 2101 383 2128 in
396 2101 476 2129 rebus
493 2101 666 2140 hujusmodi5
680 2114 733 2132 non
752 2105 824 2134 enim
838 2105 958 2135 ludimus

225 2145 251 2173 in
267 2145 394 2183 ludicris,
407 2147 453 2175 sed
477 2147 504 2175 in
525 2147 605 2179 rebus
627 2150 802 2188 periculosis:
823 2151 844 2180 si
872 2160 961 2182 autem

225 2200 286 2219 cnm
301 2202 392 2221 revera
403 2192 441 2221 ita
452 2199 477 2221 te
488 2193 586 2222 habeas
597 2217 604 2230 ,
614 2205 666 2224 non
681 2196 819 2225 existimas
831 2205 891 2236 post
906 2199 963 2228 haec

225 2245 279 2264 esse
288 2237 394 2275 aliquid
404 2260 411 2274 ‚
422 2238 556 2276 quomodo
570 2239 638 2269 dicis
650 2247 677 2269 te
687 2251 744 2270 esse
758 2242 941 2273 Christianum
949 2245 962 2272 Ρ

227 2281 299 2309 nulla
315 2283 385 2311 enim
403 2293 418 2311 a
434 2294 475 2312 me
496 2284 610 2313 habetur
630 2286 697 2315 ratio
713 2294 892 2318 externorum.
909 2290 963 2319 Cur

228 2326 365 2356 lavacrum
373 2330 494 2369 accipis?
504 2341 551 2360 cur
562 2331 700 2361 eeclesiam
710 2333 878 2372 ingrederis?
897 2347 961 2365 num

1023 323 1097 352 ἔσται
1113 326 1126 352 ὁ
1140 323 1198 352 τότε
1214 324 1302 363 καιρὸς
1312 347 1319 359 ,
1334 326 1433 362 μᾶλλον
1447 326 1472 354 δὲ
1487 329 1616 365 χειμῶνος
1630 326 1787 365 χαλεπώτε-

1027 380 1076 407 ρος.
1091 370 1130 397 Οὐ
1156 368 1207 407 γὰρ
1229 370 1370 408 χείμαρροι
1391 372 1583 410 κατασύροντοιι
1600 372 1707 405 ὕδατος,
1721 371 1789 400 ἀλλὰ

1025 414 1140 451 ποταμοὶ
1155 414 1248 453 πυρός·
1264 415 1292 442 οὐ
1312 415 1401 447 σκότος
1417 416 1469 444 ἀπὸ
1487 419 1569 455 νεφῶν
1584 417 1703 455 γίνεται,
1721 416 1789 445 ἀλλὰ

1026 459 1115 492 σκότος
1130 460 1222 488 ἄλυτον
1245 461 1289 488 καὶ
1305 461 1430 499 ἀφεγγὲς,
1444 461 1511 489 ὥστε
1533 462 1599 499 μήτε
1621 461 1664 490 τὸν
1682 462 1789 501 οὐρανὸν

1026 505 1098 540 ἰδεῖν,
1117 505 1185 543 μήτε
1199 506 1242 533 τὸν
1257 505 1337 545 ἀέρα,
1349 505 1417 534 ἀλλὰ
1431 507 1482 533 τῶν
1497 508 1532 539 εἷς
1548 507 1595 541 τὴν
1610 509 1658 546 γῆν
1668 518 1789 545 κατωρυ-

1026 550 1127 588 γμένων
1143 551 1242 588 μᾶλλον
1259 553 1487 589 στενοχωρεῖσθαι.
1503 552 1636 584 Πολλάκις
1650 555 1733 580 ταῦτα
1747 552 1789 580 λέ-

1025 607 1116 633 γομεν,
1132 597 1190 624 ἀλλ’
1204 598 1232 625 οὐ
1248 596 1371 634 πείθομέν
1386 608 1466 629 τινας.
1481 597 1534 625 Καὶ
1548 597 1619 626 οὐδὲν
1632 598 1790 634 Θαυμαστὸν,

1027 640 1091 679 εἴγε
1106 643 1182 679 ἡμεῖς
1194 642 1325 682 ἄνθρωποι
1337 643 1446 674 εὐτελεῖς
1467 644 1551 670 ταῦτα
1571 642 1709 681 πάσχομεν
1724 642 1790 682 ὑπὲρ

1026 686 1148 715 τοιούτων
1173 687 1364 725 διαλεγόμενοι,
1389 687 1453 716 ὅπου
1484 699 1514 725 γε
1536 687 1581 716 καὶ
1608 690 1632 716 οἱ
1657 690 1791 726 προφῆται

1026 732 1142 771 ἔπασχον
1153 735 1250 768 ταῦτα,
1263 735 1312 772 οὐχ
1327 733 1392 771 ὑπὲρ
1404 733 1527 762 τοιούτων
1539 732 1614 771 μόνον
1626 734 1789 773 πραγμάτων

1027 778 1218 816 διαλεγόμενοι,
1233 779 1300 808 ἀλλὰ
1315 779 1360 807 καὶ
1376 779 1441 818 ὗπὲρ
1455 780 1570 817 πολέμου
1587 779 1631 807 καὶ
1646 780 1789 818 αἰχμαλω-

1027 822 1092 855 σίας.
1107 823 1160 853 Ka}
1171 826 1184 852 ὁ
1195 824 1319 857 Σεδεκίας
1334 824 1385 853 ὑπὸ
1399 828 1443 853 τοῦ
1454 824 1580 863 Ἱερεμίου
1592 825 1733 863 ἠλέγχετο,
1744 824 1789 853 καὶ

1027 870 1074 897 οὐκ
1093 869 1228 907 ᾐσχύνετο.
1241 869 1291 898 Διὰ
1317 872 1393 898 τοῦτο
1408 871 1495 907 ἔλεγον
1513 871 1537 898 οἳ
1551 872 1698 909 προφῆται·
1721 870 1790 898 Οὐαὶ

1028 916 1052 942 οἱ
1064 913 1195 952 λέγοντες,
1205 915 1335 952 ἒγγισοίτω
1346 915 1375 943 τὸ
1389 915 1469 953 τάχος
1485 915 1501 942 ἃ
1515 915 1620 950 ποιήσει
1630 918 1643 944 ὁ
1654 915 1737 951 Θεὸς,
1747 915 1790 944 ἵνα

1028 959 1132 996 ἴδωμεν,
1148 960 1193 988 καὶ
1207 960 1304 988 ἐλθέτω
1323 963 1339 995 ἡ
1363 960 1444 998 βουλὴ
1468 963 1513 989 τοῦ
1529 960 1603 999 ἁγίου
1620 960 1728 999 Ἰσραὴλ
1748 960 1789 989 ἵνα

1026 1007 1138 1042 γνῶμεν.
1153 1004 1198 1040 Μὴ
1214 1006 1390 1043 θαυμάζωμεν
1401 1008 1487 1034 τοῦτο.
1501 1005 1572 1034 Οὐδὲ
1585 1006 1636 1045 γὰρ
1649 1008 1673 1035 οἱ
1686 1006 1730 1035 ἐπὶ
1743 1008 1791 1040 τῆς

1026 1051 1140 1080 κιὲωτοῧ
1155 1051 1299 1088 ἐπίστευον,
1312 1053 1368 1081 ἀλλ’
1392 1052 1547 1081 ἐπίστευσαν
1561 1052 1603 1081 ὅτε
1617 1055 1664 1088 τῆς
1677 1052 1791 1086 πίστεως

1025 1097 1114 1135 κέρδος
1128 1093 1160 1132 ἦν
1175 1097 1262 1127 οὐδέν·
1279 1098 1336 1127 οὐδὲ
1360 1100 1383 1126 οἱ
1405 1100 1430 1127 ἐν
1445 1097 1572 1136 Σοδόμοις
1584 1097 1790 1138 προσεδόκησαν,

1025 1142 1084 1170 ἀλλ’
1099 1142 1254 1171 ἐπίστευσαν
1268 1143 1314 1172 καὶ
1335 1144 1424 1180 αὐτοὶ,
1440 1144 1483 1174 ὅτε
1505 1145 1578 1174 οὐδὲν
1600 1144 1678 1173 πλέον
1702 1145 1790 1175 αὐτοῖς

1024 1187 1124 1226 γέγονε.
1140 1188 1193 1217 Καὶ
1220 1189 1248 1217 τί
1271 1190 1341 1228 λέγω
1364 1189 1398 1218 τὰ
1421 1190 1566 1228 με’λλοντα;
1587 1190 1627 1223 τίς
1650 1189 1680 1218 ἂν
1704 1192 1789 1218 ταῦτα

1024 1234 1202 1272 προσεδόκησε
1214 1234 1246 1262 τὰ
1265 1238 1309 1264 νῦν
1331 1235 1455 1274 γινόμενα
1479 1236 1548 1265 κατὰ
1563 1235 1699 1275 διαφόρους
1722 1234 1789 1264 1’τό-

1023 1291 1102 1315 πους,
1112 1278 1171 1312 τοὺς
1196 1279 1330 1317 σεισμοὺς,
1351 1283 1403 1310 τῶν
1428 1281 1530 1311 πόλεων
1553 1281 1601 1314 τὰς
1622 1280 1786 1320 ἀναιρέσεις
1821 1316 1825 1317 ⁷

1025 1324 1117 1352 Καίτοι
1139 1336 1168 1362 γε
1189 1327 1272 1353 ταῦτα
1293 1325 1398 1355 ἐκείνων
1422 1327 1580 1367 πιστότερα,
1604 1328 1650 1360 τῆς
1675 1326 1789 1355 memma

1023 1370 1101 1407 λέγω.
1117 1369 1200 1398 Πόθεν
1217 1371 1295 1405 δῆλον
1305 1383 1312 1405 ;
1326 1370 1391 1400 εὈτι
1410 1372 1504 1400 ἐκεῖνοι
1517 1371 1565 1409 μὲν
1589 1372 1635 1400 οὖκ
1658 1366 1729 1410 εἶχον
1752 1372 1788 1403 εἷς

1023 1414 1087 1442 ἄλλο
1101 1415 1271 1453 παράδειγμα
1293 1416 1365 1452 ἰδεῖν,
1381 1417 1438 1446 οὐδὲ
1456 1419 1507 1445 τῶν
1522 1418 1634 1456 Γραφῶν
1655 1417 1783 1451 ἤκουσαν·

1023 1461 1133 1488 ἐνταῦθα
1146 1460 1172 1489 δὲ
1186 1461 1267 1500 μυρία
1280 1461 1329 1490 ὅσα
1347 1462 1436 1500 γέγονε
1445 1485 1453 1498 ,
1467 1463 1511 1491 καὶ
1524 1463 1568 1491 ἐπὶ
1587 1464 1639 1491 τῶν
1653 1464 1718 1491 ἐτῶν
1733 1464 1785 1490 τῶν

1023 1506 1168 1545 ἡμετέρων,
1183 1507 1227 1535 καὶ
1239 1508 1282 1536 ἐπὶ
1293 1509 1345 1536 τῶν
1357 1509 1500 1548 προτέρων.
1511 1508 1590 1538 Ἀλλὰ
1599 1508 1676 1537 πόθεν
1689 1510 1707 1542 ἡ
1722 1509 1785 1536 ἀπι-

1022 1552 1081 1580 στία
1104 1555 1156 1581 τῶν
1180 1553 1315 1588 τοιούτων;
1334 1553 1397 1582 Ἀπὸ
1425 1555 1546 1591 μαλακῆς
1571 1555 1672 1592 ψυχῆς·
1697 1553 1785 1582 ἔπινον

1021 1598 1065 1626 καὶ
1079 1598 1178 1633 ἤσθιον,
1191 1598 1236 1627 καὶ
1252 1598 1295 1627 διὰ
1306 1602 1381 1627 τοῦτο
1395 1600 1442 1627 οὐκ
1456 1599 1600 1628 ἐπίστευον.
1615 1599 1647 1627 Ἃ
1659 1598 1711 1638 γὰρ
1725 1599 1785 1637 βού-

1037 1643 1094 1671 εταί
1109 1656 1162 1679 τις,
1175 1647 1258 1672 ταῦτα
1272 1643 1317 1672 καὶ
1329 1644 1425 1681 οἴεται,
1435 1646 1520 1674 ταῦτα
1536 1644 1581 1673 καὶ
1599 1645 1745 1684 προσδοκᾷ·
1759 1646 1783 1673 οἱ

1021 1689 1196 1727 ἀντιλέγοντες
1209 1689 1289 1728 λῆρός
1303 1690 1377 1718 εἰσιν.

1060 1836 1138 1865 Ἀλλὰ
1160 1837 1196 1875 μὴ
1212 1836 1337 1874 πάθωμεν
1359 1835 1467 1865 ταύτόν·
1482 1837 1510 1865 οὐ
1526 1836 1578 1876 γὰρ
1598 1838 1783 1875 κατακλυσμὸς

1019 1884 1093 1912 ἔσται
1105 1883 1204 1918 λοιπὸν,
1221 1882 1277 1911 οὐδὲ
1300 1882 1379 1921 μέχρι
1399 1884 1521 1917 τελευτῆς
1545 1885 1562 1918 ἡ
1584 1882 1705 1919 κόλασις,
1726 1884 1783 1912 ἀλλ’

1019 1929 1089 1968 ἀρχὴ
1103 1930 1236 1967 τιμωριῶν
1251 1930 1264 1956 ὁ
1279 1927 1387 1960 θάνατος
1402 1927 1578 1956 ἀπιστούντων
1594 1928 1634 1957 ὅτι
1650 1928 1705 1957 ἐστὶ
1721 1928 1781 1967 κρί-

1019 1986 1067 2008 σις.
1081 1974 1132 2003 Καὶ
1153 1974 1192 2006 τίς
1204 1974 1300 2002 ἐκεῖθεν
1314 1969 1393 2008 ἦλθε,
1418 1973 1497 2012 φησὶ,
1520 1972 1565 2001 καὶ
1587 1977 1670 2003 ταῦτα
1691 1974 1782 2013 ἐφθέγ-

1020 2019 1092 2054 ξατο;
1106 2021 1139 2048 Εἰ
1153 2019 1200 2057 μὲν
1211 2018 1311 2051 παίζων
1323 2021 1406 2047 ταῦτα
1420 2016 1504 2057 λέγεις
1512 2041 1519 2054 ,
1531 2018 1589 2047 οὐδὲ
1601 2019 1669 2047 οὕτω
1679 2020 1766 2053 καλῶς
1774 2031 1780 2037 ·

1019 2067 1047 2094 οὐ
1066 2065 1117 2105 γὰρ
1130 2065 1168 2093 δεῖ
1182 2066 1208 2093 ἐν
1225 2069 1279 2097 τοῖς
1292 2063 1418 2097 τοιούτοις
1432 2064 1549 2097 παίζειν·
1565 2065 1593 2093 οὖ
1608 2065 1659 2104 γὰρ
1673 2066 1699 2094 ἐν
1718 2077 1781 2094 παι-

1018 2116 1102 2147 κτοῖς,
1118 2112 1175 2139 ἀλλ’
1187 2110 1358 2142 ἐπικινδύνως
1372 2110 1498 2148 παίζομεν
1509 2122 1514 2127 ·
1530 2111 1554 2138 εἷ
1567 2109 1593 2139 δὲ
1607 2110 1688 2143 ὅντως
1702 2110 1783 2144 οὕτως

1018 2157 1096 2195 ἔχων,
1109 2156 1155 2185 καὶ
1178 2157 1224 2184 οὐκ
1239 2155 1287 2184 οἴει
1309 2151 1375 2184 εἷναί
1397 2167 1422 2183 τι
1447 2155 1516 2193 μετὰ
1535 2158 1616 2184 ταῦτα
1626 2178 1633 2190 ,
1647 2157 1704 2189 πῶς
1715 2152 1782 2185 εἶναι

1018 2202 1067 2241 φῂς
1075 2201 1245 2240 Χριστιανόςς
1255 2201 1338 2233 οὐδεὶς
1351 2200 1402 2240 γάρ
1416 2211 1461 2238 μοι
1475 2203 1526 2229 τῶν
1536 2200 1585 2234 ἔξω
1596 2201 1681 2238 λόγος.
1692 2201 1743 2230 Διὰ
1755 2201 1782 2230 τί

1016 2249 1122 2288 λουτρὸν
1138 2247 1295 2286 >attentarem
1310 2246 1353 2275 διὰ
1367 2246 1392 2273 τί
1407 2248 1453 2281 τῆς
1468 2246 1608 2281 ἐκκλησίας
1622 2246 1780 2281 ἐπιὸαίνεις;

1018 2293 1054 2331 μὴ
1077 2293 1127 2332 γὰρ
1146 2292 1230 2332 ἀρχὰς
1244 2291 1453 2331 ὑπιοἹ-νούμεθῃ
1475 2297 1550 2320 πᾶσα
1571 2294 1648 2329 ἡμῖν
1661 2292 1734 2324 ἐλπὶς
1754 2294 1780 2321 ἐν

1016 2344 1069 2371 τοῖς
1084 2339 1218 2377 μέλλουσι.
1235 2337 1270 2366 Τί
1291 2337 1377 2366 τοίνυν
1392 2337 1527 2376 προσέρχῃ
1540 2360 1547 2373 ,
1563 2339 1586 2366 εἷ
1604 2338 1633 2365 οὗ
1650 2337 1782 2370 πιστεύεις

228 2373 385 2410 pollicemur
400 2377 565 2416 principatus
579 2385 605 2407 et
620 2379 810 2418 magistratus?
829 2389 882 2411 tota
901 2394 960 2422 spes
981 2393 997 2415 F
1018 2388 1075 2418 ταῖς
1090 2386 1220 2423 Γραφαῑς,
1239 2385 1261 2412 εἰ
1281 2383 1318 2421 μὴ
1333 2383 1478 2415 ‘meret-ius
1491 2384 1529 2421 τῷ
1543 2383 1666 2422 xpm—'5233
1677 2383 1734 2411 Οὔκ
1749 2382 1779 2410 ἂν

260 2485 268 2492 »¹
287 2476 334 2506 [A.
347 2476 373 2501 B.
384 2482 408 2500 et
421 2485 498 2510 marg.
512 2479 589 2504 Savib
605 2484 642 2506 oia
656 2483 823 2517 ἀπολλύμεθα]

262 2522 272 2532 υ
293 2515 326 2549 υς
343 2520 412 2538 terra:
426 2515 534 2540 motibus
556 2524 579 2541 et
600 2518 698 2543 urbium
718 2522 901 2556 eversionibus,
924 2534 977 2558 quse

1031 2492 1089 2510 tunc
1102 2485 1247 2511 acciderunt
1256 2503 1263 2516 ,
1277 2484 1332 2509 vide
1345 2493 1398 2517 qum
1408 2483 1516 2508 diximus
1528 2484 1552 2507 in
1564 2483 1668 2507 Montio.

1062 2535 1070 2543 ι’
1091 2525 1134 2557 [Α.
1147 2536 1242 2551 mtrem-z
1253 2525 1305 2555 τις]
