1893 2860
80 1319 184 1345 Voluptas

77 1350 187 1370 mundana

76 1384 159 1408 quanta
175 1386 219 1399 mrt-

78 1412 97 1431 la
107 1418 179 1431 secum
190 1410 219 1431 af-

79 1441 141 1462 serat.

235 175 324 220 0731(
598 183 625 205 S.
654 182 792 205 JOANNIS

235 256 290 274 esse
307 257 316 273 ι
326 244 413 273 idetur
423 265 431 280 ,
446 253 506 271 vere
515 242 622 281 jejunus
633 249 683 279 est,
694 249 751 270 tuni
766 242 838 280 quod
848 242 973 281 vesperti-

817 182 997 204 CHRYSOST.

1029 184 1045 205 A
1053 184 1168 207 ncttltzt‘
1175 200 1181 206 .
1211 185 1271 208 CON
1278 185 1462 208 STANTtNOP
1469 200 1476 207 .

1026 243 1108 282 Θαρὰν
1129 246 1166 283 τῷ
1189 245 1269 282 μήπω
1289 246 1332 274 τὸν
1347 247 1479 285 ἑσπερινέιν
1502 246 1551 281 ἤδη
1574 248 1732 275 κεκενῶσθαι
1756 241 1789 274 οἶ-

238 301 303 318 num
325 290 418 318 vinum
435 287 554 316 noudum
577 287 736 316 absumserit
758 298 789 316 ac
814 287 973 326 digesserit,
990 297 1007 319 C
1026 301 1068 318 νον
1090 290 1134 318 καὶ
1149 291 1344 326 ἀτωῑντλῆσθαι,
1363 292 1468 320 καὶτοῦ
1486 292 1625 329 μέλλοντος
1645 291 1744 330 σφόδρα
1759 293 1790 329 τῇ

235 342 292 363 tum
318 333 391 372 quod
406 333 488 361 futuri
506 332 638 362 desiderio
653 340 773 362 teneatur
786 356 795 370 ,
810 339 836 361 et
859 331 931 370 quod
947 333 973 361 in

234 381 365 409 matutino
386 387 411 408 ct
437 379 547 408 meridie
571 390 675 418 semper
690 379 716 407 in
740 379 974 408 comessationibus

231 426 310 464 degat
323 449 331 463 ,
358 433 383 454 et
406 433 488 454 totam
514 433 618 454 noctem
643 432 669 453 et
687 425 811 453 matutini
828 425 973 464 plurimam

232 479 334 510 partem
346 472 372 500 in
382 471 516 511 profundo
527 482 619 500 somno
628 479 698 510 agat.
712 471 859 505 Hunccine,
875 482 972 509 quaeso,

232 528 294 546 eum
309 518 466 546 viventibus
475 517 696 545 numerabimus?
705 517 773 551 Quis
784 527 862 556 porro
874 516 973 545 descri—

230 563 314 602 pserit
328 570 508 602 tempestatem
521 563 595 590 illam
608 573 667 600 quse
683 574 696 591 a
713 562 851 601 voluptate
867 562 971 591 excita-

231 615 285 646 tur,
301 615 357 637 tum
371 609 397 637 in
413 608 530 637 animam
542 630 549 644 ,
563 615 621 636 tum
637 607 663 636 in
679 618 790 647 corpora
801 607 971 636 influentem?

231 654 464 689 Quemadmodum
479 653 550 682 enim
571 653 694 691 frequens
716 653 831 681 nubium
853 652 970 681 densitas

230 710 283 729 non
296 700 360 728 sinit
372 699 478 728 radium
494 699 557 728 solis
572 699 699 738 effulgere
715 711 720 726 :
735 699 772 727 sic
787 699 931 738 voluptatis
946 705 971 726 et

230 746 287 775 vini
303 756 414 785 vapores
428 745 565 774 cerebrum
582 745 657 783 quasi
679 745 820 784 scopulum
837 745 970 783 impeten-
987 750 1005 772 l)

232 798 280 827 tes,
291 791 453 829 densamque
475 791 531 818 illic
546 790 644 818 nubem
660 791 780 819 sistentes
790 813 798 827 ,
815 790 970 818 rationalem

230 836 286 864 vim
301 847 353 864 non
376 836 466 864 sinunt
481 835 548 863 ultra
565 845 676 874 pergere
686 857 695 873 ,
713 836 740 863 in
754 835 868 874 caligine
884 835 969 863 multa

231 881 337 910 ebrium
351 881 507 909 detinentes.
524 880 659 914 Quantam
671 887 733 908 tunc
744 886 822 919 putas
831 891 886 908 esse
899 880 970 909 intus

230 933 427 965 tempestatem,
454 925 480 952 in
506 935 536 953 eo
552 924 598 962 qui
620 925 684 953 talia
699 925 822 964 patitur?
838 932 968 963 quantum

229 972 395 1000 tumultum?
408 970 644 1006 Quemadmodum
658 970 729 999 enim
754 981 814 999 cum
829 971 969 1000 inundatio

229 1018 338 1056 accidit,
351 1025 376 1046 et
391 1028 460 1056 aqua
475 1016 645 1044 officinarum
655 1017 722 1045 atria
736 1024 855 1056 superat,
868 1028 912 1046 eos
923 1018 968 1056 qui

229 1065 300 1093 intus
308 1071 370 1093 sunt
385 1064 505 1092 turbatos
517 1063 706 1103 conspicimus,
720 1070 745 1091 et
757 1063 846 1100 cados,
857 1063 969 1103 ampho-

229 1121 283 1147 ras,
299 1111 424 1150 spongias
436 1118 459 1139 et
468 1111 521 1139 alia
532 1110 616 1139 multa
631 1109 760 1138 adhibere
772 1116 798 1138 et
810 1109 969 1149 excogitare,

234 1165 261 1186 ut
276 1158 351 1187 illam
367 1157 543 1193 exhauriant,
559 1167 592 1185 ne
605 1155 778 1185 fundamenta
793 1163 968 1190 commoveat,

231 1211 256 1233 et
270 1215 332 1233 vasa
348 1204 437 1233 omnia
454 1203 560 1232 inutilia
576 1202 670 1231 reddat
685 1214 690 1229 :
706 1202 743 1230 ita
759 1209 784 1230 et
806 1213 867 1231 cuin
882 1202 971 1231 anima

231 1250 369 1289 voluptate
381 1249 463 1278 nimia
472 1248 616 1283 redundat,
630 1248 703 1277 intus
711 1247 849 1276 ratiocinia
863 1248 1006 1279 turham-E

233 1302 291 1333 tur,
308 1303 333 1324 et
352 1306 413 1324 cum
430 1305 483 1324 non
507 1294 610 1334 possint
626 1294 652 1322 id
671 1293 743 1333 quod
758 1300 911 1332 congestum
936 1301 974 1323 est

232 1353 378 1380 evacuare,
395 1352 508 1380 cumque
522 1340 597 1370 aliud
609 1351 714 1369 rursum
726 1340 871 1379 ingeratur,
881 1340 973 1379 ingens

233 1388 367 1416 excitatur
379 1393 530 1426 tempestas.
547 1387 586 1415 Ne
600 1386 668 1414 mihi
681 1386 806 1425 respicias
826 1386 853 1414 in
867 1385 972 1414 vultum

231 1433 322 1461 laetum
333 1440 357 1461 et
369 1432 483 1460 hilarem
496 1455 503 1467 ‚
520 1431 567 1460 sed
581 1441 638 1469 quae
649 1431 720 1459 intus
732 1438 794 1459 sunt
808 1437 936 1467 scrutare,
948 1438 972 1459 et

231 1478 334 1508 videbis
357 1478 404 1506 illa
426 1478 511 1506 multo
536 1487 648 1505 moerore
671 1476 748 1515 plena
763 1489 768 1504 :
786 1487 816 1505 ac
838 1477 860 1505 si
882 1476 972 1505 liceret

229 1524 353 1553 eductam
368 1523 430 1552 inde
439 1525 557 1551 animam
571 1522 704 1561 corporeis
714 1522 799 1550 oculis
812 1522 972 1561 conspicere,

228 1570 333 1599 videres
348 1569 498 1597 deliciantis
512 1568 630 1597 animam
643 1567 787 1596 demissam
799 1590 806 1604 ‚
826 1575 946 1596 moestam
962 1590 969 1604 ,

228 1617 345 1652 tristem,
361 1622 534 1644 attenuatam.
561 1614 669 1649 Quanto
684 1614 770 1652 magis
786 1614 859 1643 enim
875 1624 971 1653 corpus
989 1623 1005 1646 F

230 1662 427 1701 impinguatur,
440 1667 514 1689 tanto
529 1659 615 1698 magis
627 1659 714 1687 anima
730 1666 883 1687 attenuatur
896 1666 920 1687 et
933 1659 971 1687 in—

230 1707 334 1736 firmior
351 1707 484 1742 efficitur;
503 1713 528 1734 et
548 1712 647 1743 quanto
661 1705 746 1743 magis
768 1704 837 1733 illud
851 1705 972 1741 fovetur,

232 1760 306 1782 tanto
323 1752 409 1791 magis
420 1752 466 1780 illa
481 1751 530 1779 obl
532 1757 603 1779 uitur
620 1757 645 1778 et
659 1750 795 1788 sepelitur
812 1750 847 1778 Et
861 1750 929 1778 sicut
944 1750 970 1778 in

232 1799 372 1827 oculmnm
386 1796 507 1836 pupilla,
522 1796 544 1824 si
559 1795 677 1824 exterius
700 1795 831 1834 impositae
845 1795 990 1847 tuniculoefi

1025 335 1152 376 ἐπιθυμίᾳ
1166 335 1340 374 κατέχεσθαι,
1355 337 1399 365 καὶ
1413 339 1450 375 τῷ
1464 338 1550 371 δείλης
1569 338 1613 366 καὶ
1625 336 1791 375 μεσημὲρίας

1024 382 1050 409 ἓν
1070 380 1167 418 κώμοις
1190 381 1298 419 διάγειν,
1317 382 1362 410 καὶ
1386 387 1473 411 πᾶσαν
1495 383 1543 418 τὴν
1564 384 1644 412 νύκτα
1668 385 1694 412 ἐν
1718 383 1791 422 ὕπνῳ

1025 428 1112 464 βαθεῖ,
1132 426 1176 455 καὶ
1200 429 1244 455 τοῦ
1268 426 1360 465 ὄρθρου
1383 427 1413 455 τὸ
1439 427 1526 456 πλέον.
1540 429 1639 458 Τοῦτον
1661 423 1714 464 οὖν,
1735 429 1792 457 εἶπέ

1025 483 1085 509 μοι,
1102 471 1167 509 μετὰ
1182 473 1233 499 τῶν
1246 471 1349 505 ζώντων
1365 472 1559 510 ἀριθμήσομενς
1573 474 1608 502 Τι’
1626 474 1656 502 ἅν
1671 486 1711 506 τις
1723 474 1790 503 εἴποι

1023 518 1066 546 τὸν
1083 517 1163 546 πολὺν
1178 519 1298 556 χειμῶνα
1312 517 1355 545 τὸν
1373 517 1424 545 ἀπὸ
1441 520 1487 552 τῆς
1501 521 1614 557 τρυφῆς,
1628 519 1671 548 τὸν
1693 521 1728 551 εἷς
1742 519 1789 554 τὴν

1023 563 1118 603 ψυχὴν,
1137 564 1181 593 τὸν
1201 565 1236 595 εἷς
1261 563 1294 591 τὰ
1317 562 1429 601 σώματα
1455 563 1615 602 εἰσρεόμενον
1628 576 1634 597 ;
1661 566 1788 602 Καθάπερ

1022 610 1072 647 γὰρ
1088 612 1104 644 ἡ
1121 609 1231 647 συνεχὴς
1245 608 1382 647 συννέφεια
1393 609 1437 637 καὶ
1449 609 1569 644 διηνεκὴς
1583 610 1629 638 οὔκ
1639 611 1731 650 ἀφίησι
1741 611 1788 646 τὴν

1022 658 1114 684 ἀκτῖνα
1137 654 1283 693 διαλάμψαι
1301 654 1380 683 ποτέ·
1407 653 1488 686 οὕτως
1509 656 1532 682 οἱ
1557 657 1603 690 τῆς
1622 658 1720 695 τρυφῆς
1744 657 1788 686 καὶ

1022 703 1066 729 τοῦ
1078 701 1144 729 οἴνου
1158 701 1252 738 ἀτμοὶ,
1265 700 1385 740 καθάπερ
1400 699 1458 728 τινὰ
1477 700 1604 729 σκόπελον
1619 701 1661 730 τὸν
1679 702 1790 741 ἐγκέφα-

1021 748 1064 775 λον
1077 749 1086 761 ³
1099 745 1275 778 ἀπολαὸόντες
1285 768 1292 781 ,
1307 745 1351 774 καὶ
1364 744 1460 774 πυκνὸν
1476 747 1529 774 ἐκεῖ
1546 745 1689 780 στήσαντες
1698 747 1771 785 νέφος
1780 768 1788 780 ,

1021 803 1050 819 το
1064 791 1168 829 λογικὸν
1197 792 1242 820 οὐκ
1258 792 1364 829 ἀφιᾶσιν
1385 791 1528 825 ἐκταθῆναί
1548 803 1629 827 ποτε,
1652 793 1677 820 ἐν
1704 793 1788 831 πολλῇ

1023 836 1172 874 σκοτουήνῃ
1185 836 1340 875 κατέχοντες
1355 837 1398 865 τὸν
1413 849 1444 874 με
1434 837 1550 865 εθύοντα.
1569 837 1655 866 Πόσον
1674 837 1721 866 οἴει
1735 839 1788 866 λοιε

1020 881 1069 910 πὸν
1085 881 1155 910 ἔνδον
1181 885 1246 910 εἰναι
1269 882 1312 910 τὸν
1336 894 1455 921 χειμωνα
1475 885 1519 911 τοῦ
1541 885 1623 911 ταῦτα
1645 883 1786 917 παθόντος;

1020 927 1100 956 πόσον
1116 939 1159 955 τον
1181 927 1303 966 ὑόρυ6ον;
1325 928 1453 966 Καθάπερ
1475 928 1524 967 γὰρ
1545 928 1706 967 πλημμύρας
1718 941 1788 967 γενο-

1021 973 1100 1010 μένης
1110 996 1117 1008 ,
1128 973 1172 1001 καὶ
1188 976 1233 1001 τοῦ
1247 973 1339 1005 ὕδατος
1352 974 1403 1001 τῶν
1420 973 1599 1013 ἐργαστηρίων
1620 974 1652 1002 τὰ
1672 974 1787 1014 πρόθυρα

1020 1019 1268 1058 ὑπερπηδήσαντος,
1284 1018 1344 1051 τοὺς
1359 1020 1521 1050 ἐνοικοῦντας
1537 1021 1638 1057 ὁρῶμεν
1660 1019 1699 1047 ἀεὶ
1715 1022 1789 1058 θορυ-

1021 1065 1223 1103 ὅουμένους,καἰ
1236 1065 1375 1098 καδίσκους
1387 1064 1432 1093 καὶ
1443 1064 1578 1105 ἀμφορέας
1591 1065 1636 1093 καὶ
1650 1065 1788 1104 σπόγγους,

1022 1112 1066 1140 καὶ
1078 1111 1154 1150 ἕτερα
1172 1111 1258 1140 πολλὰ
1272 1113 1452 1147 ἐπινοοῦντας,
1473 1110 1540 1139 ὥστε
1553 1112 1734 1147 ἀπαντλῆσαι,
1745 1111 1788 1140 ἵνα

1024 1157 1060 1194 μὴ
1071 1158 1115 1186 καὶ
1125 1157 1184 1190 τοὺς
1194 1157 1328 1193 Οεμελίους
1341 1157 1458 1196 &movi-{³⁷3
1469 1180 1475 1193 ,
1486 1156 1530 1185 καὶ
1545 1156 1578 1185 τὰ
1591 1157 1671 1192 σκεύη
1682 1157 1787 1186 ἅπαντα

1024 1203 1145 1243 ἄχρηστα
1159 1203 1318 1242 ἐργάσηται·
1330 1201 1397 1231 οὕτω
1412 1202 1457 1231 καὶ
1471 1205 1487 1237 ἡ
1500 1202 1571 1241 ψυχὴ
1579 1225 1587 1238 ,
1601 1202 1662 1230 ὅταν
1678 1202 1789 1241 ὑπέραν-

1023 1251 1082 1282 τλος
1097 1249 1206 1288 γένηται
1222 1251 1254 1286 τῇ
1267 1249 1351 1285 ποὶλῃ
1364 1250 1459 1287 τρυφῇ,
1475 1248 1644 1288 θορυὸουνται
1658 1247 1704 1286 μὲν
1718 1248 1789 1276 ἔνδον

1024 1296 1048 1324 οἱ
1070 1294 1192 1334 λογισμοι
1202 1316 1209 1330 ,
1234 1306 1264 1322 το
1295 1293 1321 1323 δὲ
1343 1294 1393 1329 ἤδη
1420 1292 1546 1332 συναγΟὲν
1570 1293 1656 1322 οὐκέτι
1676 1295 1790 1322 κενῶσαι

1025 1342 1198 1381 *texum-tx,
1221 1353 1259 1380 τῳ
1279 1340 1359 1369 πάλιν
1387 1339 1474 1378 ε’τερον
1500 1333 1657 1368 ἐπεισελθεῖν
1680 1338 1760 1372 πολὺς
1775 1341 1789 1367 ὁ

1025 1400 1125 1426 χειμων
1141 1387 1266 1415 τίκτεται.
1279 1386 1325 1421 Μὴ
1337 1385 1389 1424 γάρ
1410 1397 1454 1422 μοι
1466 1385 1496 1413 τὸ
1511 1385 1651 1423 πρόσωπον
1662 1384 1718 1423 ἴδῃς
1729 1396 1790 1423 φαι-

1025 1434 1083 1472 ὀρὸν
1098 1433 1143 1461 καὶ
1151 1432 1274 1471 σεσηρὸς,
1289 1431 1356 1460 ἀλλὰ
1365 1431 1398 1459 τὰ
1412 1431 1482 1459 ἔνδον
1494 1430 1623 1465 ἐξέτασον,
1636 1430 1681 1458 καὶ
1689 1431 1789 1465 πολλ’-ῆς

1024 1480 1081 1518 ὄψει
1095 1478 1210 1516 γέμοντα
1224 1480 1270 1512 τῆς
1284 1475 1442 1515 κατηφείας·
1458 1476 1502 1504 καὶ
1514 1476 1538 1504 εἴ
1549 1488 1578 1514 γε
1598 1477 1657 1510 ἐνῆν
1672 1475 1720 1510 τὴν
1736 1478 1788 1515 ψυ-

1021 1524 1073 1564 χὴν
1086 1522 1250 1552 ι’ἐκίὸἀλόντα
1265 1526 1318 1554 τοῖς
1335 1524 1379 1551 τοῦ
1394 1521 1517 1559 σώματος
1528 1523 1669 1559 ὀφθαλμοῖς
1685 1522 1787 1550 ὓποέα-

1022 1572 1085 1604 λεῖν,
1097 1565 1161 1602 εἶδες
1177 1569 1206 1597 ἂν
1218 1568 1264 1603 τὴν
1278 1571 1322 1596 τοῦ
1335 1569 1520 1599 σπαταλῶντος
1534 1569 1639 1605 κατηφῆ
1649 1589 1657 1602 ,
1666 1566 1787 1605 στυγνὴν,

1023 1616 1160 1655 ὀδυνηρὰν,
1175 1613 1401 1653 κατισχνωμένην.
1417 1612 1494 1651 (Όσῳ
1506 1612 1557 1651 γὰρ
1572 1612 1602 1640 ἂν
1614 1612 1644 1641 τὸ
1658 1614 1735 1650 σῶμα
1748 1614 1788 1641 λι-

1023 1661 1149 1697 παίνηται
1158 1660 1202 1689 καὶ
1211 1658 1499 1699 παχύνηται,’τοσούτῳ
1513 1659 1611 1696 μᾶλλον
1624 1657 1710 1693 ἐκείνη
1718 1670 1788 1687 κατι-

1024 1711 1148 1746 σχνοῧται
1161 1707 1206 1735 καὶ
1218 1704 1389 1743 ἀσθενεστέρα
1404 1703 1518 1741 γίνεται·
1534 1703 1578 1731 καὶ
1592 1703 1646 1742 ὅσῳ
1661 1703 1691 1732 ἂν
1706 1705 1789 1732 ἐκεῖνο

1024 1753 1170 1787 θάλπη-ται,
1182 1751 1297 1789 ’τοσούτω
1311 1750 1409 1787 μᾶλλον
1432 1749 1495 1784 αὕτη
1513 1749 1648 1778 Οαπτεται.
1662 1749 1714 1778 Και
1733 1761 1785 1778 κα-

993 1799 1089 1848 2,ιθοὶπε
1080 1811 1107 1836 ρ
1122 1797 1164 1826 ἐπὶ
1175 1809 1221 1832 της
1230 1797 1309 1836 κόρης
1322 1797 1373 1824 τῶν
1389 1795 1553 1834 ὀφθαλμῶν
1542 1807 1571 1823 αν
1588 1795 1635 1832 μὲν
1651 1795 1708 1827 τους
1723 1795 1788 1829 ἔξω-

233 1844 287 1873 sint
301 1844 454 1879 densiores,
470 1852 522 1870 non
537 1848 622 1881 potest
638 1841 760 1869 ceinendi
781 1841 822 1870 vis
837 1830 990 1880 penetr⁶are
991 1858 1010 1879 Α
1005 1830 1066 1873 ιθεν
1079 1843 1257 1881 ἐπικειμένους
1270 1841 1440 1881 χιτωνίσκους
1454 1841 1502 1880 ἔχῃ
1521 1845 1629 1879 παχεῖς,
1645 1841 1692 1869 οὐκ
1704 1840 1789 1879 ἰσχύει

233 1897 259 1919 et
273 1889 434 1928 conspicere,
447 1887 523 1916 radio
538 1897 553 1915 a
573 1886 704 1915 densitate
725 1886 857 1925 depulso,
872 1893 897 1914 et
911 1886 974 1914 hinc

234 1946 303 1975 saepe
316 1935 430 1964 tenebrae
446 1933 572 1962 oriuntur
585 1944 592 1959 ε
610 1932 644 1960 ita
660 1942 720 1960 cum
737 1942 833 1971 corpus
848 1932 974 1970 frequen-

234 1981 288 2010 tius
302 1981 463 2009 incrassatur
475 2002 482 2015 ,
498 1979 583 2007 multa
595 1978 725 2006 densitate
739 1977 972 2006 circumcluditur.

235 2029 270 2056 At
283 2026 382 2056 mortui
393 2049 402 2064 ,
418 2025 521 2064 inquies
531 2047 538 2060 ‚
552 2031 761 2064 corrumpuntur
770 2031 797 2053 et
809 2030 976 2063 putrescunt,

236 2073 375 2110 multaque
389 2071 474 2100 sanies
489 2070 552 2099 inde
563 2070 633 2099 fluit.
648 2070 687 2098 Ita
700 2069 779 2098 etiam
794 2069 820 2098 in
834 2069 976 2098 deliciante

237 2119 378 2154 observe53
392 2118 484 2146 fluxus
492 2139 500 2154 ,
514 2116 652 2155 phlegma,
665 2126 812 2153 mucorem,
828 2116 972 2155 singultus,

238 2165 366 2201 vomitus,
382 2163 556 2192 eructationes
572 2174 577 2191 :
590 2169 684 2191 caetera
704 2161 776 2190 enim
786 2184 794 2199 ,
811 2172 868 2200 quae
884 2161 974 2200 turpia

239 2218 300 2240 sunt
312 2234 320 2248 ,
344 2209 526 2250 praetermitto.
544 2209 630 2237 Tanta
655 2208 754 2247 quippe
775 2215 814 2236 est
829 2207 976 2247 voluptatis

238 2258 373 2298 tyrannis,
389 2263 419 2287 ut
433 2267 464 2285 ea
475 2255 605 2285 sustinere
619 2261 695 2293 cogat
709 2276 717 2291 ,
730 2265 790 2293 quae
812 2254 900 2283 dicere
923 2264 975 2282 non

240 2304 377 2333 audemus.

276 2463 287 2474 ι
305 2455 382 2487 {Puto
400 2455 487 2478 metius
499 2456 648 2482 ἐπιλαὲὸντες.
672 2455 840 2484 &miuneham
859 2457 895 2475 est
917 2452 994 2475 inter-

243 2492 352 2524 cludere,
372 2491 510 2523 excludere,
530 2491 654 2516 seducere.
677 2491 792 2515 Dunaeus.
805 2489 872 2515 Nihil
892 2495 993 2514 mutan-

244 2532 328 2563 (lum.]

278 2571 290 2584 *
319 2567 484 2604 [Notandum
515 2568 658 2593 anacoluthi
684 2577 759 2602 genus
784 2570 914 2601 (ἰσχύοντες
947 2576 992 2600 pro

1024 1891 1054 1919 τὸ
1069 1888 1214 1928 διορατικον
1227 1890 1330 1927 ἀφεῖναι
1348 1887 1392 1916 καὶ
1409 1886 1544 1921 ἀτενίσαι,
1564 1888 1610 1920 τῆς
1627 1887 1728 1918 ἀκτῖνος
1747 1888 1790 1915 ἐκ-

1026 1933 1184 1972 κρουομένης
1197 1932 1248 1960 ὕπὸ
1262 1934 1309 1966 τῆς
1331 1930 1483 1969 παχύτητος
1493 1952 1500 1965 ,
1522 1929 1567 1958 καὶ
1582 1929 1672 1962 σκότος
1691 1928 1790 1967 γίνεται

1025 1979 1165 2011 πολλάκις·
1182 1977 1250 2007 οὕτω
1271 1977 1315 2006 καὶ
1335 1977 1365 2005 τὸ
1389 1977 1485 2013 σῶμα,
1509 1974 1613 2003 ἐπειδὰν
1636 1974 1790 2009 λιπαίνηται

1026 2027 1156 2065 συνεχῶς,
1171 2023 1271 2058 πολλὴν
1293 2023 1360 2054 εἰκὸς
1381 2021 1428 2057 τὴν
1452 2020 1593 2060 παχύτητα
1614 2023 1788 2059 περικεῖσθαι,

1026 2072 1095 2101 Ἀλλ’
1112 2073 1136 2100 οἱ
1152 2071 1306 2103 τεθνεῶτες,
1317 2067 1399 2107 φησὶ,
1424 2066 1553 2101 σήπονται
1573 2065 1618 2094 καὶ
1633 2065 1792 2105 διαφθείρον-

1028 2130 1087 2153 ται,
1102 2117 1147 2145 καὶ
1162 2115 1242 2147 πολὺς
1265 2115 1309 2143 ἀπ’
1327 2115 1411 2142 αὐτῶν
1434 2112 1500 2152 ἰχὼρ
1522 2113 1631 2151 διαῤῥεῖ.
1654 2111 1734 2140 Οὕτω
1748 2111 1792 2140 καὶ

1029 2164 1072 2193 ἐπι
1087 2176 1134 2198 της
1148 2160 1325 2195 σπαταλώσης
1343 2160 1412 2189 ἐστιν
1427 2159 1499 2193 ἰδεῖν,
1519 2158 1548 2187 τὸ
1570 2159 1669 2196 ῥεῦμα,
1684 2157 1714 2186 τὸ
1733 2157 1794 2196 φλέ-

1029 2222 1103 2249 γμα,
1114 2209 1225 2248 κόρυζα,
1239 2204 1347 2245 λυγξ,”
1333 2216 1433 2243 εμετοι,
1453 2203 1560 2242 ἐρυγαί
1575 2215 1608 2231 τα
1621 2202 1672 2241 γὰρ
1687 2203 1763 2238 ἄλλα,
1777 2203 1794 2231 ἃ

1030 2266 1075 2282 και
1091 2252 1196 2291 αἷσχρον
1219 2251 1310 2283 εἰπεῖν,
1323 2248 1449 2287 παρίημι.
1461 2246 1585 2281 Τοσαύτη
1600 2245 1651 2285 γὰρ
1675 2247 1722 2280 τῆς
1736 2257 1795 2285 τρυ-

1032 2311 1081 2338 φης
1094 2301 1111 2333 ἡ
1123 2308 1257 2337 τυραννις,
1269 2295 1308 2323 ὅτι
1323 2294 1339 2321 ἃ
1356 2292 1421 2332 μηδὲ
1437 2294 1518 2322 ειπεῖν
1534 2291 1696 2331 ἀνεχόμεθα,
1712 2294 1795 2320 ταῦτα

1032 2348 1100 2373 ποιεῖ
1115 2341 1194 2374 αὐτὰς
1207 2338 1355 2377 ὑπομένειν.

1044 2448 1170 2482 ἰσχυόντων)
1185 2454 1268 2470 rarum
1281 2443 1381 2477 quidem
1398 2444 1422 2467 in
1434 2442 1624 2476 Chrysostomo,
1644 2447 1795 2472 quamq-uam

1043 2487 1110 2520 apud
1122 2486 1183 2511 alios
1196 2492 1283 2509 omues
1298 2481 1502 2515 frequentissimis
1513 2479 1632 2512 exemptis
1643 2484 1749 2503 constet.
1752 2478 1761 2513 ]

1076 2527 1088 2545 b
1099 2526 1182 2559 [Fort-
1194 2526 1349 2553 {tangeri-Q..
1355 2540 1370 2546 --
1385 2523 1491 2548 mezi?
1474 2532 1511 2551 -ιν,
1522 2519 1632 2543 animam
1642 2523 1792 2550 protractam

1043 2565 1121 2589 oculis
1133 2561 1290 2595 submittere]
