1893 2860
250 166 321 211 (3224
585 180 611 201 s.
638 180 776 202 Jomffls
802 180 982 202 Citiu'SOST.

110 244 194 265 atam..
216 251 249 266 lo.
265 239 402 276 inquit,‹1s
420 241 484 266 bovi
498 241 649 268 trituranti
664 251 672 266 :
687 245 730 274 et,
744 240 858 279 Dignus
874 245 915 269 est
935 250 998 278 ope-

111 281 144 295 to.

264 286 359 312 rarius
378 285 507 312 mercede
524 295 588 313 sua.
607 285 696 319 Quare
710 295 757 314 nec
775 285 818 314 hic
831 284 942 324 quidem
961 292 999 314 est

1012 181 1096 203 ARCH
1102 181 1153 204 1131)
1159 196 1166 204 .
1192 183 1253 205 CON
1259 183 1316 206 STA
1323 184 1376 207 NT}
1382 185 1445 208 NOP
1451 199 1458 206 .

1054 240 1126 276 σίας,
1137 242 1182 270 καὶ
1197 243 1319 280 ἐργασίας
1333 245 1450 284 μεγάλης
1461 246 1590 284 λαμὸοίνει
1604 246 1647 275 τὸν
1664 245 1764 284 μισθόν.
1775 245 1815 274 Τὸ

1053 285 1079 315 δὲ
1095 286 1216 325 εὔχεσθαι
1229 288 1274 316 καὶ
1286 290 1418 323 νηστεύειν
1435 293 1580 331 ἀργοῦντα,
1594 294 1641 321 οὐκ
1656 292 1724 322 ἔστιν
1740 291 1814 330 ἔργον

263 329 377 366 otiosus,
393 329 439 357 scd
453 340 539 368 opera)
552 352 559 366 ‚
581 331 691 369 ejusque
706 341 826 369 magnae,
850 330 998 359 mercedem
1015 338 1031 360 B
1051 334 1163 372 χειρῶν·
1175 333 1297 372 ἐργασίαν
1307 335 1358 373 γάρ
1371 347 1448 374 φησιν
1460 338 1570 366 ἐνταῦθα
1583 339 1629 373 τὴν
1641 338 1683 367 διὰ
1696 339 1747 366 τῶν
1760 349 1815 376 χει-

261 374 366 413 accipit.
383 375 507 403 Otiosum
521 382 609 404 autem
629 387 704 405 orare
717 383 741 405 et
753 377 875 416 jejunare
888 387 940 405 non
959 383 998 405 est

260 430 326 459 opus
345 431 472 450 manuum
487 435 492 449 ε
507 422 686 461 operationem
699 423 771 451 enim
791 422 836 451 hic
858 422 924 451 dicit
938 433 995 451 eam

259 477 317 504 quae
331 466 362 494 fit
380 478 427 506 per
448 478 552 496 manus.
578 467 613 496 Et
633 475 662 496 ut
677 468 747 497 nihil
763 468 815 497 tale
835 467 993 507 διωρίσω-ἰδ’,

258 513 399 551 subjunxit
411 525 417 541 z
429 514 514 542 Mlzil
532 521 683 553 operantes
694 537 703 549 ,
718 515 769 543 sed
781 516 893 543 curiose
905 524 993 553 agen-

258 565 308 587 tes.
322 561 367 587 152.
385 560 426 588 Iis
444 566 541 588 autem
557 562 607 598 qui
623 560 763 599 ejusmodi
777 566 862 597 sunt,
883 560 994 588 denun—

258 606 364 633 tiamus
375 611 402 633 et
417 607 599 634 obsecramus
610 608 641 634 in
651 607 778 634 Domino
787 606 858 634 Jesu
868 606 992 634 Christo.

257 650 391 685 Quoniam
406 661 448 680 cos
463 651 540 681 valde
557 652 657 691 tetigit,
674 652 806 681 mitiorem
821 651 914 680 volens
928 650 991 679 red·

256 696 319 726 dere
332 698 477 727 orationem
489 721 497 736 ,
514 699 666 738 subjunxit,
679 700 737 727 Per
757 700 917 727 Dominum
941 699 993 726 Je-

256 753 320 771 sum
333 744 479 773 Clerstum
496 757 504 771 :
518 751 543 773 et
555 755 648 773 rursus
664 745 881 784 probabilitatem
896 750 920 772 et
940 750 992 772 ter-

255 799 342 817 rorem
358 790 470 818 asferens
484 789 555 818 dixit
570 802 576 817 τ
596 792 633 819 Ut
651 801 716 818 cum
730 791 846 819 silentio
867 800 991 828 operan-

257 840 298 862 tes
309 845 415 873 panem
426 845 506 863 suum
524 837 708 864 manducent.
723 835 777 863 Cur
789 845 839 864 non
855 835 925 863 dixit
938 857 945 871 ,
962 834 991 864 Si

256 891 308 909 non
322 881 375 909 sint
390 888 478 909 autent
495 881 646 910 immodesti
662 889 687 910 et
699 881 838 919 dissoluti,
860 882 966 910 alantur
977 892 992 910 a

255 926 350 963 vobis;
364 926 411 954 sed
423 933 566 965 utrumque
575 927 674 966 exigit,
692 934 721 955 ut
736 934 762 956 et
773 928 825 955 sint
837 927 862 955 in
877 927 991 961 silentio,

255 978 280 998 ct
295 973 456 1010 operentur?
472 972 542 1007 Quia
556 972 628 1011 ipsos
643 979 781 1012 operantes
794 973 853 1001 vult
873 973 925 1001 sibi
942 973 992 1001 ali-

254 1024 372 1045 mentum
398 1028 500 1057 parare.
524 1018 580 1046 Hoc
603 1018 674 1046 enim
688 1018 740 1047 sibi
756 1018 816 1047 vult
838 1018 924 1055 illud,
954 1020 991 1048 Ut

251 1074 358 1101 panem
373 1074 455 1093 suum
469 1065 645 1093 manducent
654 1076 665 1097 ;
677 1064 704 1092 id
719 1070 766 1101 est,
781 1075 812 1093 cx
828 1064 883 1092 suis
893 1064 991 1093 labori-

253 1110 312 1146 bus,
325 1120 375 1139 non
388 1111 516 1148 alienum,
524 1121 557 1139 ex
567 1110 736 1139 mendicitate
746 1117 863 1150 partum.
874 1112 921 1140 15.
934 1113 990 1140 Vos

251 1162 350 1184 aulem
360 1179 367 1191 ,
376 1157 491 1196 finires
500 1179 508 1194 ,
526 1157 616 1185 nolite
630 1157 752 1196 deficere
766 1157 988 1196 benefacientes.

251 1204 324 1232 Vide
338 1204 470 1242 quomodo
486 1205 575 1233 statim
587 1205 668 1233 fracta
680 1211 741 1233 sunt
754 1211 861 1244 paterna
876 1204 987 1234 viscera.

250 1252 309 1280 Nou
325 1252 411 1291 potuit
431 1252 541 1281 ulterius
564 1252 690 1292 prosequi
705 1252 928 1292 increpationem,
940 1252 987 1281 sed

249 1308 342 1327 rursus
372 1308 463 1327 corum
491 1305 529 1326 est
557 1298 682 1327 misertus
705 1310 711 1326 :
732 1298 795 1327 vide
816 1305 904 1327 autem
925 1309 987 1327 cum

250 1350 347 1381 quanta
368 1343 518 1383 prudentia.
534 1344 593 1372 Non
615 1343 704 1379 dixit,
719 1343 772 1372 Sed
789 1344 826 1372 eis
841 1343 984 1382 ignoscite,

249 1389 333 1418 donec
352 1389 533 1428 corrigantur3
548 1389 594 1418 scd
607 1390 693 1428 quid?
709 1391 766 1418 Vos
781 1396 879 1418 autem
897 1390 987 1418 nolite

249 1437 371 1475 deficere
380 1438 603 1476 benefacientes.
613 1437 778 1473 subtrahite,
790 1437 887 1475 inquit,
895 1447 943 1466 vos
952 1437 987 1465 ab

249 1482 329 1521 ipsis,
344 1489 369 1510 et
393 1493 437 1511 eos
452 1482 585 1522 increpate
598 1494 604 1509 ε
619 1493 651 1511 ne
664 1489 751 1510 tamen
767 1492 810 1510 eos
822 1482 891 1511 fame
903 1483 985 1511 inter-

248 1535 338 1557 euntes
348 1527 486 1568 despicite.
495 1528 569 1563 Quid
579 1539 652 1567 ergo,
663 1528 760 1566 inquit,
775 1527 797 1556 si
808 1538 864 1556 eam
878 1539 937 1566 quae
948 1535 986 1557 est

248 1585 262 1602 a
274 1573 350 1603 nobis
366 1574 466 1602 liabens
485 1573 693 1610 abundantiam,
711 1580 798 1601 manet
820 1574 941 1602 otiosus?
954 1574 985 1602 In

248 1630 287 1654 cO,
297 1620 390 1658 inquit,
399 1619 533 1659 placidum
544 1630 574 1648 ac
585 1619 730 1657 benignum
741 1619 800 1648 dixi
813 1619 986 1648 medicamen·

246 1671 303 1692 tum
317 1675 325 1691 τ
340 1674 434 1703 nempe
444 1686 452 1701 ,
467 1663 624 1692 subtrahite
638 1674 685 1692 vos
704 1663 739 1691 ab
758 1663 834 1702 ipso;
850 1664 901 1692 boc
926 1671 981 1698 est,

246 1709 287 1737 Nc
298 1708 321 1736 ei
334 1708 402 1737 dctis
414 1708 542 1736 fiduciam
553 1714 578 1736 et
588 1707 715 1745 loquendi
726 1707 884 1744 libertatem,
897 1714 985 1736 osten-

246 1752 302 1780 dite
313 1763 360 1781 vos
372 1752 395 1780 ci
406 1762 567 1780 succensere.
580 1753 639 1780 Non
653 1758 690 1779 est
703 1751 754 1779 hoc
766 1762 891 1790 parvum.
908 1752 984 1780 Talis

246 1797 276 1824 fit
288 1796 321 1824 ad
333 1796 427 1824 fratres
437 1796 592 1835 increpatio,
610 1795 631 1823 si
644 1806 705 1824 vere
715 1806 757 1824 eos
767 1795 892 1824 volumus
904 1796 984 1825 corri-

246 1852 315 1880 gere.
331 1842 389 1869 Non
412 1841 565 1879 ignoramus
587 1840 680 1869 modos
702 1840 897 1880 increpationis.
915 1842 984 1870 Nam

246 1889 290 1916 dic
314 1899 403 1927 quaeso
414 1912 421 1925 ,
436 1888 458 1917 si
473 1889 582 1916 fratrem
602 1887 713 1916 haberes
728 1889 875 1923 carnalem,
889 1899 985 1918 eumne

245 1935 392 1974 despiceres
414 1935 484 1963 same
502 1934 677 1974 pereuntem?
704 1935 764 1963 Non
788 1945 850 1963 sane
873 1935 982 1974 opinor;

246 1981 292 2010 sed
305 1982 372 2010 forte
386 1981 466 2009 etiam
478 1980 630 2019 corrigeres
646 1981 694 2009 14.
714 1981 798 2018 Quod
808 1982 832 2010 si
847 1983 911 2020 quis
927 1992 986 2010 non

247 2029 342 2056 obedit
357 2028 448 2056 verbo
467 2033 564 2055 nostro
575 2036 628 2065 per
643 2027 804 2065 epistolam.
818 2026 890 2056 Vide
906 2027 983 2055 Pauli

245 2073 424 2102 humilitatem
441 2084 447 2100 t
466 2083 518 2101 non
539 2071 624 2108 dixit,
639 2072 694 2107 Qui
712 2083 763 2101 non
787 2072 897 2109 obedit,
914 2073 981 2101 mihi

246 2130 297 2148 non
308 2119 417 2157 obedit,
429 2118 475 2148 sed
485 2118 590 2157 placide
601 2118 762 2147 subindicat.
775 2119 863 2147 Hanc
874 2125 981 2147 notate.
1009 2133 1013 2139 ⁴

246 2166 346 2194 Utnon
364 2165 458 2199 lateat,
477 2165 528 2193 hoc
549 2163 634 2192 facere
654 2163 788 2193 hortatur.
803 2165 848 2193 Ne
861 2167 983 2194 commi-

246 2213 386 2239 sceamini
400 2221 463 2240 cum
477 2211 538 2240 illo.
549 2212 608 2240 Non
622 2218 659 2240 cst
672 2221 756 2251 parva
767 2211 823 2239 haec
834 2211 982 2250 castigatio.

245 2257 350 2285 Deinde
361 2267 469 2291 rursus,
488 2257 526 2285 Ut
535 2256 742 2295 confundatur.
759 2257 814 2285 Nec
829 2256 891 2285 sinit
907 2257 981 2285 ulte-

244 2302 300 2330 rius
315 2302 449 2341 progredi.
460 2302 497 2330 Ut
509 2302 579 2330 enim
594 2312 654 2330 cum
667 2301 789 2340 dixisset,
799 2303 830 2331 Si
843 2305 907 2341 quis
922 2313 981 2330 non

245 2354 388 2385 operatur,
403 2357 454 2376 nec
467 2348 637 2382 manducet,
653 2347 754 2376 veritus
764 2358 795 2376 ne
805 2348 874 2377 same
887 2348 979 2377 interi-

1053 379 1113 415 ρῶν.
1130 378 1182 406 Καὶ
1197 377 1238 407 ἵνα
1253 379 1335 416 μηδὲν
1353 383 1465 410 τοιοῦτον
1485 383 1649 422 ὑποπτεύσῃς
1659 405 1666 418 ,
1679 383 1796 421 ἐπήγαγε
1808 393 1814 400 ·

1051 422 1140 457 Μηδὲν
1153 424 1353 462 ἐργαζομένους,
1364 425 1431 454 ἀλλὰ
1443 429 1700 468 περιεργαζομένους.
1711 429 1775 461 Τοῖς
1788 427 1816 457 δὲ

1048 467 1173 502 τοιούτοις
1188 469 1405 509 παραγγέλλομεν
1419 471 1464 500 καὶ
1485 475 1687 512 παρακαλοῦμεν
1707 473 1748 502 διὰ
1770 476 1816 502 τοῦ

1048 514 1146 552 Κυρίου
1159 516 1234 552 ἡμῶν
1245 515 1333 550 Ἰησοῦ
1352 516 1477 554 Χριστοῦ.
1488 517 1596 554 Ἐπειδὴ
1617 519 1714 558 σφόδρα
1729 519 1815 554 καθή-

1046 560 1130 597 ψατο,
1146 561 1351 600 προσηνέστερον
1374 562 1529 600 βουλόμενος
1547 565 1708 599 ποιῆσαιτὸν
1726 565 1814 603 λόγον,

1046 605 1177 645 ἐπήγαγε,
1187 606 1237 635 Διὰ
1246 610 1289 636 τοῦ
1302 607 1410 647 Κυρίου,
1423 608 1503 637 πάλιν
1514 609 1543 638 τὸ
1555 608 1704 642 ἀξιόπιστον
1712 610 1757 639 καὶ
1765 621 1813 650 φο-

1047 650 1121 690 ὃερὸν
1130 652 1212 691 ταύτῃ
1224 653 1318 686 δηλῶν.
1326 652 1383 681 Ἵνα
1394 655 1451 692 μεθ’
1464 654 1575 693 ἡσυχίας
1584 655 1758 694 ἐργαζόμενοι,
1767 655 1812 684 τὸν

1047 697 1146 724 ἑαυτῶν
1163 697 1239 736 ἄρτον
1253 697 1367 728 ἐσθίωσι.
1378 699 1430 728 Διὰ
1444 699 1470 728 τί
1482 700 1518 738 μὴ
1529 695 1610 736 εἶπεν,
1622 702 1643 729 εἷ
1657 700 1683 730 δὲ
1696 700 1732 738 μὴ
1747 702 1812 729 ἀτα-

1024 761 1027 767 .
1047 745 1150 778 κτοῦσι,
1174 743 1357 782 τρεφέσθωσαν
1379 746 1442 784 παρ’
1467 747 1555 783 ὑμῶν·
1580 745 1648 774 ἀλλὰ
1674 745 1813 784 ἀμφότερα

1048 788 1170 824 ἀπαιτεῖ,
1183 789 1228 817 καὶ
1245 789 1275 818 τὸ
1290 791 1315 817 ἐν
1337 791 1434 829 ἡσυχίᾳ
1446 793 1527 827 εἶναι,
1539 791 1584 820 καὶ
1598 792 1628 821 τὸ
1643 791 1812 830 ἐργάζεσθαις

1047 832 1112 861 εΌτι
1127 833 1248 871 βούλεται
1266 835 1356 868 αὐτοὺς
1374 837 1560 876 ἐργαζομένους
1574 837 1676 877 τρέφειν
1697 837 1812 870 ἑαυτούς.

1048 879 1134 908 Τοῦτο
1148 880 1200 919 γάρ
1211 882 1267 909 ἐστι
1277 904 1284 916 ,
1298 882 1327 910 τὸ
1337 904 1345 917 ,
1360 882 1417 910 Ἵνα
1427 883 1470 912 τὸν
1490 885 1587 912 ἑαυτῶν
1601 884 1678 922 ἄρτον
1691 882 1812 916 ἓσθίωσι,

1047 925 1180 959 τουτέστι,
1192 926 1236 954 τὸν
1250 925 1276 959 ἐξ
1290 927 1390 956 οἰκείων
1407 928 1502 963 πόνων,
1516 928 1583 958 ἀλλὰ
1607 928 1643 966 μὴ
1664 929 1707 958 τὸν
1730 929 1811 957 ἀλλό-

1046 982 1127 1009 τριον,
1142 970 1185 999 τὸν
1201 972 1253 1000 ἀπὸ
1267 975 1312 1001 τοῦ
1331 978 1481 1012 προσαιτεῖν
1498 973 1706 1012 ἕκποριζόμενον.
1717 973 1810 1011 “Υμεῖς

1047 1015 1073 1044 δὲ
1085 1038 1092 1051 ,
1112 1016 1235 1055 ἀδελφοὶ,
1260 1017 1296 1055 μὴ
1324 1018 1489 1054 ἕκκακήσητε
1514 1020 1722 1052 καλοποιοῦντες.
1737 1019 1808 1058 ’Ὅρα

1044 1063 1101 1094 πῶς
1120 1061 1214 1095 εὐθέως
1236 1064 1402 1099 κατεκλάσθη
1425 1063 1458 1092 τὰ
1473 1064 1614 1103 σπλάγχνα
1628 1064 1661 1093 τὰ
1683 1065 1808 1103 πατρικᾶ.

1044 1108 1102 1136 Οὐκ
1117 1108 1210 1147 ἴσχυσε
1232 1109 1378 1148 περαιτέρω
1399 1109 1447 1144 τὴν
1470 1109 1619 1147 ἐπιτίμησιν
1639 1114 1809 1149 προαγαγεῖν,

1044 1153 1112 1182 ἀλλὰ
1129 1155 1208 1182 πάλιν
1225 1155 1316 1187 αὐτοὺς
1329 1155 1444 1190 ἠλέησε·
1462 1156 1507 1184 καὶ
1521 1156 1568 1195 ὅρα
1588 1157 1644 1193 μεθ’
1657 1155 1719 1191 ὅσης
1734 1156 1809 1185 συνέ·

1043 1211 1117 1232 σεως.
1131 1201 1189 1228 Οὐκ
1211 1196 1267 1229 εἷπε
1278 1223 1286 1235 ,
1297 1200 1366 1236 πλὴν
1387 1201 1576 1240 συγγινώσκετε
1592 1203 1694 1237 αὐτοῖς,
1706 1201 1755 1233 ἕως
1776 1201 1808 1229 ἂν

1042 1244 1227 1284 διορθώσονται
1239 1258 1245 1264 ·
1261 1246 1328 1275 ἀλλὰ
1344 1247 1383 1283 τί;
1394 1246 1488 1285 Ὑμεῖς
1501 1247 1528 1275 δὲ
1540 1247 1570 1276 τὸ
1582 1246 1660 1275 καλὸν
1675 1249 1808 1279 ποιοῦντες

1042 1289 1079 1326 μὴ
1102 1291 1278 1326 ἐκκακήσητε.
1300 1292 1445 1321 Στέλλεσθε
1471 1292 1529 1330 μὲν,
1552 1292 1640 1332 φησὶν,
1660 1294 1706 1321 ἀπ’
1722 1293 1806 1321 αὐτῶν

1041 1335 1085 1364 καὶ
1100 1337 1240 1374 ἐπιτιμᾶτε
1253 1339 1356 1374 αὐτοῖς,
1372 1338 1408 1376 μὴ
1433 1338 1485 1376 μὴν
1504 1338 1639 1378 περιίδητε
1656 1339 1727 1376 λιμῷ
1747 1339 1807 1366 διοι-

1043 1381 1196 1420 φθαρέντας.
1216 1383 1252 1411 Τί
1267 1379 1318 1419 οῧν,
1345 1383 1433 1422 φησὶν,
1453 1383 1483 1412 ἂν
1498 1383 1565 1422 ἔχων
1585 1383 1633 1418 τὴν
1652 1383 1717 1422 παρ’
1730 1386 1806 1421 ἡμῶν

1042 1429 1166 1467 ἀφθονίαν
1191 1430 1303 1469 ἐπιμένῃ
1329 1431 1415 1470 ἀργῶν
1431 1442 1438 1466 3
1462 1431 1525 1460 Ἐπὶ
1550 1431 1642 1460 τούτου
1667 1431 1805 1471 φάρμακον

1040 1478 1184 1517 προσηνὲς,
1203 1480 1292 1518 φησὶν,
1310 1475 1394 1515 εἷπον,
1417 1480 1457 1509 ὅτι
1479 1481 1617 1510 στέλλεσθε
1639 1482 1684 1509 ἀπ’
1705 1482 1782 1510 αὐτοῦ
1797 1504 1805 1517 ,

1039 1529 1174 1566 τουτέστι,
1190 1530 1226 1569 μὴ
1240 1531 1400 1569 μεταδιδῶτε
1412 1532 1483 1570 αὐτῷ
1498 1531 1646 1570 παῤῥησίας
1656 1554 1663 1567 ,
1677 1531 1804 1561 ἐνδείκνυ-

1039 1583 1083 1609 σθε
1099 1579 1138 1608 ὅτι
1150 1581 1291 1619 ὀργίζεσθε.
1305 1582 1346 1609 Οὔ
1365 1581 1457 1620 μικρὸν
1473 1580 1500 1609 δὲ
1515 1583 1600 1610 τοῦτο.
1615 1581 1731 1617 Τοιαύτη
1753 1582 1805 1622 γὰρ

1038 1631 1054 1664 ἡ
1072 1630 1136 1669 πρὸς
1150 1630 1193 1659 τὸν
1208 1631 1318 1669 ἀδελφὸν
1336 1629 1437 1669 γίνεται
1449 1630 1618 1669 ἐπιτίμησις,
1630 1630 1655 1659 εἴ
1674 1642 1704 1669 γε
1723 1631 1804 1665 ὄντως

1011 1693 1018 1705 .-
1039 1679 1229 1718 διορῡώσασθαι
1251 1680 1406 1718 βουλόμεθα.
1419 1682 1477 1710 Οὔκ
1501 1682 1643 1720 ἀγνοοῦμεν
1664 1680 1723 1714 τοὺς
1740 1681 1803 1721 τρό-

1037 1741 1100 1762 πους
1122 1732 1169 1765 τῆς
1191 1730 1376 1768 ἐπιτιμήσεως.
1391 1730 1459 1759 Εἰπὲ
1473 1731 1525 1770 γάρ
1546 1743 1610 1768 μοι,
1633 1733 1656 1760 εἷ
1678 1732 1802 1772 σαρκικὸν

1038 1775 1105 1819 εἶχες
1119 1780 1238 1819 ἀδελφὸν,
1254 1776 1303 1819 ἆρα
1317 1780 1346 1809 ἂν
1365 1782 1492 1821 περιεῖδες
1503 1781 1580 1810 αὐτὸν
1600 1782 1671 1820 λιμῷ
1685 1781 1803 1820 ’τηκόμε-

1037 1842 1079 1859 νον
1091 1842 1098 1865 ;
1112 1832 1170 1860 Οὔκ
1181 1830 1262 1870 ἔγωγε
1274 1826 1348 1869 οἶμαι
1359 1842 1364 1848 ·
1378 1832 1436 1859 ἀλλ’
1449 1831 1510 1863 ἴσως
1521 1830 1569 1860 κᾶν
1581 1831 1739 1871 ε’ῤῥύθμισας
1754 1833 1802 1860 αὖ·

1038 1881 1091 1910 τόν.
1110 1882 1145 1910 Ei
1157 1881 1186 1910 δέ
1205 1893 1243 1913 τις
1254 1883 1301 1920 οὐχ
1312 1881 1437 1910 ὑπακούει
1453 1883 1490 1920 τῷ
1506 1881 1576 1920 λόγῳ
1590 1882 1678 1919 ἡμῶν,
1692 1881 1735 1910 διὰ
1755 1883 1802 1917 τ’ῆς

1038 1932 1186 1965 ἐπιστολῆς.
1197 1931 1272 1969 ”Ορα
1291 1931 1530 1970 ταπεινοφροσύνην
1544 1934 1588 1960 τοῦ
1610 1931 1716 1960 Παύλου
1727 1943 1733 1949 ·
1755 1933 1802 1961 οὐκ

1038 1975 1119 2016 εἶπεν,
1131 1982 1144 2008 ὁ
1161 1980 1329 2020 παρακούων,
1342 1982 1405 2018 ἐμοῦ
1419 1979 1576 2019 παρακούει·
1593 1981 1650 2009 ἀλλ’
1661 1979 1750 2019 ἠρέμα
1761 1982 1802 2009 αἰ·

1037 2031 1160 2060 νίττεται.
1188 2032 1287 2060 Τοῦτον
1309 2033 1475 2069 σημειοῦσθε.
1493 2030 1578 2059 ”Ω.στε
1603 2030 1640 2069 μὴ
1665 2031 1801 2060 λανθάνειν

1037 2084 1112 2110 τοῦτο
1126 2084 1209 2109 ποιεῖν
1235 2081 1385 2120 προτρέπει.
1403 2080 1449 2116 Μὴ
1475 2080 1697 2120 συναναμίγνυσθε
1722 2082 1801 2121 αῧτῷ.

1037 2132 1076 2160 Οὖ
1093 2130 1176 2170 μικρὰ
1195 2130 1331 2164 παίδευσις
1348 2131 1394 2160 καὶ
1406 2130 1481 2166 αὕτη.
1493 2126 1560 2159 Εἶτα
1580 2131 1660 2160 πάλιν
1672 2143 1678 2149 ·
1689 2130 1748 2160 Ἵνα
1761 2133 1801 2160 ε’ν-

1034 2186 1122 2221 τραπῇ
1134 2205 1141 2217 ,
1158 2182 1245 2221 φησίν.
1261 2181 1352 2214 Οὕτως
1367 2183 1412 2211 οὐκ
1437 2182 1542 2221 ἀφίησιν
1567 2181 1714 2221 περαιτέρω
1731 2195 1799 2222 προ-

1035 2233 1127 2261 ελθεῖν.
1140 2231 1246 2271 υΩσπερ
1258 2231 1308 2270 γὰρ
1321 2230 1411 2267 εἰπὼν,
1424 2231 1460 2260 Εἴ
1469 2244 1508 2265 τις
1521 2231 1557 2270 μὴ
1570 2232 1722 2272 ἐργάζεται,
1735 2234 1801 2271 μηδὲ

1033 2282 1159 2318 ἐσθιέτω,
1177 2282 1299 2315 δεδοικὼς
1319 2282 1355 2320 μὴ
1376 2283 1447 2321 λιμῷ
1468 2282 1636 2318 ἀπόλωνται,
1658 2282 1800 2322 ἐπήγαγεν,

1035 2332 1126 2370 Ἵ“μεῖς
1141 2332 1167 2361 δὲ
1182 2332 1211 2361 τὸ
1225 2332 1304 2360 καλὸν
1319 2335 1452 2365 ποιοῦντες
1472 2331 1508 2370 μὴ
1523 2332 1688 2368 ε’κκακήσητε
1698 2344 1704 2351 ·
1719 2332 1801 2367 οὕτως

244 2400 310 2428 rent,
321 2394 470 2432 subjunxit,
483 2395 539 2422 Vos
551 2400 648 2422 autem
661 2394 750 2422 nolite
762 2395 884 2432 deficere
895 2397 974 2424 bene·
988 2383 1024 2432 ⁵¹2⁰
1034 2382 1125 2419 Εἰπὼν,
1147 2382 1300 2418 στέλλεσθε,
1313 2383 1357 2411 καὶ
1367 2404 1374 2417 ,
1398 2382 1444 2417 Μὴ
1466 2381 1692 2420 συναναμίγνυσθε
1713 2385 1799 2422 αὐτῷ,

241 2439 384 2475 facientes
401 2451 408 2465 .·
425 2439 459 2467 ita
481 2450 541 2467 cum
556 2438 685 2475 dixisset,
702 2439 857 2468 Subtrahite
875 2451 937 2477 vos,
953 2447 978 2469 et

245 2485 308 2511 ,Μῖνι
330 2486 575 2512 commisceamini
589 2495 654 2513 cum
678 2485 746 2519 illo,
767 2485 863 2514 deinde
877 2487 976 2515 veritus

243 2540 273 2557 in·
286 2529 335 2557 hoc
351 2529 438 2567 ipsum
449 2540 510 2557 (τιιιιι
525 2530 691 2558 exscinderet
701 2542 715 2558 a
729 2531 891 2560 fraternitate
903 2535 975 2567 (nam

240 2577 285 2614 qui
306 2576 446 2614 despondit
466 2576 603 2611 animum,
629 2577 680 2606 cito
697 2579 812 2615 peribit,
831 2579 852 2608 si
875 2580 896 2608 ci
923 2591 974 2609 nou

1033 2427 1090 2461 εἶτα
1105 2433 1190 2464 δείσας
1202 2431 1238 2470 μὴ
1250 2435 1327 2461 τοῦτο
1343 2432 1406 2461 αὐτὸ
1419 2432 1517 2471 ἐκκόψῃ
1531 2432 1607 2461 αὐτὸν
1621 2434 1668 2466 τῆς
1687 2434 1798 2472 ἀδελφό-

1032 2494 1108 2518 τητος
1120 2485 1128 2517 (
1140 2485 1152 2511 ὁ
1167 2483 1217 2521 γὰρ
1230 2482 1357 2520 ἀπογνοὺς
1369 2484 1461 2511 ἑαυτοῦ
1478 2482 1579 2521 ταχέως
1598 2483 1735 2512 ἀπολεῖται
1759 2484 1795 2522 μή

1032 2532 1187 2569 μεταλαὸὼν
1199 2531 1347 2571 παρρησίας
1358 2532 1382 2569 ),
1395 2531 1510 2570 ἐπήγαγε
1520 2543 1526 2549 ·
1539 2531 1591 2560 Καὶ
1606 2531 1642 2569 μὴ
1654 2534 1689 2565 ὡς
1702 2533 1794 2572 ἐχθρὸν

1031 2584 1149 2619 ἡγεῖσθε,
1173 2581 1240 2610 ἀλλὰ
1263 2584 1405 2610 νουθετεῖτε
1431 2582 1464 2613 ὡς
1487 2581 1604 2619 ἀδελφόν.
1630 2580 1681 2610 Διὰ
1703 2581 1794 2611 τούτου
