1893 2860
455 194 486 216 ΙΝ
518 193 628 216 ΕΡΙΞΤ-
660 194 703 216 ΑΙ)
732 194 852 217 ΙζΡῐΙΕὸ.

81 254 127 290 Μὴ
139 254 189 293 γάρ
203 265 247 293 μοι
258 254 301 282 τὸν
316 254 462 292 βαρύμηνιν
477 254 552 290 εἴπῃς
567 254 610 283 καὶ
628 255 788 292 μνησίκακον
804 256 848 284 καὶ

81 300 251 339 αὖτοπικρίαν
262 300 305 328 καὶ
316 299 461 338 αὐτοχολῆν
470 311 476 317 ·
484 302 560 337 ἡμεῖς
570 301 629 340 περὶ
639 302 685 335 τ’ἧς
697 304 741 330 τοῦ
751 302 850 335 πάθους

80 347 248 384 συναρπαγῆς
266 345 439 384 διαλεγόμεθα
454 349 508 374 νῦν.

115 807 199 839 Ὥστε
215 810 243 839 οὗ
256 810 348 849 μικρὸν
362 810 426 850 πρὸς
446 811 521 839 τοῦτο
537 809 717 848 συμὸἄλλεται
737 810 766 839 τὸ
779 822 845 839 παι-

76 854 165 884 δεῦσαι
183 856 331 895 τῆνψυχὴν
355 856 486 894 μηδέποτε
509 856 613 896 κράζειν
637 857 681 885 καὶ
708 858 781 896 βοᾷν.
803 857 846 885 Τὰ

75 901 159 940 πτερὰ
181 901 348 940 περικόπτεις
372 903 418 936 τῆς
438 903 532 941 ὀργῆς,
548 901 596 936 τὴν
608 902 724 940 κραυγὴν
740 914 846 940 περιαι-

75 947 136 984 ρῶν,
144 947 174 975 τὸ
185 947 283 984 οἴδημα
297 947 482 979 καταστέλλεις
494 949 541 982 τ’ἧς
550 948 667 985 καρδίας.
676 947 784 986 Ἵξσπερ
795 948 846 987 γὰρ

73 994 121 1020 οὐκ
135 992 191 1021 ἔστι
204 993 250 1025 τὰς
272 998 363 1032 χεῖρας
384 993 420 1030 μὴ
447 993 597 1030 ἀντάραντα
614 992 748 1028 παλαίειν,
763 993 847 1026 οὕτως

73 1039 121 1066 οὐκ
132 1038 169 1066 ἔνι
194 1038 230 1076 μὴ
255 1038 384 1077 κράζοντα
399 1039 616 1076 συμποδίζεσθαι.
634 1040 720 1073 Δῆσον
737 1042 782 1067 τοῦ
795 1051 847 1067 πυ-

74 1083 210 1117 κτεύοντος
224 1084 271 1116 τὰς
292 1089 399 1123 χεῖρας,
419 1084 464 1112 καὶ
482 1084 602 1113 κέλευσον
617 1085 766 1118 πυκτεύειν,
787 1085 847 1114 ἀλλ’

74 1130 103 1158 οὐ
123 1130 276 1164 δυνήσεται·
292 1130 374 1162 οὕτως
388 1130 447 1158 οὐδὲ
462 1133 475 1159 ὁ
487 1130 576 1167 θυμός.
591 1129 624 1158 ‘H
637 1130 664 1158 δὲ
683 1130 784 1170 κραυγὴ
801 1131 845 1160 καὶ

71 1174 116 1202 τὸν
131 1176 178 1203 οὐκ
194 1176 255 1203 ὄντα
277 1176 372 1215 ἐξαίρει
383 1187 388 1193 ·
404 1175 448 1204 καὶ
473 1176 589 1214 μάλιστα
611 1177 726 1205 ἐντεῦθεν
741 1177 843 1216 ταχέως

71 1221 209 1249 ἁλίσκεται
223 1222 253 1250 τὸ
265 1223 316 1250 τῶν
328 1224 458 1260 γυναικῶν
468 1221 554 1260 γένος,
564 1222 591 1250 αἳ
601 1243 608 1256 ,
616 1221 678 1251 ὅταν
691 1223 845 1261 ὀργίζωνται

70 1270 128 1299 ταῖς
150 1267 330 1306 θεραπαινίσι,
352 1267 399 1302 τὴν
425 1267 509 1295 οἰκίαν
532 1268 637 1296 ἅπασαν
660 1269 707 1302 τῆς
729 1271 846 1306 κραυγῆς

69 1312 199 1350 πληροῦσι
217 1314 264 1347 τ’ἦς
283 1314 396 1340 ἑαυτῶν·
416 1312 544 1344 πολλάκις
559 1313 585 1341 δὲ
599 1312 644 1341 καὶ
661 1314 682 1341 εἷ
698 1313 770 1352 παρὰ
783 1324 845 1341 στε-

69 1357 155 1386 νωπὸν
179 1359 306 1397 τυγχάνοι
326 1357 517 1396 ᾠκοδομημένη
540 1360 556 1392 ἡ
575 1358 661 1393 οἰκία,
675 1358 720 1386 καὶ
734 1359 757 1386 οἷ
773 1357 842 1386 ι’πα-

71 1403 167 1442 ριόντες
185 1404 298 1437 ἅπαντες
324 1404 461 1433 ἀκούουσιν
490 1405 570 1438 αὐτῆς
597 1403 711 1442 βοώσης,
729 1404 774 1432 καὶ
795 1406 842 1439 τῆς

69 1450 250 1489 θεραπαινίδος
261 1450 441 1485 ὄλολυζούσης.
454 1450 489 1478 Τι’
500 1450 592 1478 τούτου
604 1449 698 1489 γένοιτ’
714 1451 743 1477 ἂν
756 1451 841 1489 ἀσχη-

69 1493 221 1532 μονέστερόν
238 1505 300 1522 ποτε
325 1497 369 1522 τοῦ
389 1494 521 1527 κωκυτοὺς
547 1494 667 1529 ἀκούειν;
683 1495 775 1523 Πᾶσαι
787 1495 838 1534 γὰρ

67 1538 161 1572 εὐθέως
176 1539 350 1578 διακύψασαι,
362 1540 388 1567 τί
403 1540 433 1574 δὴ
449 1540 552 1578 γέγονεν
564 1563 571 1576 ,
592 1542 725 1579 ἐρωτῶσιν
737 1563 744 1575 ,
765 1542 838 1576 ἐκεῖ;

66 1583 101 1612 Ἡ
116 1585 204 1620 δεῖνα,
221 1585 301 1624 φησὶ,
321 1585 368 1620 τὴν
393 1585 485 1621 δούλην
500 1586 590 1614 τύπτει
616 1586 663 1620 τὴν
689 1587 777 1619 αὐτῆς.
802 1587 837 1615 Τί

66 1629 158 1658 τούτου
180 1630 274 1668 γένοιτ’
292 1633 322 1659 ἂν
344 1631 595 1671 ἀναισχυντότερον;
617 1633 653 1661 Τι’
669 1628 728 1669 οὖν,
739 1634 767 1662 οὖ
782 1632 834 1672 χρὴ

881 193 960 216 CAP.

867 1035 885 1057 E

863 1455 879 1477 F

848 1661 883 1680 113

990 193 1038 216 lv.
1068 191 1188 215 11011111..
1219 192 1280 215 XV.
1584 193 1648 227 199

909 255 983 284 xime
994 254 1129 289 mulieres,
1140 264 1198 292 quae
1214 254 1240 282 in
1254 264 1281 282 re
1294 252 1414 291 qualibet
1426 252 1542 281 clamant
1557 259 1582 280 et
1594 263 1646 281 vo-

907 301 1062 329 ciferantur.
1081 301 1110 328 ln
1131 310 1184 328 uno
1198 300 1254 327 solo
1267 300 1332 328 utile
1346 306 1384 327 est
1405 299 1520 328 clamare
1530 322 1538 335 ‚
1552 310 1647 338 nempe

906 347 931 375 in
948 345 1120 385 proedirando
1135 353 1159 374 et
1176 345 1452 383 doccndoznusquam
1467 351 1555 373 aulem
1566 345 1644 380 alibi,

911 403 995 430 neque
1008 393 1032 420 in
1044 391 1245 431 precatione.Et
1257 392 1279 420 si
1291 392 1330 421 vis
1342 402 1388 431 per
1398 402 1438 420 res
1447 391 1517 430 ipsas
1527 391 1627 420 discere
1638 404 1644 419 :

906 450 1051 477 numquam
1079 439 1176 466 clames
1190 461 1196 474 ,
1219 445 1243 466 et
1269 449 1415 476 numquam
1441 437 1576 466 irasceris:
1589 448 1648 467 ecce

905 484 1017 513 modum
1041 484 1204 512 evacuanda>
1225 484 1278 512 irae.
1292 484 1368 513 Sicut
1381 483 1451 512 enim
1467 483 1523 512 fieri
1537 494 1587 512 nou
1600 495 1648 523 po-

905 536 955 558 test
965 537 992 558 ut
1005 531 1050 567 qui
1064 540 1115 557 non
1128 529 1224 556 clamat
1236 529 1374 563 irascatur,
1388 529 1421 557 ita
1433 530 1488 557 sieri
1499 540 1549 558 non
1563 537 1648 569 potest

906 582 935 603 ut
946 576 991 613 qui
1010 575 1107 603 clamat
1123 584 1173 602 non
1191 575 1330 602 irascatur.
1344 575 1384 602 Ne
1404 575 1470 603 mihi
1486 576 1557 604 enim
1573 576 1649 615 obje-

905 620 971 648 ceris
988 621 1062 658 gravi
1079 619 1117 647 ira
1133 619 1276 658 percitum,
1293 626 1459 658 acceptzrque
1473 620 1576 659 injuriae
1594 632 1648 649 me<

904 675 1016 699 morem,
1025 664 1108 703 etqui
1124 671 1162 692 est
1177 664 1234 702 ipsa
1245 675 1291 703 per
1303 675 1331 692 se
1344 665 1519 693 amarulentia
1532 673 1557 694 et
1566 666 1630 694 bilis
1643 679 1648 694 :

905 721 953 740 nos
970 711 1015 739 hic
1038 710 1173 749 loquimur
1192 709 1225 738 de
1240 711 1322 749 hujus
1349 710 1407 739 vitii
1431 718 1536 750 promta
1551 712 1648 741 subre-

903 757 1002 797 ptione.

944 804 972 832 5.
988 803 1030 832 Ad
1042 803 1093 832 hoc
1107 803 1198 842 itaque
1217 814 1269 832 non
1292 814 1389 842 parum
1403 804 1504 833 confert
1518 805 1648 836 erudiisse

903 849 1034 887 animam,
1051 857 1080 878 ut
1094 861 1244 888 numquam
1258 850 1355 878 clamet
1369 857 1394 879 et
1406 851 1575 880 vociferetur.
1598 854 1648 882 Irae

904 907 1004 936 pennas
1030 904 1162 936 amputas,
1174 897 1194 925 si
1207 897 1311 925 auferas
1326 896 1469 925 clamorem
1480 909 1488 934 ;
1499 898 1587 927 cordis
1604 906 1648 927 tu-

903 953 1004 971 morem
1026 943 1191 982 comprimis.
1209 943 1285 971 Sicut
1300 942 1370 971 enim
1383 943 1440 971 fieri
1454 953 1504 972 non
1520 951 1607 983 potest
1619 952 1647 974 ut

902 988 1028 1025 luctetur,
1041 989 1088 1026 qui
1104 999 1198 1016 manus
1213 999 1266 1016 non
1278 995 1369 1016 contra
1386 989 1540 1027 quempiam
1556 997 1646 1018 sustu-

903 1033 980 1062 lerit:
993 1034 1029 1062 ita
1044 1035 1102 1062 fieri
1122 1045 1174 1062 non
1191 1041 1277 1074 potest
1291 1041 1320 1062 ut
1335 1033 1382 1072 qui
1399 1044 1451 1062 non
1463 1034 1560 1064 clamat
1577 1036 1644 1064 irre-

906 1081 995 1110 tiatur.
1010 1081 1077 1118 Liga
1095 1091 1189 1108 manus
1201 1080 1318 1120 pugilis,
1333 1080 1434 1119 etjube
1448 1091 1585 1120 pugnare;
1598 1082 1645 1111 scd

903 1136 955 1154 non
971 1126 1066 1165 poterit
1082 1138 1088 1153 :
1106 1125 1144 1154 sic
1163 1136 1248 1163 neque
1262 1126 1309 1154 ira.
1323 1125 1432 1153 Clamor
1453 1133 1542 1155 autem
1564 1127 1644 1156 etiam

901 1182 960 1200 eam
971 1183 1030 1210 quae
1044 1182 1096 1200 non
1109 1179 1147 1200 est
1162 1172 1276 1200 excitat:
1288 1178 1313 1200 ct
1328 1172 1445 1200 maxime
1457 1171 1520 1201 hinc
1532 1174 1584 1202 cito
1598 1185 1643 1202 ca-

902 1218 977 1257 pitur
991 1229 1073 1257 genus
1100 1218 1256 1252 mulierum,
1281 1229 1339 1256 quae
1364 1218 1471 1256 quando
1494 1219 1645 1249 irascuntur

903 1264 1018 1299 ancillis,
1030 1271 1111 1292 totam
1123 1264 1234 1292 domum
1246 1264 1358 1303 implent
1372 1275 1420 1293 suo
1431 1265 1556 1295 clamore.
1570 1267 1646 1306 Saepe

902 1318 989 1339 autem
1000 1311 1021 1339 si
1037 1311 1133 1339 domus
1144 1310 1275 1338 aedificata
1290 1311 1360 1339 sitin
1380 1311 1522 1351 angiportu
1535 1335 1542 1348 ‚
1555 1324 1646 1342 omnes

900 1358 946 1396 qui
959 1365 1096 1386 transeunt
1107 1380 1116 1395 7
1132 1357 1245 1386 audiunt
1262 1368 1320 1386 eam
1336 1359 1509 1395 clamantem,
1523 1367 1548 1388 et
1563 1361 1646 1388 ancil-

899 1403 952 1431 lam
973 1403 1126 1441 ejulantem.
1147 1402 1283 1437 Quidnam
1306 1403 1387 1431 fuerit
1413 1404 1518 1443 turpius
1540 1412 1565 1433 et
1591 1417 1646 1434 mu-

898 1448 939 1487 gis
961 1449 1117 1477 indecorum
1143 1459 1224 1485 quam
1247 1447 1341 1476 audire
1364 1449 1441 1477 ssetus
1463 1457 1487 1478 et
1511 1451 1645 1489 ejulatus?

898 1494 997 1521 Omnes
1011 1493 1103 1521 statim
1124 1492 1314 1532 prospicientes
1329 1493 1395 1531 quid
1418 1493 1475 1523 illic
1497 1495 1597 1524 factum
1612 1496 1646 1524 sit

896 1538 1060 1576 interrogant
1074 1549 1080 1565 z
1099 1537 1167 1573 Illa,
1183 1537 1326 1575 inquiunt,
1341 1538 1466 1566 ancillam
1487 1549 1564 1568 suam
1583 1551 1646 1568 ver—

895 1583 979 1611 berat.
1000 1582 1140 1617 Quidnam
1168 1582 1218 1611 hoc
1241 1582 1321 1611 suerit
1346 1583 1552 1622 impudentius?
1571 1584 1647 1620 Quid

894 1629 978 1667 ergo?
994 1639 1045 1657 non
1060 1636 1164 1668 oportet
1174 1629 1333 1658 verberare?
1343 1630 1402 1658 Non
1412 1630 1463 1659 hoc
1476 1631 1536 1660 dico
1546 1655 1552 1667 ‚
1567 1643 1646 1671 opor-

66 1675 187 1711 τύπτεινς
198 1678 237 1705 Οὐ
249 1681 324 1706 τοῦτο
334 1677 412 1715 λέγω,
426 1679 464 1706 δεῖ
476 1677 522 1715 μὲν
537 1678 598 1716 γὰρ,
614 1678 681 1707 ἀλλὰ
693 1679 759 1716 μήτε
773 1691 834 1708 συν-
855 1691 875 1712 A
895 1682 931 1704 tet
947 1675 1035 1710 enim;
1061 1676 1108 1704 sed
1131 1686 1179 1704 nec
1196 1675 1319 1713 assidue,
1345 1686 1392 1705 nec
1417 1687 1496 1716 supra
1516 1679 1643 1716 modum,

67 1724 149 1760 εχῶς,
172 1722 239 1760 μήτε
254 1723 390 1762 ἀμέτρως,
409 1724 475 1761 μήτε
499 1723 563 1763 ὑπὲρ
579 1727 630 1753 τῶν
651 1726 754 1754 οἰκείων
771 1726 832 1754 ἀδι-

66 1766 202 1805 κημάτων,
219 1768 283 1807 ὅπερ
299 1769 338 1797 ἀεί
356 1781 441 1808 φημι,
459 1769 525 1807 μήτε
547 1772 594 1805 τῆς
607 1771 752 1810 ὑπηρεσίας
765 1772 796 1800 ἄν
808 1783 833 1800 τι

65 1813 188 1852 ἐλλείπῃ,
204 1816 261 1843 ἀλλ’
276 1817 298 1844 εἰ
309 1815 355 1850 τὴν
370 1817 464 1850 ἑαυτῆς
479 1816 591 1854 βλάπτει
607 1817 693 1856 ψυχήν
707 1829 713 1835 ’
726 1817 756 1846 ἂν
768 1817 834 1857 ὑπὲρ

66 1859 187 1895 τοιαύτης
205 1860 304 1899 τύπτῃς
318 1861 416 1897 αἰτίας,
431 1862 612 1891 ἐπαινέσονται
626 1863 737 1899 πάντες,
758 1864 803 1892 καὶ
821 1866 834 1892 ὁ

65 1905 214 1941 ἐγκαλέσων
221 1907 303 1940 οὐδείς
310 1918 316 1923 ·
326 1908 356 1935 ἂν
367 1907 393 1936 δὲ
402 1908 468 1947 ὓπὲρ
478 1910 530 1936 τῶν
541 1909 604 1943 σῶν,
614 1909 627 1920 *
636 1909 762 1946 ὠμότητα
772 1910 836 1938 πάν-

64 1962 106 1982 τες
129 1952 345 1990 καταγνώσονται
365 1953 410 1982 καὶ
424 1953 562 1988 ἀπήνειαν.
576 1954 628 1983 Καὶ
642 1956 672 1984 τὸ
684 1955 715 1991 δὴ
730 1955 836 1985 πάντων

65 1996 242 2036 αἰσχρότερον,
254 1998 319 2026 εἰσὶν
333 1997 414 2030 οὕτως
430 1999 520 2036 ἄγριαι
533 1999 579 2028 καὶ
601 2001 709 2035 ἀπηνεῖς
720 2023 727 2036 ,
747 2004 781 2034 ὡς
793 2001 837 2030 ἐπὶ

63 2047 183 2073 τοσοῦτον
200 2046 344 2082 μαστίζειν,
359 2048 394 2078 ὡς
415 2047 481 2084 μηδὲ
496 2049 644 2087 αὐθημερὸν
663 2050 723 2083 τοὺς
740 2051 837 2089 μώλω-

63 2105 114 2126 πας
137 2094 300 2123 σῧέννυσθαι.
330 2095 506 2134 Γυμνώσασαι
527 2097 577 2136 γὰρ
600 2098 648 2131 τὰς
675 2099 769 2138 κόρας,
791 2101 836 2129 καὶ

61 2143 105 2172 τὸν
127 2146 208 2184 ἄνδρα
231 2145 273 2174 ἐπὶ
286 2150 361 2176 τοῦτο
381 2146 546 2183 καλέσασαι,
569 2149 694 2187 δεσμοῧσι
709 2150 837 2186 πολλάκις

61 2194 125 2233 πρὸς
142 2199 194 2228 τοῖς
211 2195 364 2234 σκίμποσιν.
379 2197 477 2235 Οἴμοι,
491 2200 537 2227 οὐκ
555 2199 740 2240 ἐπεισέρχεταί
753 2213 793 2231 σοι
808 2203 834 2231 ἐν

60 2245 151 2284 ἐκείνῳ
159 2247 197 2285 τῷ
209 2248 292 2286 καιρῷ
305 2249 351 2282 τῆς
363 2246 467 2285 γεέννης
478 2271 484 2283 ,
499 2248 557 2277 εἶπέ
567 2261 628 2287 μοι,
644 2250 750 2288 μνήμῃ
766 2252 835 2282 ἀλλὰ

59 2299 166 2333 γυμνοῖς
177 2295 224 2330 τὴν
238 2296 390 2331 παιδίσκην,
405 2297 450 2325 καὶ
474 2298 598 2331 δεικνύεις
622 2301 660 2339 τῷ
686 2302 774 2339 ἀνδρί;
789 2301 834 2330 καὶ

59 2345 105 2373 οὐκ
116 2344 228 2383 αἰσχύνῃ
242 2345 279 2382 μή
293 2358 337 2375 σου
347 2349 483 2387 καταγνῷ;
496 2348 541 2376 καὶ
555 2349 680 2379 ἐπιπλέον
693 2351 768 2380 αὐτὸν
782 2364 833 2381 πα-

59 2393 186 2434 ροξύνεις,
212 2395 258 2424 καὶ
272 2397 387 2429 ἀπειλεῖς
409 2398 507 2437 δήσειν,
531 2402 611 2441 μυρία
632 2404 758 2445 πρότερον
775 2407 832 2435 λοι-

58 2444 224 2484 δορησαμένη
246 2448 278 2484 τῇ
294 2446 371 2485 ἅθλίᾳ
386 2447 431 2476 καὶ
451 2450 630 2493 ταλαιπώρῳ,
645 2456 831 2491 “Oeen-amoc,

94 2535 105 2552 Ι·
123 2535 164 2558 Sic
177 2534 202 2558 in
213 2533 278 2561 Cosl.
292 2534 445 2559 Cuisliniauo
456 2556 462 2567 ‚
476 2543 499 2562 et
510 2539 544 2563 sie
557 2538 689 2574 legendum
710 2543 823 2575 suspica-

60 2571 133 2597 lmtur
145 2572 261 2599 Sutilius.
275 2573 343 2598 miti
360 2581 476 2608 παρόντες.

854 2150 871 2171 13

893 1732 940 1750 nec
955 1733 1003 1761 pro
1018 1722 1069 1751 sibi
1081 1722 1158 1750 factis
1173 1722 1296 1761 injuriis;
1310 1722 1382 1760 quod
1393 1724 1579 1762 sempe1·dico‚
1591 1736 1644 1754 non

892 1768 914 1796 si
939 1768 966 1797 in
991 1768 1141 1797 ministerio
1156 1768 1237 1796 suerit
1262 1768 1366 1807 aliquid
1388 1769 1451 1797 deli‹
1462 1776 1518 1798 tum
1528 1793 1536 1808 ‚
1561 1770 1606 1799 sed
1621 1772 1644 1800 si

891 1813 1010 1842 animam
1033 1814 1091 1853 ipsa
1113 1824 1189 1842 suam
1209 1814 1289 1842 laedat
1307 1826 1313 1841 :
1328 1815 1349 1842 si
1366 1825 1415 1853 pro
1429 1815 1480 1843 hac
1497 1826 1574 1844 causa
1586 1827 1644 1845 eam

891 1861 1022 1898 verberes,
1037 1860 1186 1889 laudabunt
1201 1871 1300 1896 omnes,
1316 1868 1340 1890 et
1362 1872 1440 1890 nemo
1454 1863 1642 1901 reprehendct;

890 1907 938 1936 sed
949 1908 971 1936 si
988 1918 1037 1946 pro
1048 1907 1128 1936 rebus
1145 1908 1207 1942 tuis,
1221 1907 1387 1936 damnabunt
1402 1918 1493 1937 omnes
1513 1909 1643 1938 saevitiam

891 1960 915 1981 et
940 1953 1136 1982 crudelitatem.
1152 1952 1188 1981 Et
1211 1952 1283 1991 quod
1308 1959 1347 1981 est
1368 1953 1489 1982 omnium
1514 1955 1643 1993 turpissi—

891 2009 966 2027 mum
977 2021 987 2034 ‚
1003 2005 1065 2027 sunt
1074 1998 1139 2027 adeo
1155 1998 1216 2026 serae
1229 2005 1254 2026 et
1276 2005 1372 2035 truces,
1388 2005 1416 2026 ut
1433 1998 1467 2026 ita
1484 1999 1575 2037 flagris
1587 2011 1643 2029 cae-

890 2044 972 2080 dant,
987 2051 1016 2072 ut
1030 2054 1062 2072 ne
1076 2043 1134 2083 ipso
1151 2043 1263 2082 quidem
1285 2044 1331 2073 die
1351 2044 1559 2083 exstinguantur
1571 2046 1644 2075 vibi-

891 2101 942 2119 ces.
956 2089 1070 2118 Nudatis
1087 2090 1158 2118 enim
1173 2090 1270 2128 puellis
1280 2097 1305 2118 et
1319 2090 1416 2118 marito
1430 2091 1464 2119 ad
1477 2091 1528 2120 hoc
1540 2100 1643 2129 vocato,

891 2135 925 2163 ad
940 2135 1047 2163 lecticas
1062 2145 1132 2174 stt-pe
1153 2135 1275 2173 alligant.
1290 2135 1342 2163 Hei
1366 2135 1433 2163 mihi
1444 2158 1452 2173 ,
1476 2147 1528 2166 non
1542 2138 1591 2167 tihi
1612 2150 1642 2167 eo

891 2187 1010 2220 tempore
1025 2181 1099 2210 venit
1114 2180 1140 2209 in
1155 2188 1270 2209 mentem
1285 2182 1413 2211 memoria
1439 2183 1584 2221 gehennae?
1596 2185 1643 2214 sed

891 2226 978 2255 nudas
993 2227 1159 2266 puellulam,
1178 2233 1203 2255 et
1225 2227 1344 2256 ostendis
1359 2228 1465 2265 marito,
1482 2237 1507 2258 et
1523 2241 1574 2259 non
1589 2242 1640 2260 ve-

889 2273 956 2301 reris
970 2283 1002 2301 ne
1019 2279 1042 2301 te
1065 2272 1245 2301 condemnet?
1261 2280 1286 2301 et
1305 2284 1367 2302 cum
1390 2275 1476 2313 magis
1501 2276 1598 2313 irritas,
1615 2285 1641 2307 ct

889 2318 1000 2347 minaris
1015 2325 1040 2347 te
1051 2329 1110 2346 eam
1125 2318 1278 2348 vincturam
1291 2341 1298 2355 ‚
1315 2330 1376 2348 cum
1391 2321 1516 2351 miseram
1528 2329 1553 2351 ct
1567 2324 1639 2352 inse-

887 2364 965 2392 licem
975 2364 1052 2403 prius
1066 2364 1309 2394 innumerabilibus
1320 2365 1470 2396 maledictis
1484 2369 1638 2407 appetieris,

887 2409 1086 2445 Thessalidem,
1101 2410 1245 2449 fugitivam
1256 2433 1264 2447 ‚
1279 2411 1449 2450 prostitutam
1461 2424 1519 2442 eam
1539 2415 1637 2453 appel-

887 2454 955 2484 lans.
979 2456 1022 2485 Ira
1035 2456 1105 2485 enim
1122 2466 1155 2485 ne
1176 2457 1216 2485 ori
1241 2457 1352 2496 quidem
1364 2469 1413 2488 suo
1428 2459 1492 2489 sinit
1508 2471 1634 2500 parcere,

908 2544 918 2555 ⁸
942 2543 1015 2577 [Leg.
1031 2548 1141 2574 ὠμότητά
1153 2556 1202 2571 σου.
1217 2545 1346 2580 Βιιυευυε]

907 2591 916 2601 ²
934 2583 1091 2609 Thessalidas
1106 2584 1234 2616 veneticae,
1255 2585 1455 2618 proestigiutrices
1473 2593 1497 2612 et
1518 2587 1635 2614 malt-fiee

1699 306 1718 326 M
1724 306 1803 327 ulivrcs

1660 338 1757 358 clunic—⁵11*
1779 342 1800 358 vt

1660 376 1768 396 prm-nces-
