1893 2860
265 162 331 196 300
610 171 638 193 s·

264 233 378 260 valcant.
402 230 481 265 Quod
502 231 523 259 si
550 230 700 269 posthabita
725 231 843 258 fitiorum
866 230 999 259 educatio-

265 290 309 313 ne,
335 277 456 316 pecuniis
481 275 654 314 congerendis
675 275 781 304 dederit
803 286 928 315 operam,
953 286 1000 304 nec

264 331 364 351 mul-‘1111
379 323 525 351 liberorum
540 333 631 350 curam
648 322 790 358 habuerit;
804 322 884 350 ctiam
903 322 940 351 sic
955 323 998 350 in—

263 369 363 406 diguus
382 375 429 396 cst.
446 369 514 396 Nam
533 369 564 404 si,
585 378 646 396 cum
662 368 773 407 urgebat
788 368 917 396 naturalis
932 369 998 397 asse-

263 422 329 450 rtus,
352 414 388 442 ita
410 425 498 442 socors
520 414 581 448 suit,
604 421 649 443 aut
671 414 707 442 ita
722 414 830 451 stultus,
850 421 879 442 ut
892 414 953 453 plus
965 414 999 443 de

262 460 393 499 pecuniis,
410 471 490 498 quam
509 460 542 489 de
555 460 631 497 filiis,
647 460 776 489 sollicitus
789 467 865 495 essct,
882 471 936 498 quo
952 471 998 499 pa-

262 513 304 535 cto
318 506 361 534 hic
380 507 406 534 in
422 506 550 535 thronum
565 513 722 545 tantumque
736 506 916 546 principatum
938 517 998 535 eve-

262 552 364 580 hatur?
379 553 449 580 Nam
471 552 493 580 si
514 563 566 581 non
588 553 720 592 potuerit,
745 563 848 591 magnae
871 553 999 582 socordia:

262 598 360 626 crimen
375 605 429 634 est;
451 598 473 627 si
494 609 556 628 vero
570 599 689 628 studium
711 610 762 628 non
778 599 943 637 adhibuerit,
969 607 999 628 ut

262 644 364 682 paterni
377 645 488 673 affectus
499 655 594 684 expers
608 653 645 674 cst
659 645 837 674 damnandus.
852 646 906 680 Qui
916 646 999 684 igitur

262 690 385 729 proprios
400 690 470 719 tilios
494 691 614 730 negligit,
640 691 773 730 quomodo
786 692 933 721 alienorum
949 693 998 720 ha-

262 735 338 764 bebit
365 737 482 765 curam?
508 738 561 766 Nec
584 738 744 777 simpliciter
766 738 848 773 dixit,
869 739 927 766 Non
951 738 998 766 lu—

262 781 402 810 xuriosum
414 793 422 819 3
437 782 484 810 sed
498 793 544 811 nce
556 793 585 811 ea
602 782 635 811 dc
647 793 675 811 re
689 783 818 820 accusari,
839 794 886 812 nec
901 783 998 812 malam

262 828 360 858 habere
374 829 471 857 famam
494 829 589 858 voluit.
607 830 634 857 7.
659 831 776 868 Oportet
797 832 874 858 enim
889 832 997 869 episco-

259 884 329 911 pum
349 877 411 903 sine
430 876 551 902 crimine
573 884 634 903 esse
653 877 727 903 sicut
742 876 799 903 Dei
813 876 997 914 dispensato—

260 930 332 954 rem,
349 930 406 947 non
419 921 581 958 superbum,
596 930 654 947 non
669 921 853 955 iracundum,
873 931 930 949 non
953 924 997 950 vi-

261 965 420 1001 nolentum,
438 975 496 992 non
508 975 714 1003 percussorem.

299 1012 328 1038 9.
346 1010 416 1039 Nam
434 1010 456 1038 is
473 1010 519 1048 qui
535 1017 675 1039 externum
688 1011 870 1050 principatum
885 1013 996 1049 obtinet,

260 1055 322 1093 quia
337 1065 370 1084 ex
383 1056 441 1094 lege
454 1062 479 1084 et
492 1066 526 1084 ex
540 1056 694 1085 necessitate
711 1056 833 1096 imperat,
845 1058 939 1087 merito
954 1070 998 1088 sae-

258 1111 292 1139 pe
307 1111 358 1130 non
376 1112 409 1130 ex
431 1101 601 1130 subditorum
619 1102 757 1131 voluntate
768 1109 793 1131 et
806 1104 934 1133 sententia
948 1104 997 1133 do-

258 1147 396 1176 minatur:
412 1148 435 1176 is
458 1159 521 1178 vero
543 1148 589 1186 qui
609 1149 777 1185 volentibus,
800 1156 825 1178 ct
841 1151 940 1189 gratias
963 1150 997 1180 de

259 1201 381 1232 suscepto
408 1193 529 1223 dominio
552 1194 713 1223 habentibus
737 1205 849 1234 praeesse
873 1196 931 1225 vult
940 1208 948 1233 ;
974 1196 995 1225 si

258 1239 293 1267 ita
309 1249 336 1267 se
350 1247 434 1278 gerat,
460 1246 489 1268 ut
511 1240 622 1269 consilio
648 1241 756 1279 proprio
778 1247 882 1269 tantum
907 1242 996 1270 omnia

257 1286 346 1323 faciat,
358 1286 457 1315 nemini
472 1286 603 1315 rationem
617 1286 741 1323 reddens,
759 1287 896 1326 tyrannice
907 1288 996 1326 potius

257 1342 337 1369 quam
366 1332 533 1371 populariter
556 1332 711 1371 hujusmodi
734 1340 838 1361 exercet
865 1334 994 1363 officium.

259 1378 378 1415 Oportet
391 1380 485 1414 enim,
497 1378 596 1415 inquit,
613 1380 672 1407 sine
691 1380 814 1407 crimine
839 1390 900 1408 esse
921 1383 995 1409 sicut

257 1423 315 1451 Dei
332 1424 573 1461 dispensatorem,
589 1435 648 1452 non
670 1424 820 1464 superbum
833 1447 840 1460 ‚
858 1436 915 1453 non
937 1428 995 1455 ira-

257 1470 392 1498 cundum.
412 1470 554 1505 Quomodo
575 1470 645 1498 enim
665 1470 772 1499 docebit
797 1471 863 1499 alios
886 1471 937 1500 hoc
951 1472 993 1501 vi-

257 1514 325 1543 tium
337 1526 473 1553 superare,
489 1516 535 1554 qui
556 1516 672 1555 scipsum
688 1527 740 1544 non
759 1516 873 1545 docuit?
885 1518 915 1545 In
931 1518 994 1556 plu-

256 1560 324 1588 rima
347 1561 418 1589 enim
440 1561 483 1589 hic
503 1561 669 1601 principatus
687 1561 792 1590 inducit
806 1562 921 1600 negotia,
935 1574 994 1601 quse

256 1606 300 1634 vel
313 1606 515 1635 moderatiorem
530 1607 671 1635 motestum
680 1614 705 1635 ct
717 1607 851 1646 ingratum
862 1608 978 1637 efficiant
986 1631 993 1644 ,

257 1651 408 1681 innumeras
438 1652 560 1691 qnotidie
589 1653 734 1682 iracundia:
761 1664 853 1682 causas
880 1655 994 1684 circum-

255 1697 349 1725 ferens.
363 1698 421 1726 Nisi
442 1698 524 1736 igitur
542 1698 576 1727 ad
596 1699 646 1727 hoc
662 1700 862 1738 prznmeditatus
876 1711 994 1729 accesse-

257 1743 335 1779 serit,
352 1743 554 1772 molestissimus
569 1745 635 1781 erit,
650 1745 820 1783 plurimaque
843 1754 995 1786 corrumpet

256 1799 287 1816 ac
305 1789 398 1828 perdet
408 1800 514 1825 corum,
526 1801 585 1828 quae
600 1791 640 1819 sui
654 1790 735 1819 officii
751 1798 821 1819 sunt.
832 1793 900 1820 Non
911 1795 994 1821 vino-

255 1834 377 1869 lentum,
391 1845 450 1863 non
469 1845 675 1873 percussorem.
691 1836 731 1864 Dc
747 1837 936 1865 contumelioso
951 1838 995 1866 hic

254 1880 374 1918 loquitur
387 1892 393 1908 :
411 1891 472 1909 nam
488 1880 619 1909 hortando
633 1881 722 1920 potius
736 1893 816 1920 quam
834 1883 994 1922 increpando

254 1926 344 1955 omnia
364 1926 484 1955 facienda
508 1934 588 1955 sunt:
603 1938 661 1965 qum
676 1928 762 1965 enim,
780 1939 868 1967 quaeso
884 1936 918 1964 te,
934 1940 993 1958 con-

254 1972 370 2000 tumeliae
408 1973 549 2001 necessitas
568 1973 581 2001 .⁰
618 1973 753 2002 Gchennae
789 1974 994 2004 comminatione

254 2019 420 2053 terrendum,
437 2029 601 2057 magnusque
626 2019 707 2047 timor
728 2019 907 2049 adhibendus.
923 2022 993 2050 Nam

255 2062 302 2099 qui
317 2063 475 2091 contumelia
490 2064 618 2098 afficitur,
635 2063 762 2093 audacior
777 2065 876 2100 evadit,
892 2073 917 2094 et
931 2076 992 2094 con-

255 2109 426 2137 tumeliosum
438 2110 522 2148 magis
536 2111 689 2138 contemnit.
704 2111 780 2140 Nihil
793 2112 864 2140 enim
876 2112 912 2141 ita
925 2123 991 2141 con-

254 2161 366 2182 temtum
381 2155 460 2194 par-it,
476 2162 503 2184 ut
515 2157 685 2190 contumelia,
696 2168 755 2195 quse
772 2159 992 2187 contumeliosum

254 2198 395 2227 dedecorat
408 2222 416 2236 ,
439 2210 486 2228 nec
500 2200 562 2228 sinit
576 2211 630 2229 esse
645 2201 833 2230 venerabilem.
852 2203 919 2230 Cum
933 2203 994 2242 pic-

255 2251 308 2272 tate
325 2246 408 2274 multa
426 2246 504 2274 illum
519 2247 600 2275 verba
615 2247 701 2276 facere
711 2255 827 2287 oportet,
841 2256 867 2278 et
883 2260 995 2288 peccan-

256 2290 327 2318 tibus
342 2292 425 2320 futuri
453 2292 548 2331 judicii
565 2294 725 2322 mentionem
742 2294 844 2333 facere,
861 2302 941 2334 atque
961 2296 996 2324 ab

255 2335 327 2363 omni
340 2337 499 2365 contumelia
512 2349 610 2377 purum
624 2345 649 2367 et
663 2339 779 2368 alienum
792 2351 856 2370 esse.
880 2341 961 2376 Quod
973 2342 995 2370 si

256 2381 301 2417 qui
316 2381 378 2415 sint,
393 2384 437 2419 qui
461 2393 488 2411 ea
506 2395 566 2421 qum
585 2385 626 2413 sui
646 2385 729 2413 offleii
745 2393 806 2414 sunt
827 2386 993 2425 impediant,

256 2431 319 2453 tunc
334 2438 393 2454 cuin
409 2429 481 2456 omni
496 2431 652 2459 auctoritate
665 2441 705 2459 res
721 2431 856 2460 tractanda
870 2439 916 2461 est.
927 2434 996 2462 Νοη

287 2526 299 2545 ⁴1¹
321 2528 405 2558 [Fot't.
421 2532 477 2556 εἰπε-ι
489 2534 563 2559 ἁπλῶς
573 2538 605 2563 μ),
617 2534 669 2564 αἶ’]

668 170 808 193 ΙΟᾸΝΝΙΞ
834 170 1015 193 (ἶΗΠΥὸΟὸΤ.

1046 170 1201 196 ARCUIEP·
1230 175 1496 198 CONSTANTINOP-

1056 243 1106 264 τως
1129 233 1250 270 ἀνόητος,
1265 237 1300 267 ὡς
1315 238 1413 273 μᾶλλον
1434 239 1485 266 τῶν
1508 237 1653 276 χρημάτων
1675 237 1819 275 φροντίζειν

1056 277 1131 305 αὐτὸν
1147 278 1163 312 ἢ
1179 281 1274 314 αὐτῶν,
1283 282 1338 312 πῶς
1349 281 1379 308 ἂν
1393 279 1465 315 οὗτος
1479 283 1522 311 ἐπὶ
1534 283 1578 312 τὸν
1591 282 1678 321 θρόνον
1693 283 1820 321 ἀναχθείη

1055 322 1099 350 καὶ
1118 323 1165 358 τὴν
1182 325 1311 360 τοσαύτην
1326 326 1426 364 ἀρχήν,
1444 329 1476 356 Εἰ
1499 327 1545 366 μὲν
1559 328 1610 366 γὰρ
1629 329 1675 357 οὐκ
1693 328 1820 363 ἠδύνατο,

1019 382 1036 404 E
1054 369 1138 404 πολλὴ
1154 371 1201 404 τῆς
1213 371 1321 403 νωθείας
1335 374 1350 407 ἡ
1367 372 1520 411 κατηγορία·
1529 374 1551 401 εἰ
1566 373 1592 402 δὲ
1606 375 1652 403 οὐκ
1666 373 1819 408 ἐσπούδασε,

1016 1019 1032 1041 F

1006 1219 1042 1237 739

1054 415 1138 450 πολλὴ
1152 417 1198 450 τῆς
1213 417 1352 456 ἀστοργίας
1365 419 1381 451 ἡ
1396 417 1543 456 μέμψιςῘΟ
1556 419 1640 448 τοίνυν
1654 421 1705 448 τῶν
1717 418 1818 447 παίδων

1054 461 1159 497 ἀμελῶν
1174 464 1225 490 τῶν
1242 464 1333 491 ἑαυτοῦ
1344 484 1351 497 ,
1364 465 1419 495 πῶς
1433 464 1485 491 τῶν
1500 464 1643 502 ἀλλοτρίων
1656 464 1816 502 ἐπιμελήσε-

1053 518 1110 542 ται;
1127 508 1180 536 Koa
1199 510 1244 537 οὐκ
1267 504 1350 537 εἰπεὺ
1361 508 1398 546 μὴ
1422 510 1512 542 ἇπλως
1534 509 1650 543 ἄσωτος,
1666 510 1733 538 ἀλλὰ
1750 509 1816 548 μηδὲ

1054 553 1213 588 &maeel-hv*
1199 566 1267 592 εχειν
1287 554 1420 590 τοιαύτην,
1436 554 1502 592 μηδὲ
1515 559 1630 594 πονηρᾶς
1650 558 1715 584 εἶναι
1734 556 1817 591 δόξης.

1053 599 1100 626 Δεῖ
1113 598 1164 637 γὰρ
1181 599 1224 627 τὸν
1247 611 1398 635 επισκοπον,
1415 612 1503 638 φησιν,
1519 600 1678 638 ἀνέγκλητον
1700 603 1765 629 εἰναι
1783 603 1817 633 ὡς

1054 645 1123 671 Οεού
1138 645 1282 682 οἰκονόμον,
1292 645 1328 683 μὴ
1342 646 1455 682 αὐθάδη,
1468 645 1504 683 μὴ
1517 646 1628 685 ὀργίλον,
1637 646 1674 684 μὴ
1688 646 1820 686 πάροινον,

1054 688 1090 726 μὴ
1104 689 1234 725 πλήκτην.

1091 1010 1125 1039 ‘O
1137 1010 1184 1049 μὲν
1196 1010 1248 1049 γὰρ
1262 1010 1352 1044 ἔξωθεν
1367 1011 1467 1050 ἅρχων,
1478 1010 1568 1046 ἐπειδὴ
1583 1012 1655 1051 νόμῳ
1667 1017 1757 1051 κρατεῖ
1771 1013 1816 1042 καὶ

1051 1057 1171 1096 ἀνάγκῃ,
1187 1057 1292 1090 εἰκότως
1313 1058 1341 1085 οὐ
1364 1059 1499 1096 πολλαχοῦ
1521 1059 1568 1092 τῆς
1590 1060 1640 1086 τῶν
1663 1059 1816 1097 ἀρχομένων

1050 1102 1157 1141 γνώμης
1172 1107 1302 1132 κοινωνεῖ·
1320 1106 1333 1132 ὁ
1346 1103 1434 1141 μέντοι
1455 1103 1567 1132 ἑκόντων
1588 1103 1697 1142 ὀφείλων
1716 1103 1817 1143 ἄρχειν,

1051 1151 1062 1163 ²
1074 1149 1119 1177 καὶ
1142 1148 1220 1188 χάριν
1243 1150 1313 1188 αὐτῷ
1336 1151 1382 1184 τῆς
1404 1150 1487 1188 ἀρχῆς
1510 1149 1624 1185 εἰδότων,
1648 1149 1678 1178 ἂν
1696 1149 1763 1178 οὕτω
1786 1150 1818 1179 τὸ

1051 1199 1162 1233 πρᾶγμα
1177 1195 1332 1234 καταστήσῃ
1344 1217 1351 1229 ,
1364 1197 1399 1228 ὡς
1413 1195 1464 1223 ἀπὸ
1478 1198 1524 1230 τ’ῆς
1538 1195 1634 1228 οἰκείας
1648 1195 1754 1234 γνώμης
1767 1194 1816 1233 μό-

1015 1248 1034 1269 A
1051 1251 1092 1268 νον
1109 1240 1196 1268 πάντα
1211 1245 1303 1276 ποιεῖν,
1316 1241 1359 1269 καὶ
1375 1241 1465 1278 μηδενὶ
1480 1241 1611 1280 μεταδιδῷ
1625 1241 1711 1280 λόγου,
1722 1252 1816 1280 τυραν-

1050 1285 1189 1324 νικώτερον
1211 1288 1309 1324 μᾶλλον
1328 1286 1345 1320 ἢ
1367 1286 1575 1325 δημοτικώτερον
1591 1286 1639 1321 τὴν
1661 1286 1816 1315 ἐπιστασίαν

1049 1331 1200 1366 πεποίηται.
1212 1335 1258 1360 Δεῖ
1269 1332 1333 1371 γὰρ,
1345 1332 1431 1371 φησὶν,
1445 1331 1604 1370 ἀνέγκλητον
1619 1327 1684 1360 εἶναι
1696 1333 1731 1363 ὡς
1745 1333 1815 1360 Θεοῦ

1049 1377 1193 1415 οἰκονόμον,
1208 1377 1244 1415 μὴ
1261 1378 1359 1412 αὐθάδη
1369 1400 1376 1411 ,
1392 1378 1428 1415 μὴ
1444 1377 1556 1416 ὀργίλον.
1572 1379 1633 1410 Πῶς
1647 1377 1697 1416 γὰρ
1713 1377 1815 1415 ἑτέρους

1048 1423 1182 1452 παιδεύσει
1195 1428 1299 1462 κρατεῖν
1313 1427 1358 1452 τοῦ
1371 1423 1467 1456 πάθους
1480 1423 1580 1459 τούτου,
1593 1424 1684 1452 ἑαυτὸν
1701 1424 1736 1461 μὴ
1751 1435 1815 1452 παι-

1048 1468 1151 1504 δεύσας,
1165 1470 1210 1501 Εἷς
1224 1468 1309 1497 πολλὰ
1323 1468 1374 1507 γὰρ
1388 1472 1403 1504 ἡ
1421 1469 1491 1509 ἀρχὴ
1508 1468 1607 1507 ἐξάγει,
1622 1469 1667 1497 καὶ
1685 1469 1812 1507 χαλεπώ-

1048 1525 1120 1552 τερον
1136 1519 1205 1543 ποιεῖ
1218 1514 1263 1543 καὶ
1281 1514 1436 1553 δυσάρεστον
1457 1515 1502 1543 καὶ
1523 1515 1566 1543 τὸν
1582 1515 1680 1553 σφόδρα
1695 1516 1814 1550 ἐπιεικῆ,

1049 1560 1143 1599 μυρίας
1162 1560 1277 1598 ἀνάγκας
1300 1566 1457 1600 περιιστᾶσα
1480 1562 1573 1601 ὀργῆς·
1589 1560 1619 1590 ἂν
1644 1560 1680 1598 μὴ
1699 1556 1716 1599 ’ᾗ
1736 1563 1813 1589 τοῦτο

1049 1607 1235 1644 μεμελετηκὼς
1254 1606 1387 1646 πρότερον,
1400 1607 1443 1635 καὶ
1464 1606 1646 1648 χαλεπώτερος
1666 1607 1756 1642 ἔσται,
1769 1607 1813 1636 καὶ

1013 1658 1030 1679 Β
1047 1652 1133 1680 πολλὰ
1155 1653 1285 1691 διαφθερεῖ
1307 1653 1352 1681 καὶ
1375 1653 1497 1682 ἀπολέσει
1519 1655 1570 1681 τῶν
1592 1655 1638 1688 τῆς
1658 1654 1750 1692 ἀρχῆς.
1766 1652 1812 1688 Μὴ

1048 1697 1180 1735 πάροινον,
1197 1698 1232 1736 μὴ
1253 1698 1384 1734 πλήκτην.
1397 1698 1451 1727 Τὸν
1466 1698 1592 1739 ὑὸριστὴν
1609 1699 1720 1728 ἐνταῦθά
1735 1709 1812 1738 φησι·

1049 1745 1215 1772 νουθετοῦντα
1227 1743 1309 1782 γὰρῆ
1329 1744 1523 1778 ἐπιπλήττοντα
1542 1744 1628 1773 πάντα
1648 1743 1701 1783 χρὴ
1720 1749 1813 1779 ποιεῖν,

1050 1789 1086 1826 μὴ
1107 1789 1257 1828 ὑδρίζοντα·
1271 1790 1334 1818 ποία
1357 1789 1408 1829 γὰρ
1428 1790 1528 1828 ἀνάγκη
1553 1790 1664 1829 ῧὸρεως,
1680 1791 1738 1820 εἶπέ
1754 1802 1812 1828 μοι;

1049 1834 1149 1862 Φοὸεῖν
1162 1835 1214 1874 χρὴ
1227 1837 1259 1873 τῇ
1273 1837 1320 1869 τῆς
1334 1836 1438 1874 γεέννης
1453 1837 1562 1874 ἀπειλῇ,
1576 1836 1752 1871 δεδίττεσθαι,
1767 1847 1812 1864 κα-

1049 1882 1200 1909 θικνεῖσθαι.
1220 1880 1253 1909 Ὁ
1268 1880 1318 1919 γὰρ
1333 1881 1463 1920 ὓὸρισθεὶς
1478 1881 1635 1920 θρασύτερος
1650 1881 1750 1920 γίνεται
1767 1881 1812 1910 καὶ

1049 1926 1148 1962 μᾶλλον
1169 1931 1326 1966 καταφρονεῖ
1348 1929 1393 1955 τοῦ
1411 1926 1567 1965 ὑδρίζοντος.
1581 1926 1665 1956 Οὐδὲν
1680 1927 1731 1965 γὰρ
1745 1927 1812 1956 οὕτω

1047 1976 1115 2001 ποιεῖ
1130 1972 1334 2012 καταφρόνησιν,
1342 1973 1376 2005 ὡς
1390 1971 1478 2012 υὸρις,
1491 1972 1535 2000 καὶ
1552 1972 1670 2011 αἷσγύνει
1684 1972 1727 2000 τὸν
1739 1972 1812 2011 oepi-

1047 2019 1122 2050 ζοντα
1135 2019 1245 2055 μᾶλλον,
1254 2017 1298 2046 καὶ
1313 2019 1359 2046 οὐκ
1374 2017 1480 2056 ἀφίησιν
1495 2021 1560 2047 εἰναι
1572 2018 1706 2056 αἰδέσιμον
1718 2019 1753 2051 ὣς
1765 2019 1811 2047 δεῖ.

1047 2065 1154 2099 Πολλῆς
1169 2065 1255 2096 αὐτοῖς
1269 2066 1316 2098 τῆς
1333 2063 1467 2096 εὔλαὸείας
1480 2063 1569 2102 γέμειν
1587 2065 1630 2093 τὸν
1649 2064 1724 2102 λόγον
1742 2063 1813 2104 χρὴ,

1011 2128 1028 2150 C
1047 2112 1073 2139 ἐν
1086 2114 1140 2142 τοῖς
1154 2110 1328 2150 ἁμαρτήμασι
1341 2122 1446 2148 μνημην
1459 2110 1527 2150 ἔχειν
1539 2122 1587 2145 της
1599 2110 1742 2148 μελλουσης
1756 2110 1813 2150 κρί-

1048 2168 1130 2191 σεως,
1149 2156 1236 2191 πάσης
1261 2155 1288 2185 δὲ
1307 2155 1406 2194 &Spem
1427 2158 1494 2185 εἶναι
1511 2156 1638 2195 καθαρόν·
1655 2158 1678 2185 εἰ
1698 2157 1726 2186 δέ
1745 2169 1812 2189 τινες

1049 2205 1098 2231 εἶεν
1113 2203 1136 2231 οἱ
1151 2202 1295 2234 κωλυοντες
1308 2201 1342 2230 τὰ
1358 2201 1384 2230 δέ
1373 2213 1447 2230 οντα
1461 2206 1554 2238 ποιεῖν,
1570 2202 1636 2240 μετὰ
1655 2202 1740 2238 πάσης
1762 2205 1813 2231 αὖ-

1049 2249 1149 2281 Οεντίας
1164 2249 1281 2287 μετιέναι
1295 2249 1325 2277 τὸ
1337 2253 1457 2287 πρᾶγμα.
1469 2248 1515 2284 Μὴ
1528 2248 1752 2288 πλήκτην,φησίν.
1761 2248 1814 2278 Ἰα-

1048 2295 1108 2334 τρός
1125 2297 1195 2324 ἐστιν
1217 2297 1230 2323 ὁ
1252 2294 1408 2326 διδάσκαλος
1423 2296 1475 2322 τῶν
1489 2295 1597 2333 ψυχῶν·
1612 2296 1625 2323 ὁ
1641 2294 1668 2323 δὲ
1685 2294 1770 2332 ἰατρὸς
1784 2296 1813 2323 οὖ

1049 2341 1174 2376 πλήττει,
1188 2339 1255 2369 ἀλλὰ
1275 2339 1318 2368 τὸν
1339 2339 1494 2377 πεπληγότα
1513 2340 1659 2379 διορθοῦται
1677 2339 1723 2368 καὶ
1740 2342 1814 2378 θερα-

1049 2387 1131 2415 πεύει.
1151 2385 1197 2420 Μὴ
1220 2386 1395 2425 αἷσχροκερδῆ
1405 2408 1411 2420 ,
1425 2384 1491 2413 ἀλλὰ
1507 2385 1647 2424 φιλόξενον,
1663 2385 1815 2424 φιλάγαθον,

1049 2431 1305 2472 σώφρονα,δίκαιον,
1327 2430 1405 2466 ὅσιον,
1428 2432 1559 2470 ἐγκρατῆ,
1573 2432 1745 2470 ἀντεχόμενον
1768 2434 1812 2460 τοῦ

1092 2544 1100 2554 c
1120 2535 1207 2567 [Idem
1220 2536 1305 2560 inserit
1318 2538 1354 2560 καὶ
1368 2534 1571 2569 manfiestum]
