1893 2860
100 654 179 677 Esad.
205 654 240 678 15.

106 686 150 707 16?

98 1418 224 1441 EchI.z.2.

260 174 327 206 712
589 172 616 193 S.
646 170 785 194 JOANMS
812 169 992 193 CHRYSOST.

253 233 297 261 Ex
313 232 420 270 ignavia
439 231 509 259 enim
522 237 547 259 et
562 231 724 269 negligentia
745 231 943 269 exstinguitur;
961 240 996 259 cx

253 277 395 315 vigilantia
415 283 440 305 et
461 276 605 304 attentione
619 277 762 305 excitatur.
775 276 824 305 Est
838 275 946 314 quidem
965 275 992 304 in

253 330 294 357 tr,
309 322 354 350 scd
380 329 407 349 tu
431 321 610 350 ardentiorem
634 322 752 359 eflicit03
769 322 799 351 id
822 329 873 357 cst,
897 321 995 350 fiducia

254 368 374 407 impleto,

252 417 328 443 enim
351 416 430 443 dedit
449 417 531 443 nobis
545 416 625 444 Deus
648 418 781 454 spiritum
803 417 925 450 timoris,
943 417 995 444 sed

254 462 373 489 virtutis
387 467 414 489 ει
426 461 590 489 diIeccionis
607 467 633 490 et
649 463 824 490 sobrietatis.
834 462 866 490 ld
880 469 927 498 est,
941 472 994 490 non

252 506 314 534 ideo
329 505 455 545 spiritum
471 506 632 545 accepimus,
647 514 676 535 ut
689 507 880 546 reprimamur,
902 506 946 536 sed
965 515 995 536 ut

253 562 314 580 cum
340 551 438 581 fiducia
455 562 574 590 agamus.
590 552 685 581 Multis
710 553 781 581 enim
803 552 849 581 dat
869 553 995 592 spiritum

251 598 413 633 formidinis,
428 605 457 627 nt
472 599 499 627 in
511 598 590 627 bellis
600 622 607 635 ,
629 606 658 628 ut
673 599 699 628 in
715 599 792 628 libris
806 601 910 638 Regum
926 600 996 638 legi-

251 650 316 671 tur:
331 645 372 672 Et
395 645 498 672 cecidit
511 666 518 679 ,
531 644 629 682 inquit,
645 646 949 684 spir-itussormidinis
965 647 996 673 ιἠ.

252 689 342 724 illos,·
357 688 387 717 id
407 695 462 725 est,
488 689 611 718 timorem
626 689 692 728 ipsis
715 690 834 719 immisit.
850 693 882 718 At
905 697 995 719 contra

251 734 301 763 tibi
313 734 388 763 dedit
398 734 524 773 spiritum
539 735 647 763 virtutis
661 742 686 764 et
701 735 820 764 caritatis
833 746 895 773 erga
907 736 994 764 illum.

251 779 324 818 Ergo
342 779 413 808 illud
436 779 522 808 etiam
537 790 571 808 ex
593 780 678 818 gratia
700 787 757 815 est3
773 790 819 808 nec
838 780 997 819 simpliciter

251 835 285 854 cx
299 825 395 864 gratia,
410 825 456 853 sed
475 836 537 853 cum
559 835 606 853 nos
626 825 701 864 prius
723 832 811 853 nostra
835 825 995 854 exhibueri-

251 881 324 899 mus.
340 872 409 899 Nam
420 871 466 899 ille
480 870 526 908 qui
541 871 605 899 facit
620 877 648 898 ut
661 871 816 906 clamemus,
830 871 921 899 Abba
937 873 996 900 Pa-

251 923 305 953 ter,
321 923 346 945 et
359 916 496 944 caritatem
510 927 572 954 erga
589 917 676 944 Deum
692 915 776 952 indit,
795 923 820 945 ct
841 927 902 955 erga
923 928 990 956 pro-

250 961 374 999 ximum5
400 968 429 989 ut
444 961 595 999 deligamus
617 961 749 996 invicem,
764 961 851 999 inquit
866 973 872 988 :
891 972 926 990 ex
937 962 996 991 vir-

250 1013 307 1035 tute
317 1016 444 1044 namque,
462 1006 549 1045 posito
564 1006 668 1043 timore,
685 1006 781 1034 caritas
794 1007 926 1045 gignitur.
942 1008 992 1036 Ni-

249 1051 291 1080 hil
308 1051 379 1080 enim
394 1051 431 1079 ita
446 1051 593 1080 amicitiam
612 1051 715 1080 solvere
728 1052 795 1080 solet
809 1059 838 1080 ut
861 1052 993 1089 formido,

248 1104 275 1126 et
299 1097 462 1137 proditionis
489 1098 589 1137 opinio.
613 1099 680 1126 Non
703 1102 780 1127 em‘m
805 1100 885 1127 dedit
913 1101 994 1129 nobis

249 1145 344 1180 Deus,
365 1144 468 1182 inquit,
483 1146 616 1182 spiritum
638 1146 759 1178 timoris,
781 1146 833 1173 sed
847 1148 992 1183 caritatis,

249 1191 370 1217 virtutis
395 1196 422 1217 et
445 1190 618 1218 sobrietatis.
640 1189 818 1218 sobrietatem
841 1201 906 1218 vcro
927 1190 995 1219 dicit

250 1234 349 1263 mentis
363 1240 387 1262 et
402 1234 498 1262 animae
520 1234 661 1263 sanitatem
674 1246 680 1262 :
694 1242 740 1263 aut
760 1235 947 1270 Sobrietatis,
965 1243 993 1265 ut

250 1280 351 1309 scilicet
364 1280 453 1309 sobrie
467 1290 589 1319 agamm,
605 1281 627 1309 si
641 1281 707 1320 quid
723 1281 800 1309 nobis
822 1292 904 1319 grave
918 1282 991 1311 acci-

249 1325 307 1362 dat,
324 1333 354 1354 ut
369 1336 416 1355 nos
438 1326 541 1354 sobrios
563 1326 659 1355 reddat
671 1349 678 1362 ‚
694 1333 719 1355 et
734 1327 868 1366 superflua
883 1327 992 1356 abscin-

250 1371 304 1400 dat.
317 1373 356 1400 Ne
370 1382 432 1410 ergo
447 1373 564 1410 graviter
583 1372 698 1400 feramus
709 1395 716 1407 ,
733 1372 755 1400 si
769 1372 835 1410 quid
847 1373 924 1401 nobis
937 1384 993 1402 mo-

251 1416 347 1445 lestum
375 1417 532 1456 contingat:
549 1417 616 1445 illud
640 1418 711 1446 enim
732 1417 860 1446 sobrietas
883 1425 931 1447 est.
947 1420 993 1447 Ne

247 1463 381 1502 festines,
396 1463 502 1501 inquit,
515 1465 547 1491 in
568 1470 693 1502 tempore
707 1464 896 1492 inductionis.
908 1464 991 1492 Multi

250 1507 368 1546 plurima
388 1507 463 1536 domi
485 1507 570 1536 tristia
594 1507 692 1536 habent
703 1530 710 1543 ,
724 1514 749 1536 et
766 1507 868 1536 doloris
882 1508 991 1546 quidem

249 1562 340 1581 omnes
357 1552 500 1592 participes
517 1563 627 1588 sumus,
646 1563 732 1581 causae
756 1562 819 1587 vero
843 1563 895 1581 non
913 1553 991 1591 item3

250 1598 298 1627 sed
312 1599 381 1627 alius
395 1599 429 1627 ab
445 1609 545 1634 uxore,
561 1599 630 1627 alius
644 1609 659 1626 a
673 1598 730 1626 filio
742 1621 748 1634 ,
762 1599 831 1627 alius
844 1610 859 1627 a
873 1599 990 1634 famulo,

250 1644 320 1672 alius
333 1644 367 1672 ab
386 1644 488 1678 amico,
505 1644 575 1672 alius
590 1644 624 1672 ab
639 1643 759 1681 inimico,
776 1644 845 1672 alius
859 1655 875 1672 a
891 1644 990 1681 vicino,

250 1687 320 1716 alius
341 1687 376 1715 ab
400 1687 490 1725 aliquo
512 1687 673 1716 detrimento
698 1694 828 1724 vexatur3
849 1698 880 1716 ac
903 1689 993 1717 multae

250 1733 415 1771 diversaeque
437 1739 499 1761 sunt
517 1733 639 1761 moeroris
659 1743 755 1761 causae.
770 1734 801 1762 In
813 1744 918 1762 summa
932 1735 993 1763 nul-

250 1779 308 1807 lum
329 1778 443 1817 reperire
465 1785 503 1806 est
524 1778 644 1806 moeroris
661 1788 770 1817 prorsus
794 1789 927 1817 vacuum5
947 1779 994 1808 sed

251 1825 320 1853 alius
340 1825 458 1859 minora,
473 1824 543 1852 alius
555 1824 656 1863 majora
666 1824 747 1852 habet
762 1824 893 1853 moestitiae
911 1835 993 1864 argu—

253 1874 350 1897 menta.
363 1869 404 1897 Ne
425 1867 508 1906 igitur
529 1878 599 1906 aegre
613 1868 745 1905 seramus,
758 1879 845 1906 neque
863 1879 910 1897 nos
925 1870 993 1898 solos

252 1914 280 1942 in
294 1923 406 1942 moerore
421 1924 476 1942 esse
489 1920 623 1952 putemus.

290 1961 318 1988 5.
333 1960 392 1988 Non
414 1966 500 1999 potest
523 1960 594 1988 enim
619 1959 717 1996 homo,
732 1960 779 1998 qui
801 1960 870 1989 hanc
890 1960 991 1990 fluxam

251 2004 332 2034 ducat
345 2005 429 2034 vitam
439 2026 446 2039 ‚
459 2005 515 2033 sine
529 2015 641 2033 moerore
655 2015 726 2041 esse;
740 2005 787 2034 sed
799 2005 820 2034 si
836 2016 888 2034 non
902 2005 992 2043 hodie,

251 2051 366 2087 eras;·si
388 2061 441 2080 non
455 2061 524 2088 cras,
544 2057 634 2089 postea
655 2050 755 2079 doloris
778 2062 857 2080 causa
879 2051 990 2081 accidet.

250 2096 287 2124 Ut
302 2096 374 2125 enim
389 2096 449 2124 fieri
462 2096 565 2134 nequit,
579 2103 609 2124 ut
625 2096 671 2134 qui
692 2097 822 2135 navigant
836 2097 892 2126 sine
911 2097 991 2126 solli-

250 2141 368 2170 citudine
382 2141 435 2170 sint
447 2164 456 2177 ,
477 2141 499 2170 si
514 2141 542 2170 in
563 2141 656 2181 pelago
670 2152 768 2180 magno
789 2143 916 2181 navigent
930 2154 937 2170 :
954 2143 1027 2174 sien

250 2187 297 2225 qui
310 2187 378 2216 hanc
390 2187 493 2216 ducunt
507 2187 602 2222 vitam,
618 2198 671 2216 non
684 2195 795 2227 possunt
808 2199 861 2216 non
878 2188 906 2216 in
921 2199 990 2218 moe-

249 2243 309 2261 rore
327 2243 403 2269 esse3
418 2233 522 2261 etiamsi
546 2233 659 2262 divitem
682 2233 806 2262 dixeris:
831 2234 894 2272 quia
919 2235 988 2263 enim

247 2277 324 2306 dives
349 2285 405 2313 est,
422 2278 520 2307 multas
541 2279 816 2318 concupiscentiarum
840 2280 988 2309 occasiones

246 2323 347 2361 habet3
366 2324 469 2352 etiamsi
484 2334 575 2363 regem
594 2324 683 2364 ipsum
706 2325 868 2364 protuleris:
884 2336 944 2354 nam
962 2333 986 2355 et

246 2367 292 2395 ille
311 2368 458 2397 multorum
480 2369 592 2408 imperio
607 2369 710 2406 subest,
729 2381 812 2408 neque
833 2371 922 2399 omnia
937 2382 986 2410 pro

245 2412 357 2441 arbitrio
371 2414 451 2451 facit,
467 2414 513 2443 sed
526 2415 613 2443 multa
634 2422 730 2454 praeter
748 2415 890 2444 arbitrium
905 2427 984 2446 suum

275 2508 290 2522 *
307 2507 423 2539 [Melius
435 2519 456 2532 τι
470 2511 577 2541 λυπηρόν.
589 2510 704 2536 Dunaeus.
718 2511 797 2544 Marg.
817 2511 896 2537 Savil.
917 2517 946 2539 τὰ
960 2515 997 2539 λυ-

243 2550 314 2578 πηρά.
327 2547 384 2570 Non
397 2545 570 2577 improbamus
582 2548 735 2582 vulgatum]

1023 170 1162 193 AchlEt‘
1169 185 1176 193 .
1205 171 1332 194 CONSTA
1337 171 1457 195 NTINOP
1463 187 1470 194 .

1051 232 1093 260 O&
1111 231 1163 270 γὰρ
1185 231 1280 260 ἔδωκεν
1295 235 1359 269 ἡμῖν
1377 235 1390 261 ὁ
1404 233 1471 264 Θεὸς
1484 235 1588 269 πνεῦμα
1609 233 1704 265 δειλίας
1715 253 1722 267 ,
1745 234 1813 262 ἀλλὰ

1051 277 1184 314 δυνάμεως
1205 277 1249 304 καὶ
1267 277 1370 316 ἀγάτι-ης
1384 277 1428 306 καὶ
1445 282 1635 317 σωφρονισμοῦ.
1661 278 1813 313 Ἰὀυτε’στιν,

1050 324 1078 351 οὗ
1094 322 1136 350 διὰ
1150 325 1226 350 τοῦτο
1239 323 1269 351 τὸ
1283 326 1387 360 πνεῦμα
1400 323 1539 361 ἐλάὸομεν,
1553 323 1596 352 ἵνα
1609 322 1815 361 ὑποστελλώμε-

1726 369 1764 379 m·-

398 367 507 405 gaudio,
536 368 628 397 laetitia
642 381 648 396 :
663 376 703 397 sta
724 369 851 398 viriliter.
874 370 901 397 7.
927 370 996 397 Non
1013 373 1032 396 D
1050 371 1099 404 02,
1124 370 1182 397 ἀλλ’
1198 368 1240 397 ἵνα
1254 368 1505 407 παῤῥησιαζώμεθα.
1532 370 1645 402 Πολλοῖς
1659 369 1709 408 γὰρ
1724 380 1814 398 οιοωσι

1049 417 1153 452 πνεῦμα
1166 414 1272 449 δειλίας,
1287 410 1339 443 οἷον
1354 414 1397 443 ἐπὶ
1411 416 1463 442 τῶν
1477 414 1598 452 πολέμων
1618 416 1644 443 ἐν
1659 420 1716 448 ταῖς
1731 417 1814 443 Βασι-

1048 460 1131 492 λείαις
1149 460 1248 498 γέγονε.
1274 460 1326 489 Καὶ
1341 459 1418 488 ἔπεσε
1429 483 1436 495 ,
1451 460 1528 498 φησὶ,
1543 464 1646 498 πνεῦμα
1660 461 1756 493 δειλίας
1770 462 1812 489 ἐπ’

1678 506 1756 535 Ἀλλὰ
1774 505 1814 534 σοὶ

1049 551 1130 579 ἔδωκε
1151 551 1298 580 τούναντίον
1317 554 1421 588 πνεῦμα
1439 551 1574 589 δυνάμεως
1590 552 1634 579 καὶ
1650 552 1754 589 ἀγάπης
1767 554 1815 586 τ’ῆς

1049 505 1141 539 αὐτούς
1151 517 1157 523 ·
1172 505 1305 541 vomitur,
1321 506 1399 544 φόὲον
1422 506 1508 539 αὐτοῖς
1524 506 1653 541 ἐνέθηκεν.

1050 599 1086 629 εἷς
1109 597 1195 625 αὐτόν.
1216 596 1281 635 Ἄρα
1303 597 1348 625 καὶ
1370 600 1445 626 τοῦτο
1465 596 1517 625 ἀπὸ
1536 597 1643 636 χάριτός
1663 598 1741 632 ἐστιν,
1757 598 1815 625 ἀλλ’

1051 644 1099 681 οὐχ
1112 643 1201 674 ἁπλῶς
1214 643 1266 671 ἀπὸ
1283 642 1406 681 χάριτος,
1421 644 1478 671 ἀλλ’
1493 642 1554 670 ὅταν
1569 642 1614 670 καὶ
1628 645 1705 679 ἡμεῖς
1716 642 1816 681 πρότε-

1053 700 1091 726 ροι
1109 687 1297 725 ἔπιδε-,ξώμεθα
1314 687 1348 716 τὰ
1366 689 1428 727 παρ’
1451 689 1561 716 ἑαυτῶν,
1595 687 1634 715 Τὸ
1654 685 1814 726 γὰρποιοῦν

1050 737 1120 771 ἡμᾶς
1134 733 1249 772 κράζειν,
1262 733 1334 761 ἀὸὅᾶ
1345 736 1358 762 ὁ
1368 733 1478 773 Πατὴρ,
1493 733 1538 761 καὶ
1550 732 1597 767 τὴν
1611 731 1716 770 ἀγάτι-ην
1727 731 1815 767 τίθησι

1050 778 1097 813 τὴν
1112 779 1176 817 πρὸς
1197 778 1284 814 αὐτὸν,
1304 778 1348 806 καὶ
1361 778 1408 814 τὴν
1423 779 1488 818 πρὸς
1501 778 1545 807 τὸν
1559 778 1672 813 πλησίον
1683 789 1690 795 ·
1704 777 1747 806 ἵνα
1762 779 1814 807 ἀλ-

1051 824 1160 860 λήλους,
1178 824 1270 863 φησὶν,
1297 826 1456 862 ἀγαπῶμεν·
1480 824 1533 853 ἀπὸ
1551 824 1602 863 γὰρ
1616 827 1663 859 τῆς
1681 823 1815 861 δυνάμεως

1015 878 1032 900 Ε
1051 870 1096 898 καὶ
1107 873 1152 898 τοῦ
1162 870 1198 907 μῆ
1210 871 1307 909 δειλιᾷν
1318 873 1334 905 ἡ
1351 871 1440 908 ἀγάπη
1455 870 1564 909 γίνεται.
1585 869 1668 898 Οὐδὲν
1681 869 1733 908 γὰρ
1747 869 1814 898 οὕτω

1051 915 1138 954 φιλίαν
1150 915 1264 944 διαλύειν
1277 915 1373 951 εἴωθεν,
1381 917 1415 947 ὡς
1427 915 1510 943 δειλία
1522 915 1566 944 καὶ
1578 915 1718 955 προδοσίας
1727 915 1813 954 φήμη.

1051 962 1090 990 Οῧ
1107 961 1158 1000 γὰρ
1172 961 1266 989 ἔδωκεν
1285 963 1348 998 ἡμῖν
1360 963 1374 988 ὁ
1388 961 1455 992 Θεὸς
1466 982 1473 996 ,
1492 960 1570 999 φησὶ,
1585 963 1689 998 πνεῦμα
1706 960 1812 994 δειλίας,

1050 1006 1118 1035 ἀλλὰ
1134 1006 1238 1045 ἀγάπης
1255 1007 1299 1034 καὶ
1316 1006 1448 1044 δυνάμεως
1463 1006 1507 1034 καὶ
1520 1008 1712 1045 σωφρονισμοῦ.
1735 1005 1814 1034 Ἤτοι

1050 1052 1230 1092 σωφρονισμὸν
1249 1051 1296 1087 τὴν
1316 1051 1404 1091 ὑγείαν
1425 1052 1496 1090 λέγει
1520 1054 1566 1086 τῆς
1585 1050 1699 1084 διανοίας
1711 1050 1756 1079 καὶ
1767 1053 1814 1086 τῆς

1049 1099 1134 1137 ψυχῆς
1145 1119 1152 1132 ,
1172 1097 1189 1132 ἢ
1207 1099 1396 1137 Σωφρονισμοῧ
1406 1120 1413 1133 ,
1429 1097 1499 1126 ὥστε
1513 1097 1718 1136 σωφρονίζεσθαι
1733 1099 1814 1134 ἡμᾶς,

1048 1143 1096 1171 κᾶν
1114 1156 1141 1172 τι
1160 1144 1240 1172 δεινὸν
1254 1144 1378 1182 γένηται,
1393 1143 1436 1171 ἵνα
1452 1143 1599 1182 σωφρονίζῃ
1613 1146 1700 1181 ἡμᾶς,
1721 1142 1766 1171 καὶ
1780 1142 1815 1171 τὰ

1048 1189 1159 1228 περιττὰ
1183 1189 1278 1227 κόπτῃ.
1302 1190 1348 1225 Μὴ
1363 1189 1447 1218 τοίνυν
1462 1191 1583 1228 ἀλγῶμεν
1601 1189 1645 1218 ἐπὶ
1657 1193 1710 1221 τοῖς
1724 1189 1816 1220 δεινοῖς

1013 1239 1029 1261 F
1046 1240 1101 1268 τοῖς
1113 1236 1304 1273 συμπίπτουσι·
1319 1247 1500 1274 σωφρονισμος
1511 1235 1586 1264 του-,ό
1597 1237 1662 1263 ἐστι.
1676 1234 1723 1270 Μὴ
1734 1233 1816 1263 σπεύ-

1048 1293 1095 1318 σῃς
1105 1304 1112 1316 ,
1130 1294 1217 1320 φησιν,
1231 1282 1258 1310 ἐν
1274 1293 1357 1320 καιρω
1371 1283 1520 1320 ἐπαγωγῆς.
1543 1280 1643 1310 Πολλοὶ
1657 1280 1743 1309 πολλὰ
1755 1281 1814 1309 κατ’

1048 1330 1117 1355 οἰκον
1132 1327 1222 1366 ἔχουσι
1239 1327 1359 1367 λοπηρα,
1381 1327 1426 1356 καὶ
1447 1339 1479 1365 τη
1496 1353 1500 1364 γ
1517 1338 1542 1355 εν
1556 1326 1625 1364 λύπη
1640 1337 1813 1363 κοινωνουμεν

1048 1372 1180 1408 ἀλλ-ἕλοις,
1195 1375 1227 1411 τῆ
1241 1372 1267 1401 δὲ
1283 1372 1405 1401 ὑποθέσει
1419 1371 1522 1401 οὐκέτι·
1539 1372 1596 1400 ἀλλ’
1609 1373 1622 1399 ὁ
1637 1372 1683 1408 μὲν
1699 1371 1751 1400 ἀπὸ
1765 1383 1813 1410 γυ-

1047 1419 1145 1451 ναικὸς,
1160 1421 1173 1446 ὁ
1187 1418 1214 1446 δὲ
1229 1418 1281 1446 ἀπὸ
1294 1418 1386 1450 παιδὸς
1396 1439 1403 1452 ,
1419 1417 1505 1456 ἔτερος
1528 1417 1581 1445 ἀπὸ
1600 1417 1713 1452 οἰκέτου,
1734 1417 1812 1449 ἄλλος

1048 1464 1100 1492 ἀπὸ
1121 1463 1212 1502 φίλου,
1227 1463 1304 1495 ἄλλος
1319 1463 1371 1491 ἀπο
1391 1464 1500 1503 ἐχθροῦ,
1517 1463 1595 1494 ἄλλος
1610 1462 1662 1491 ἀπο
1682 1463 1812 1500 γείτονος,

1010 1519 1029 1540 Α
1047 1510 1124 1541 ἄλλος
1139 1509 1191 1537 ἀπὸ
1213 1508 1323 1546 ζημίας,
1342 1520 1387 1536 και
1402 1509 1461 1537 πολ
1454 1518 1498 1537 Λαι
1513 1520 1558 1536 και
1572 1508 1690 1546 διάφοροί
1704 1520 1769 1538 εισιν
1784 1511 1811 1537 αἱ

1048 1555 1130 1584 αἰτίαι
1141 1557 1188 1589 τῆς
1198 1554 1300 1589 )υἷῖης”
1317 1567 1361 1583 και
1375 1554 1405 1583 0)
1407 1567 1442 1587 ως
1454 1566 1501 1583 OD?-
1517 1554 1587 1583 ἔστιν
1603 1555 1685 1593 Εὑρεῖν
1697 1566 1756 1583 τινα
1766 1554 1812 1583 λυ-

1047 1613 1098 1635 πης
1112 1601 1227 1639 καθαρὸν
1248 1600 1292 1628 καὶ
1311 1600 1437 1637 ἀθυμίας,
1455 1599 1522 1628 ἀλλὰ
1537 1602 1550 1628 ὁ
1566 1600 1613 1638 μὲν
1635 1599 1736 1638 μικρὰ,
1750 1602 1764 1629 ὁ
1783 1599 1811 1628 δὲ

1049 1647 1154 1684 μείζονα
1171 1646 1226 1685 ἔχει
1246 1645 1280 1674 τὰ
1298 1647 1439 1674 λυποῦντα.
1462 1645 1507 1680 Μὴ
1524 1646 1610 1674 τοίνυν
1623 1645 1811 1685 ἀσχάλλωμεν,

1049 1692 1115 1729 μηδὲ
1128 1692 1200 1721 αὐτοὶ
1212 1692 1284 1729 μόνοι
1296 1691 1441 1729 νομίζωμεν
1457 1686 1524 1720 εἶναι
1541 1693 1566 1720 ἐν
1579 1691 1661 1726 λύπη.

1087 1959 1127 1987 Οὐ
1149 1959 1200 1996 γὰρ
1219 1959 1288 1987 ἔστιν
1310 1959 1445 1997 ἄνθρωπον
1470 1958 1532 1987 ὄντα
1555 1958 1600 1986 καὶ
1618 1958 1662 1987 τὸν
1684 1958 1808 1997 ἐπίκηρον

1047 2007 1136 2033 τοῦτον
1151 2006 1236 2037 ζῶντα
1252 2003 1321 2042 βίον,
1341 2004 1426 2039 λύπης
1443 1999 1508 2032 εἶναι
1525 2003 1607 2043 χωρίς
1618 2015 1624 2022 ·
1641 2004 1700 2033 ἀλλ’
1720 2003 1751 2032 ἂν
1771 2003 1808 2043 μὴ

1047 2050 1177 2088 σήμερον,
1200 2050 1288 2088 αὔριον
1300 2062 1306 2067 ·
1322 2049 1352 2078 ἂν
1377 2049 1413 2087 μὴ
1434 2049 1521 2089 αὔριον
1531 2071 1540 2085 ,
1564 2049 1632 2087 μετὰ
1646 2051 1730 2078 ταῦτα
1744 2061 1811 2088 συμ-

1047 2095 1130 2124 ὃαίνει
1157 2095 1212 2123 *τὸ
1241 2095 1366 2134 λυπηρόν.
1393 2095 1499 2134 υΩσπερ
1531 2095 1582 2134 γὰρ
1610 2095 1656 2124 οὔκ
1683 2095 1721 2124 ἔνι
1751 2094 1810 2124 τινὰ

1046 2141 1160 2170 πλέοντα
1175 2154 1211 2178 μη
1228 2136 1319 2169 εἶναι
1307 2153 1334 2169 εν
1349 2141 1464 2179 ἀγωνίᾳ,
1478 2141 1592 2170 πλέοντα
1606 2141 1677 2179 λε’γω
1697 2141 1811 2178 πέλαγος

1047 2200 1079 2224 μ·
1068 2199 1134 2226 εγα·
1156 2187 1237 2219 οὕτως
1258 2187 1315 2216 οὐδὲ
1339 2199 1382 2216 τον
1406 2189 1496 2215 τοῦτον
1518 2187 1562 2216 τὸν
1578 2187 1634 2225 βίον
1657 2189 1742 2220 ζῶντα
1762 2188 1810 2226 οὐχ

1045 2233 1097 2262 οἷόν
1120 2245 1149 2262 τε
1166 2233 1202 2271 μὴ
1227 2236 1293 2261 εἶναι
1318 2234 1343 2261 ἐν
1370 2232 1483 2272 ἀθυμίᾳ,
1499 2232 1547 2261 κᾶν
1570 2232 1693 2261 πλουσιον
1711 2233 1807 2271 εἴπης·

1044 2279 1135 2314 ἐπειδὴ
1160 2278 1211 2318 γὰρ
1230 2278 1352 2311 πλούσιός
1378 2279 1450 2314 ἐστι,
1473 2278 1574 2310 πολλὰς
1594 2277 1713 2317 ἀφορμὰς
1727 2278 1810 2306 ῧέπι-

1043 2327 1142 2363 θυμιῶν
1160 2324 1215 2363 ἔχει
1226 2336 1232 2342 ·
1248 2324 1297 2352 κᾶν
1319 2324 1394 2353 αὐτὸν
1414 2324 1458 2352 τὸν
1475 2323 1587 2362 βασιλέα
1600 2335 1607 2341 ·
1621 2324 1666 2352 καὶ
1688 2323 1740 2362 γὰρ
1762 2323 1808 2352 καὶ

1041 2370 1117 2403 αὐτὸς
1139 2370 1190 2398 ὑπὸ
1212 2370 1316 2398 πολλῶν
1335 2373 1486 2407 κρατεῖται,
1509 2370 1556 2398 καὶ
1580 2371 1608 2398 οὗ
1631 2369 1718 2398 πάντα
1737 2368 1807 2397 κατὰ

1039 2416 1146 2454 γνώμην
1165 2416 1290 2454 πράττει,
1306 2415 1374 2444 ἀλλὰ
1387 2416 1473 2444 πολλὰ
1488 2415 1561 2454 παρὰ
1580 2415 1610 2444 τὸ
1623 2416 1713 2444 δοκοῦν
1732 2415 1803 2453 αὐτῷ

1080 2522 1090 2533 ³¹
1107 2513 1184 2538 savit.
1199 2513 1223 2538 in
1237 2521 1313 2544 marg-
1325 2517 1432 2545 ἀὼμιῶν.
1459 2512 1518 2546 [Ita
1540 2514 1595 2536 sine
1613 2511 1689 2536 dubio
1709 2511 1794 2545 legen—

1043 2553 1111 2577 dum.
1126 2553 1253 2583 Duuzrus]
