1893 2860
410 135 444 157 lN
470 134 578 158 EPIST.
608 135 632 158 1.

68 200 150 236 ὑμᾶς,
165 197 212 236 ἐμὲ
228 197 342 236 δέχεται.
357 197 421 227 Ἐὰν
438 197 474 236 μὴ
490 197 559 227 οὕτω
574 197 652 237 δέχῃ,
677 197 733 228 οὐδὲ
750 197 842 236 μισθὸν

66 244 144 283 ἔχεις.
170 243 332 283 Ἀνθρώπους
348 245 491 284 παριόντας
505 245 605 279 ὁδίτας,
630 247 665 277 ὡς
680 245 796 283 ἐνόμιζεν
806 266 813 279 ,
828 246 841 272 ὁ

67 288 188 329 Ἀῧραὰμ
196 289 310 328 ἐδέχετο,
321 290 365 318 καὶ
375 291 402 318 οὔ
416 290 504 319 πάντα
515 295 567 323 τοῖς
578 291 690 323 οἰκέταις
699 290 840 330 ἐπέτρεπεν

66 335 254 374 ἐξευτρεπίζειν
268 335 301 364 τὰ
316 336 380 374 πρὸς
400 336 532 375 ὑποδοχὴν
542 359 548 371 ,
571 336 639 365 ἀλλὰ
653 337 682 366 τὸ
700 336 778 366 πλέον
794 338 841 371 τ’ἥς

67 380 198 414 διακονίας
209 381 253 409 καὶ
266 381 341 414 αὐτος
352 381 386 410 δι’
396 394 488 412 εαυτου
501 382 624 422 ἔπραττε,
637 383 682 412 καὶ
692 395 724 421 τῃ
738 382 841 422 γυναικὶ

65 427 99 456 τὰ
114 427 212 467 ἄὶευρα
228 432 310 467 φυρᾶν
325 428 462 465 ἐπέταττε,
478 429 564 459 καίτοι
580 429 745 468 τριακοσίους
759 429 840 457 δεκα-

65 484 135 502 οκτιι)
147 473 214 512 ἔχων
230 474 384 512 οἰκογενεῖς,
407 478 443 503 ὧν
456 476 524 507 εἰκὸς
541 487 586 503 και
601 474 785 515 Θεραπαινίδας
803 477 841 503 εἰ·

65 532 108 548 ναι
122 522 141 537 3·
159 520 218 548 ἀλλ’
233 522 310 553 αὐτὸς
321 521 444 550 ἐὸούλετο
458 521 502 550 τὸν
518 521 638 559 μισθὸν
625 532 715 561 εχειν
712 520 778 548 αετὰ
792 521 840 554 τ’ῆς

65 566 194 604 γαμετῆς,
213 568 241 595 οὐ
254 568 302 602 τῆς
316 568 435 602 δαπάνης
460 567 550 606 μόνης,
567 567 635 596 ἀλλὰ
654 566 699 595 καὶ
720 567 767 601 τ’ῆς
783 567 840 595 δια-

66 612 163 645 κονίας.
179 612 258 641 Οὕτω
277 614 315 642 δεῖ
329 613 474 652 φιλοξενίαν
489 613 703 650 ἐπιδείκνυσθαι,
727 614 759 642 δι’
775 614 840 641 ἑαυ-

66 661 117 687 τῶν
134 658 219 688 πάντα
234 659 410 698 πράττοντας,
430 659 464 687 ἵν’
479 663 555 698 ἡμεῖς
570 659 753 699 ἇγιαζώμεθα,
767 659 799 687 ἵν’
815 660 842 687 αἱ

67 709 152 744 χεῖρες
170 707 197 734 αἱ
218 705 345 744 ἡμέτεραι
367 706 534 744 εὖλογῶνται.
561 706 614 734 Καὶ
635 705 731 741 πένησι
748 707 841 745 διδῷς,

66 751 102 789 μὴ
119 750 271 790 ἀπαξιώσῃς
286 751 328 779 διὰ
345 755 456 781 σεαυτοῦ
469 752 574 781 δοῦναι·
589 753 618 781 οὐ
633 752 684 790 γὰρ
696 755 733 790 τῷ
748 751 842 787 πένητι

67 797 160 833 διδως,
183 796 251 826 ἀλλὰ
275 809 312 825 τω
327 798 444 836 Χριστῶ.
467 797 516 830 Τίς
537 797 564 826 δὲ
587 797 669 830 οὕτως
686 799 772 830 αὈλιος
784 820 791 833 ,
808 799 843 831 ὡς

360 848 437 882 χεῖρα
439 844 493 901 ὀρε
495 856 549 882 γειν
565 856 604 872 τι)
621 845 742 883 Χριστω;
756 845 843 873 Τοῦτο

65 890 138 928 φιλος
127 888 212 925 ’“ενία,
234 900 311 918 τουτο
338 890 420 922 ὄντως
436 889 479 918 διὰ
498 889 540 918 τὸν
557 889 625 918 Θεόν
647 891 703 919 ἐστι
718 901 839 924 ποιησαι.

67 842 192 876 ἀπαξῑθυν
208 854 285 872 αυῗῦν
299 855 375 882 τῆν’]

66 935 113 964 Ἂν
126 935 152 965 δὲ
169 935 236 973 μετὰ
248 936 327 975 τύφου
341 935 483 975 ἐπιτάττῃς
495 959 501 971 ,
518 936 568 964 κᾶν
581 937 633 965 τῶν
645 936 781 975 πρωτείων
795 948 842 964 κε-

67 981 144 1020 λεύῃς
158 981 301 1010 ἀπολαύειν
310 1005 317 1017 ,
332 982 378 1011 οὐκ
392 981 447 1010 ἔστι
460 981 590 1021 φιλοξενία
607 982 636 1011 τὸ
648 986 773 1017 τοιοῦτον,
786 981 843 1011 οὐδὲ

67 1027 110 1057 διὰ
124 1028 168 1057 τὸν
187 1028 255 1057 Θεόν
278 1030 344 1057 ἐστι.
362 1030 471 1064 Πολλῆς
488 1031 502 1057 ὁ
517 1029 586 1063 ξένος
603 1030 686 1058 δεῖται
702 1032 749 1064 τῆς
764 1031 843 1068 θερα-

66 1074 143 1108 πείας
153 1097 161 1111 ,
176 1076 276 1110 πολλῆς
290 1077 337 1110 τῆς
349 1075 553 1115 παρακλήσεως·
575 1076 711 1114 ἀγαπητὸν
726 1075 777 1115 γὰρ
797 1075 843 1104 καὶ

68 1121 135 1159 μετὰ
157 1124 274 1150 τοσαῦτα
289 1122 318 1150 τὸ
339 1122 376 1160 μὴ
393 1124 524 1161 ερυΟριᾷν.
552 1122 664 1169 ΞΕτι-ειδὴ
688 1123 717 1151 τὸ
730 1127 842 1178 πρᾶγμα

66 1166 143 1206 φύσιν
158 1167 213 1206 ἔχει
227 1167 366 1204 τοιαύτην,
390 1180 458 1197 ωστε
474 1180 517 1197 τον
539 1171 566 1197 εὖ
582 1168 701 1197 παθόντα
721 1168 843 1207 αἷσχυνε-

67 1215 145 1250 σθαι,
169 1216 202 1253 τῇ
218 1215 266 1242 ὖπε
271 1214 351 1254 ρὸοὶῇ
375 1216 424 1248 τῆς
443 1214 583 1254 θεραπείας
600 1214 633 1243 τὰ
653 1227 701 1249 της
716 1214 844 1253 αἷσγύνης

66 1259 118 1300 ιχρὴ
131 1265 293 1300 περιαιρεῖν,
315 1261 359 1289 καὶ
375 1261 401 1289 δε
405 1273 504 1289 ικνυναι
521 1261 565 1290 καὶ
586 1261 686 1300 ῥηυασι
706 1261 752 1289 καὶ
771 1261 842 1300 πρά-

65 1318 181 1344 γμασιν,
195 1306 236 1336 οτι
255 1308 301 1336 οὐκ
317 1310 344 1335 εὖ
360 1311 429 1335 ποιεῖ
446 1309 459 1335 ὃ
473 1310 499 1336 εὖ
512 1319 613 1342 ποιων,
631 1308 689 1336 ἀλλ’
701 1311 728 1336 εὖ
743 1307 843 1346 πάσχει

66 1352 143 1385 αὐτὸς
166 1352 212 1381 καὶ
236 1353 354 1391 εὖεργετε
344 1357 411 1381 ῐται
431 1354 531 1390 μᾶλλον
556 1353 572 1387 ἢ
593 1354 734 1392 εὐεργετεῖ.
762 1353 843 1382 Ουτω

64 1398 236 1432 πλεονάζεται
271 1399 301 1427 τὸ
328 1399 462 1437 γινόμενον
495 1399 548 1427 ἀπὸ
577 1401 626 1434 τῆς
655 1411 764 1439 προαιρε
755 1399 795 1428 ζσε
798 1411 842 1431 ως.

65 1444 173 1484 ’Ὠσπερ
198 1444 248 1502 γὰρ
263 1447 277 1473 ὁ
293 1444 395 1483 ἢγουμε
383 1456 438 1477 νος
452 1447 620 1483 ζημιοῦσθαι,
635 1444 723 1473 πάντα
736 1445 827 1473 ἀπώλε
829 1461 842 1465 -

65 1503 127 1525 σεν,
143 1491 189 1520 καὶ
204 1493 217 1520 ὁ
231 1491 375 1530 ἡγούμενος
387 1494 416 1519 εὐ
430 1496 515 1520 ποιεῖν
529 1491 617 1520 πάντα
632 1490 784 1527 ἀπώλεσεν,
800 1491 842 1520 ου’-

63 1549 116 1570 τως
129 1539 166 1566 ὁ(
154 1536 296 1576 ηγούμενος
312 1540 339 1566 εὖ
356 1537 470 1577 πάσχειν
481 1559 488 1573 ,
508 1537 587 1567 πλ;ὀν
603 1536 713 1566 ἔλαθεν·
738 1537 841 1576 Ἱλαρον

64 1584 115 1624 γὰρ
129 1585 206 1622 δότην
221 1587 312 1625 ἀγαπᾷΙ
325 1587 339 1614 ὁ
351 1586 427 1619 Θεός,
453 1585 535 1615 Ὥστε
549 1586 628 1626 χάριν
641 1586 753 1626 ὀφείλεις
769 1588 841 1624 μᾶλ-

64 1637 109 1664 λον
121 1637 158 1676 τῷ
173 1636 267 1672 πένητι
280 1639 326 1666 τοῦ
340 1636 442 1666 λαθεῖν.
459 1636 493 1665 Εἰ
509 1637 546 1676 μὴ
562 1637 613 1677 γὰρ
628 1637 739 1672 πένητες
755 1632 822 1672 ἦσαν
832 1659 840 1673 ,

65 1686 112 1714 οὖκ
127 1685 156 1715 ἂν
171 1687 202 1716 τὸ
218 1686 286 1716 πολὺ
301 1689 353 1716 τῶν
368 1688 569 1727 ἁμαρτημάτων
584 1688 716 1726 ὑπετέμου
727 1700 733 1706 ·
755 1689 840 1728 ἷατροὶ

63 1739 116 1766 τῶν
125 1738 286 1778 τραυμάτων
298 1738 348 1767 εἰσὶ
358 1740 409 1767 τῶν
421 1741 474 1767 σῶν
484 1751 490 1757 ·
501 1739 631 1778 φάρμακά
644 1751 685 1768 σοι
694 1739 841 1779 παρέχουσι

66 1787 114 1820 τὰς
131 1789 231 1817 ἑαυτῶν
245 1793 345 1829 χεῖρας.
369 1789 432 1829 Οὐχ
446 1788 529 1822 οὕτως
544 1789 632 1829 ἰατρὸς
645 1794 738 1830 χεῖρας
752 1789 838 1819 ε’κτεί-

65 1850 130 1875 νων,
153 1839 198 1868 καὶ
213 1840 352 1879 φάρμακον
369 1839 494 1872 ἐπιτιθεὶς
514 1839 562 1875 τὴν
582 1839 698 1880 ῗατρείαν
713 1839 839 1880 παρέχει,

65 1892 100 1924 ὡς
114 1889 195 1926 πένης
206 1896 284 1930 χεῖρα
298 1891 420 1920 ἐκτείνων
433 1891 478 1920 καὶ
489 1891 522 1920 τὰ
534 1891 608 1930 παρὰ
622 1894 667 1920 σοῧ
679 1891 823 1929 λαμὸάνων
832 1915 840 1928 ,

65 1943 205 1980 ἐκμαγεῖον
225 1945 277 1972 τῶν
289 1945 342 1972 σῶν
356 1943 413 1971 ἐστὶ
424 1945 522 1972 κακῶν.
532 1943 655 1976 ’Έδωκας
665 1937 697 1972 ‘to
708 1943 840 1983 ἀργύριον,

65 1992 205 2027 συνεξῆλθε
219 2005 265 2022 και
279 1992 312 2022 τὰ
323 1993 514 2032 ἁμαρτήματα
526 1995 649 2022 Τοιουτοι
661 1994 705 2022 καὶ
716 1996 740 2023 οἱ
753 1996 840 2034 ιερεῖς·

661 134 708 158 AD
733 135 875 159 TIMOTH.
905 133 983 158 CAP·
1012 135 1048 159 V·
1077 135 1197 159 nomn„

1227 135 1301 160 xlv.
1552 123 1643 173 (3751)

895 197 1013 237 excipis,
1030 208 1062 227 nc
1072 198 1193 237 excipias
1207 198 1317 227 omnino
1331 209 1336 225 ε
1352 207 1414 226 nam
1435 197 1495 237 ait,
1517 199 1573 237 Qui
1588 209 1643 228 vos
1659 209 1743 229 amali.
1763 214 1798 228 io.

895 246 1025 283 suscipit,
1040 255 1085 273 me
1100 246 1231 283 suscipit.
1245 244 1274 273 Si
1287 254 1340 273 non
1355 244 1391 273 ita
1405 243 1535 284 suscipias
1548 266 1555 281 ,
1571 254 1643 273 mer·
1658 239 1696 270 4⁰*

859 297 878 320 C
896 289 988 318 cedem
1002 301 1055 319 non
1071 290 1193 320 habebis.
1210 290 1346 319 Abraham
1362 290 1480 320 viatores
1501 291 1623 319 homines
1634 313 1642 328 ,

895 342 925 364 nt
940 335 996 375 ipse
1011 336 1142 374 putabat,
1167 343 1357 375 praetereuntes
1377 336 1517 376 suscepit,
1538 347 1587 365 nec
1609 336 1645 366 ad

895 392 987 410 eorum
1003 392 1095 410 curam
1112 382 1267 412 domesticis
1277 383 1366 411 omnia
1382 383 1503 412 facienda
1526 383 1643 412 commi-

895 428 939 463 sit,
954 428 1002 457 sed
1015 429 1145 469 majorem
1159 429 1301 458 ministerii
1316 437 1419 469 partein
1435 430 1492 470 ipse
1507 431 1644 470 suscepit,

897 480 922 502 et
933 474 1012 502 uxori
1027 474 1143 503 farinam
1157 475 1268 503 miscere
1282 475 1444 515 imperavit,
1466 476 1515 504 etsi
1539 483 1644 505 trecen-

897 526 937 548 tos
955 519 1046 548 decem
1059 527 1085 549 et
1099 528 1158 549 octo
1173 522 1330 550 vernaculos
1344 522 1475 559 habebat,
1490 523 1558 552 inter
1578 534 1646 561 quos

895 566 1006 594 ancillas
1028 566 1112 594 fuisse
1122 567 1270 596 verisimile
1285 574 1340 603 est;
1363 568 1408 596 sed
1424 568 1480 606 ipse
1494 569 1645 598 mercedem

896 622 957 640 cum
969 622 1053 640 uxore
1069 612 1168 641 habere
1180 612 1308 651 cupiebat
1319 635 1326 649 ,
1339 623 1391 641 11011
1403 613 1490 642 solum
1505 625 1645 652 expensae,

896 657 941 686 sed
956 657 1039 686 etiam
1067 657 1219 686 ministerii.
1240 658 1282 686 Ita
1305 664 1410 697 oportet
1435 658 1646 698 hospitalitatem

897 702 1036 740 exhibere,
1051 713 1097 743 per
1114 714 1142 732 se
1161 703 1251 732 omnia
1268 703 1395 732 faciendo
1408 725 1416 740 ‚
1432 710 1462 731 ut
1480 714 1528 732 nos
1546 704 1645 732 sancti—

898 749 1030 785 ficemur,
1049 756 1078 778 ut
1092 759 1188 778 manus
1201 756 1299 778 nostrae
1314 749 1517 778 benedicantur.
1531 749 1645 778 Etiamsi

898 795 1009 835 pauperi
1034 795 1141 824 dederis
1152 818 1160 834 ‚
1194 805 1226 824 nc
1253 794 1408 834 dedigneris
1435 805 1484 834 per
1510 801 1536 823 te
1562 795 1645 831 dare5

898 852 950 870 non
970 842 1041 871 enim
1058 842 1171 882 pauperi
1186 842 1234 871 das
1245 866 1252 879 ‚
1266 841 1312 870 sed
1333 842 1453 870 Christo.
1470 841 1540 878 Quis
1554 849 1645 870 autem

898 888 935 916 ita
946 888 1027 918 miser
1039 896 1077 917 est
1088 911 1097 924 ‚
1111 895 1141 917 ut
1161 899 1214 917 non
1228 888 1357 927 dignetur
1377 887 1434 927 ipse
1450 898 1561 916 manum
1582 898 1647 927 por-

900 934 986 973 rigere
1010 934 1140 963 (1111131οἷἱ
1166 934 1229 962 Haec
1252 941 1289 962 est
1304 944 1368 962 vere
1391 932 1580 972 hospitalitas,
1594 933 1647 961 hoc

898 987 937 1008 est
953 987 1063 1019 propter
1079 981 1167 1009 Deum
1178 980 1274 1009 facere.
1292 979 1374 1015 Quod
1385 979 1407 1008 si
1422 989 1485 1007 curn
1499 979 1569 1007 fastu
1589 979 1645 1007 im-

900 1036 989 1065 peres,
1009 1026 1113 1054 etiamsi
1135 1026 1236 1064 prinias
1255 1025 1356 1064 hospiti
1371 1024 1501 1053 concedas
1513 1047 1521 1063 ,
1538 1035 1591 1053 11011
1606 1031 1646 1054 est

900 1072 951 1101 hoc
979 1072 1172 1112 hospitalitas,
1192 1082 1277 1110 neque
1293 1078 1403 1111 propter
1419 1072 1506 1099 Deum
1530 1071 1587 1099 hoec
1601 1071 1642 1099 fit.

900 1118 989 1147 Multo
1014 1118 1113 1157 hospes
1136 1117 1286 1147 ministerio
1303 1128 1370 1157 opus
1390 1117 1483 1154 habet,
1499 1117 1584 1145 multa
1599 1116 1645 1145 ad-

899 1164 1068 1201 hortatione5
1084 1164 1133 1194 vix
1147 1163 1228 1192 etiam
1242 1163 1286 1193 vel
1300 1163 1340 1192 sic
1362 1163 1460 1199 poterit
1475 1173 1528 1192 non
1547 1163 1646 1192 eruhe-

900 1221 981 1240 scere.
1004 1210 1140 1246 Quoniam
1155 1217 1250 1238 natura
1266 1210 1305 1238 ita
1318 1220 1345 1239 se
1359 1209 1441 1237 habet
1459 1209 1518 1237 haec
1538 1220 1598 1244 res,
1616 1216 1646 1238 ut

900 1258 947 1296 qui
961 1258 1027 1286 bene
1036 1257 1170 1292 afficitur,
1184 1257 1286 1296 pudore
1296 1255 1485 1291 suffundatur3
1502 1256 1646 1285 ministerii

901 1303 1090 1343 exsuperantia
1104 1303 1237 1342 pudorem
1252 1302 1343 1332 tollere
1358 1309 1481 1342 oportet,
1499 1312 1530 1330 ac
1554 1303 1646 1331 verbis

899 1350 1035 1388 simulque
1049 1360 1078 1378 re
1093 1349 1151 1388 ipsa
1177 1348 1331 1384 ostendere,
1348 1348 1439 1388 ipsum
1455 1348 1500 1386 qui
1524 1348 1570 1378 dat
1598 1349 1643 1377 be-

898 1396 1029 1424 neficium
1046 1396 1136 1435 potius
1151 1395 1288 1434 accipere,
1305 1405 1386 1433 quam
1400 1394 1474 1423 dare.
1492 1395 1533 1424 Ita
1549 1405 1590 1423 res
1611 1405 1645 1423 ex

898 1441 980 1470 hilari
994 1442 1132 1471 voluntate
1144 1441 1223 1480 longe
1234 1441 1335 1480 gratior
1349 1440 1475 1469 efficitur.
1487 1441 1564 1470 Sicut
1573 1441 1644 1469 enim

897 1487 945 1526 qui
961 1498 987 1516 se
1010 1494 1089 1527 putat
1113 1486 1212 1515 damno
1229 1486 1320 1525 affici,
1338 1493 1421 1516 totum
1437 1486 1543 1526 perdit;
1558 1493 1584 1515 et
1598 1486 1645 1525 qui

897 1543 925 1562 se
938 1540 1015 1573 putat
1030 1533 1192 1562 beneficium
1209 1532 1328 1561 tribuere
1339 1555 1349 1568 ,
1375 1533 1465 1561 omnia
1480 1532 1587 1572 perdit:
1604 1532 1643 1561 sic

896 1580 942 1619 qui
965 1580 1017 1608 sibi
1042 1579 1108 1608 bene
1133 1579 1192 1608 fieri
1215 1579 1354 1608 existimat
1377 1579 1496 1619 amplius
1524 1579 1639 1620 recipit:

895 1627 1032 1655 Hilarem
1056 1629 1133 1655 enim
1164 1627 1297 1655 datorem
1319 1627 1415 1666 diligit
1437 1627 1527 1655 Deus.
1549 1627 1644 1665 Itaque

896 1673 1012 1712 gratiam
1026 1673 1115 1713 potius
1126 1672 1207 1702 debes
1219 1673 1331 1712 pauperi
1346 1672 1422 1710 quod
1434 1672 1558 1712 accipiat.
1573 1673 1642 1701 Nam

896 1720 917 1748 si
932 1730 1064 1760 pauperes
1079 1730 1132 1748 non
1146 1726 1242 1755 essent,
1257 1726 1428 1759 peccatorum
1440 1719 1573 1748 sarcinam
1587 1719 1640 1747 dis-

896 1765 968 1795 ficiie
991 1777 1121 1806 poneres:
1139 1772 1202 1795 sunt
1217 1765 1259 1794 illi
1283 1766 1426 1794 vulnerum
1452 1772 1561 1794 tuorum
1581 1776 1641 1793 me·—

895 1811 948 1841 dici
962 1824 968 1840 :
982 1812 1176 1841 medicamenta
1193 1811 1241 1840 tibi
1257 1811 1376 1851 praebent
1388 1822 1450 1840 suas
1462 1821 1566 1840 manus.
1581 1812 1642 1839 Non

895 1858 932 1886 ita
957 1857 1079 1887 medicus
1104 1868 1214 1886 manum
1241 1857 1382 1897 porrigens
1395 1864 1422 1886 et
1448 1856 1643 1885 medicamenta

895 1905 1051 1933 ministrans
1066 1903 1227 1932 medicinam
1239 1910 1346 1932 exercet
1355 1926 1362 1940 ‚
1375 1911 1405 1932 ut
1416 1914 1521 1943 pauper
1531 1914 1642 1932 manum

896 1951 1037 1990 porrigens
1051 1957 1075 1979 et
1087 1961 1101 1979 a
1114 1957 1140 1979 te
1149 1950 1294 1990 accipiens,
1304 1950 1375 1979 mala
1387 1957 1432 1979 tua
1448 1951 1542 1980 aufert.
1556 1950 1641 1979 Dedi-

895 1997 929 2026 sti
937 2003 1077 2036 argentum
1081 2006 1203 2036 ,egressa
1214 2003 1276 2025 sunt
1285 2006 1347 2024 cum
1359 1996 1406 2024 illo
1416 2003 1532 2036 peccata.
1542 1996 1642 2036 Hujus-

849 2032 884 2051 528

1657 1638 1679 1653 2.
1692 1631 1737 1653 Cor
1748 1639 1762 1660 9
1777 1641 1797 1662 7.

65 2043 315 2083 Ἁμαρτίας,φησι,
330 2045 394 2073 λαου
417 2055 466 2082 μου
481 2043 618 2083 φάγονται.
632 2043 717 2073 εὨστε
734 2045 839 2083 μείζονα
858 2061 877 2083 Α
895 2019 983 2074 modio
984 2052 1045 2074 sunt
1060 2051 1086 2073 ct
1109 2043 1279 2073 sacerdotes:
1294 2045 1443 2081 Peccata,
1463 2043 1639 2083 inquit‚po-
1656 2055 1747 2083 Ost-04
1761 2056 1785 2077 8

65 2092 252 2131 λαμὸανεις,
237 2105 254 2128 η
271 2093 362 2129 δίδως,
380 2096 502 2133 εὖεργετῇ
516 2095 632 2132 μᾶλλον,
646 2093 663 2128 ἢ
679 2096 838 2134 εὐεργετεῖς·

64 2144 127 2182 Θεῷ
140 2143 279 2180 δανείζεις,
301 2146 348 2173 οὐκ
362 2144 509 2183 ἀνθρώποις
520 2166 527 2179 ,
552 2143 637 2177 αὔξεις
649 2144 692 2174 τὸν
709 2146 838 2182 πλοῦτον,

63 2195 92 2222 οὐ
109 2199 191 2232 μειοῑς
202 2206 207 2212 ·
223 2198 305 2233 μειοῖς
320 2194 360 2230 δὲ,
374 2194 418 2223 ἐὰν
434 2194 471 2233 μὴ
486 2194 652 2233 ε’λαττώσῃς,
665 2195 708 2224 ἐὰν
725 2195 762 2233 μὴ
779 2197 838 2235 δῷς.

63 2245 98 2273 Εἰ
114 2245 281 2284 ἐξενοδόχησε
291 2268 298 2281 ,
316 2245 409 2285 φησὶν,
422 2247 444 2274 εἷ
459 2245 540 2284 ἁγίων
557 2246 636 2279 πόδας
651 2247 732 2285 ἔνιψε.
748 2247 837 2276 Ποίων

64 2294 95 2330 δὴ
111 2294 227 2330 τούτων;
242 2296 304 2324 Τῶν
318 2294 480 2333 Ολιὸομένων
490 2319 497 2332 ,
511 2297 560 2336 οὐχ
570 2297 661 2330 ἅπλῶς
674 2297 755 2337 ἁγίων
764 2309 770 2315 ·
784 2297 837 2327 ἕνε·

63 2357 105 2374 στι
117 2345 168 2386 γὰρ
179 2345 267 2384 ἁγίους
282 2341 361 2382 εἶναι,
375 2345 420 2374 καὶ
430 2347 530 2381 πολλῆς
541 2348 682 2377 ἀπολαύειν
698 2348 837 2387 Θεραπείας

893 2096 957 2134 puli
969 2097 1026 2124 mei
1036 2096 1201 2124 comedunt
1214 2096 1308 2134 Itaque
1321 2095 1423 2134 majora
1436 2095 1545 2135 accipis,
1558 2106 1640 2134 quam

893 2146 941 2175 das
956 2159 963 2181 ;
988 2145 1151 2175 beneficium
1168 2144 1255 2184 magis
1280 2145 1397 2184 accipis,
1411 2156 1494 2183 quam
1511 2145 1613 2174 confers
1630 2157 1636 2172 :

894 2198 951 2226 Deo
964 2196 1115 2233 foeneraris,
1130 2206 1182 2225 non
1207 2195 1381 2234 hominibus3
1398 2195 1510 2224 divitias
1531 2207 1614 2236 auges
1627 2220 1636 2235 ,

894 2258 947 2278 non
962 2247 1080 2286 minuis;
1098 2247 1198 2277 minuis
1212 2255 1302 2276 autem
1327 2248 1349 2277 si
1365 2258 1417 2277 non
1434 2247 1552 2278 minores
1576 2248 1635 2278 red-

892 2298 957 2335 das,
971 2299 994 2328 si
1010 2309 1061 2328 non
1076 2298 1193 2327 dederis.
1209 2298 1240 2328 Si
1249 2299 1375 2338 hospitio
1388 2300 1523 2338 suscepit,
1537 2298 1637 2338 inquit,

892 2353 916 2379 si
930 2357 1100 2380 sanctorum
1109 2351 1197 2389 pedes
1209 2350 1292 2378 lavit.
1310 2350 1520 2385 Quorumnam?
1533 2350 1635 2380 Eorum

62 2397 135 2436 παρὰ
159 2397 274 2427 πάντων.
299 2397 346 2433 Μὴ
370 2397 476 2432 τούτους
493 2398 570 2428 δίωκε
594 2399 653 2433 τοὺς
677 2401 703 2429 ἐν
727 2401 836 2441 ἀφθονίᾳ
854 2414 871 2438 B
891 2402 981 2441 quiin
1007 2400 1134 2431 aerumnis
1151 2407 1309 2437 versantur,
1324 2410 1377 2430 non
1400 2400 1559 2440 simpliciter
1575 2412 1635 2430 san-

63 2448 147 2483 ὄντας,
169 2448 236 2477 ἀλλὰ
257 2447 316 2481 τοὺς
337 2451 362 2477 ἐν
385 2449 485 2488 Ολίψει,
508 2449 566 2482 τοὺς
581 2452 714 2489 ἀγνῶτας,
732 2452 790 2485 τοὺς
805 2454 833 2481 οὐ

96 2548 105 2558 ··
125 2541 132 2572 [
147 2544 231 2571 πώλα,-
255 2540 400 2566 addendum
414 2550 464 2567 esse
478 2548 561 2567 censet
574 2543 701 2576 Dunaeus]

891 2459 993 2482 ctorum
1008 2464 1013 2480 :
1026 2459 1112 2492 potest
1124 2451 1193 2481 enim
1205 2450 1261 2481 [ieri
1270 2457 1298 2480 ut
1313 2451 1398 2480 sancti
1408 2451 1493 2481 multo
1502 2451 1536 2481 ab
1547 2452 1635 2482 omni-
