1893 2860
286 179 349 223 178
622 187 650 208 s.

279 261 372 288 genere
387 256 470 283 natas,
483 257 534 275 non
546 257 588 275 eas
604 246 686 283 clegi,
704 245 750 273 sed
769 245 857 273 amavi
871 252 943 273 tuam
955 246 1016 273 vita:

277 295 387 331 agenda·
406 294 544 323 rationem,
558 292 722 319 honestatem
737 313 743 326 ‚
763 290 935 326 modestiam,
951 297 1016 318 tcm-

278 340 432 379 perautiani.
450 337 551 365 Deinde
563 337 651 365 statim
666 337 700 364 ab
713 336 755 364 his
767 347 830 375 para
844 336 913 364 viam
930 335 963 363 ad
975 335 1016 363 di-

278 386 391 413 cendum
412 384 445 411 de
462 383 645 422 philosophia,
669 389 693 410 et
719 381 883 420 reprehende
907 381 1016 410 divitias

278 441 338 458 cum
354 429 469 467 quadam
483 429 594 465 ambage
608 435 632 456 ct
653 427 819 456 circuitione.
838 429 904 455 Nam
917 427 938 455 si
958 438 1003 455 ora

279 477 375 503 tionem
395 475 482 503 solum
503 473 629 502 extendas
652 474 678 502 in
696 473 880 512 vituperandis
903 472 1016 509 divitiis,

678 186 759 208 Joim'
766 187 783 207 N
790 186 817 208 ts
843 186 905 207 etta
911 184 1024 207 YSOST.

278 523 331 550 eris
343 522 432 559 gravis
446 528 470 549 et
486 522 654 560 iznportiinus
671 532 676 548 :
692 521 732 548 sin
747 528 851 559 arrepta
866 520 1017 556 occasione,

279 568 368 596 onmia
389 568 488 595 efficies
506 579 511 594 :
528 567 630 595 videris
645 566 715 595 enim
729 566 757 594 id
771 567 855 594 faeere
868 577 916 605 pro
928 565 1017 594 defen-

278 613 351 641 sione
360 620 385 641 et
394 613 578 643 excusatione,
594 623 645 640 non
659 619 793 649 tanlquam
808 618 929 639 austerus
943 611 1018 648 quis-

278 659 350 697 piam
363 681 369 693 ‚
391 657 606 697 injucundusque
620 664 644 685 et
672 657 811 685 illiberalis
828 664 854 685 et
879 656 1017 692 sordidus;

277 704 322 733 sed
336 704 442 742 quando
457 714 490 732 ex
505 704 537 731 iis
550 714 607 741 quae
616 710 678 731 sunt
693 703 758 741 ejus,
769 702 893 730 sumseris
906 702 1019 730 occasio-

277 761 353 786 nem,
365 750 443 778 etiam
456 749 591 787 gaudebit.
607 751 684 777 Dices
698 760 760 787 ergo
776 749 940 784 (necessario
950 748 1019 776 enim

278 806 371 824 rursus
394 795 534 834 repetenda
550 802 587 823 est
602 795 686 823 oratio
697 797 720 830 ):
735 795 804 823 Cum
819 794 909 822 liceret
923 794 1021 822 ducere

278 841 391 869 divitem
413 848 437 869 et
453 841 630 879 locupletem,
650 850 701 867 non
726 839 821 867 induxi
844 839 871 867 in
891 839 1020 868 animum.

279 889 322 922 Qu
326 887 483 915 imobieui?
500 888 556 915 Non
579 893 676 914 temere
691 896 738 914 nec
753 885 958 923 inconsideiffate
974 885 1022 913 sed

279 939 349 961 lecte
358 932 506 960 didiceram
518 931 574 960 dix
568 932 628 959 itias
637 932 739 959 nullam
752 942 806 959 esse
817 931 1020 969 possessionem,

280 977 326 1005 sed
349 988 403 1005 reni
420 976 637 1004 contemnendam
650 998 657 1012 ‚
669 983 695 1004 et
709 987 766 1014 quae
780 976 855 1004 adest
869 983 893 1004 et
906 977 1020 1004 latroni-

282 1022 331 1049 bus
347 1029 371 1050 et
388 1021 571 1049 meretricibus
585 1029 610 1049 et
632 1021 814 1059 sepulcrorum
838 1022 1018 1050 effossoribus.

131 1072 205 1092 Pin-1¹³
214 1079 271 1099 qum·
285 1068 426 1106 Propterea
436 1066 477 1094 his
489 1066 577 1094 missis
592 1066 652 1094 veni
665 1066 699 1094 ad
710 1073 761 1094 tnae
776 1066 870 1094 animae
882 1066 1023 1102 virtutem,

130 1111 178 1123 nani
191 1107 272 1128 optima

132 1134 230 1154 habenda

131 1169 171 1184 QSl.

283 1124 363 1150 quam
381 1113 467 1141 cuivis
482 1123 546 1140 auro
558 1112 679 1150 praefero.
697 1112 809 1150 Sapiens
823 1112 893 1140 enim
908 1118 932 1140 et
944 1112 1022 1150 inge—

283 1167 333 1184 nua
350 1156 456 1195 puella,
468 1155 574 1194 pietatis
591 1166 682 1184 curam
697 1166 800 1194 gerens,
816 1155 864 1183 toti
875 1155 933 1183 orbi
948 1163 1022 1184 terrae

282 1203 368 1242 pretio
382 1209 420 1230 est
434 1201 632 1240 aeqiiipa1·anda.
649 1203 790 1240 Propterea
809 1208 833 1229 et
855 1208 880 1229 te
894 1212 953 1229 sum
968 1212 1023 1229 am-

282 1249 378 1288 plexus
391 1255 415 1276 et
430 1255 454 1276 te
471 1248 556 1286 diligo
569 1272 575 1280 ,
589 1254 614 1275 et
629 1258 692 1275 meae
703 1247 782 1275 etiam
794 1247 889 1275 animae
903 1248 1023 1286 praesero.

282 1295 359 1323 Nihil
381 1301 419 1322 est
433 1294 504 1322 enim
525 1294 581 1335 vita
595 1304 720 1332 praesens,
735 1304 833 1331 oroque
846 1300 870 1322 et
894 1294 986 1322 hortor
1000 1301 1026 1322 et

282 1341 370 1369 omnia
384 1340 464 1376 facio,
483 1346 509 1367 ut
527 1350 573 1367 nos
589 1339 625 1367 ita
639 1339 716 1377 digni
731 1339 878 1367 habeamur
890 1340 936 1377 qui
958 1350 1026 1378 prze-

281 1393 381 1414 sentem
393 1395 502 1423 agamus
513 1385 605 1420 vitam,
616 1391 644 1412 ut
654 1385 709 1412 illic
717 1385 796 1412 etiam
807 1385 939 1423 possimus
952 1385 1027 1414 infn-

283 1440 343 1461 turo
365 1432 462 1460 saeculo
477 1442 537 1459 cuni
554 1441 648 1469 magna
662 1431 801 1459 securitate
819 1431 897 1459 simul
915 1431 1026 1460 versari.

282 1480 350 1508 Nam
367 1489 480 1518 praesens
491 1478 598 1516 quidem
616 1485 719 1516 tempus
732 1484 769 1505 est
784 1478 867 1506 breve
877 1500 885 1515 ,
898 1478 1028 1506 caducum

281 1533 306 1553 et
320 1525 416 1563 fragile
427 1536 433 1551 ε
446 1524 582 1552 sinautem
595 1523 671 1561 digni
683 1523 813 1551 fuerimus
827 1523 912 1552 habiti
927 1531 955 1553 ut
973 1526 1029 1553 Deo

281 1577 416 1609 acceptam
426 1570 509 1598 vitam
525 1569 569 1596 hic
583 1568 770 1606 transigam05‚
781 1579 885 1608 semper
895 1569 994 1598 erimus
1006 1580 1032 1601 et

1056 185 1072 206 Α
1080 185 1197 208 ReniEP
1204 201 1210 208 .
1239 186 1492 210 CONSTANTtMn‘
1499 203 1506 210 .

1074 257 1129 279 νης.
1154 241 1220 274 Εἶτα
1233 248 1285 276 ἀπὸ
1297 248 1394 276 τούτων
1412 248 1483 281 zoob<
1499 248 1700 286 παρασκεύασον
1714 249 1770 278 ὁδὸν
1783 252 1834 278 τῶν

1070 290 1155 328 λόγων
1169 293 1220 319 τῶν
1232 292 1292 330 περὶ
1303 294 1470 332 φιλοσοφίας,
1485 294 1530 322 καὶ
1544 294 1684 332 κατηγόρει
1698 297 1741 323 τοῦ
1754 294 1834 324 πλού-

1070 347 1113 364 του
1127 336 1192 373 μετά
1205 348 1273 369 τινος
1286 337 1297 352 ¹³
1308 338 1438 377 περιόδου.
1453 339 1560 372 <Απλῶς
1576 339 1622 376 μὲν
1637 339 1687 379 γὰρ
1697 340 1742 368 ἐὰν
1752 352 1834 369 κατα-

1070 381 1155 419 τείνῃς
1169 382 1244 419 λόγον
1260 383 1327 410 κατὰ
1342 384 1452 412 πλούτου
1462 407 1468 419 ,
1483 386 1604 423 φορτικὸς
1615 385 1660 424 ἔοᾊ
1669 398 1674 403 ·
1692 386 1723 414 ἂν
1733 385 1759 415 δὲ
1770 389 1834 414 ὑπο-

1035 428 1052 450 G
1071 427 1165 459 Οέσεως
1177 427 1322 465 λαέόμενος
1332 450 1338 461 ,
1352 429 1438 457 πάντα
1451 430 1561 463 ἀνύσεις.
1577 431 1666 463 Δόξεις
1678 431 1728 470 γὰρ
1744 433 1770 459 ἐν
1784 432 1833 460 τά-

1071 473 1107 505 ξει
1122 473 1262 510 ἀπολογίας
1275 474 1305 501 τὸ
1316 479 1426 511 πρᾶγμα
1439 480 1536 508 ποιεῖν,
1551 478 1600 514 οὐχ
1608 479 1643 509 ὡς
1654 477 1781 516 αὐστηρός
1794 489 1834 511 τις

1071 518 1115 547 καὶ
1134 518 1228 556 ἄχαρις
1247 518 1292 546 καὶ
1308 519 1475 558 μικρολόγος
1498 520 1556 549 ἀλλ’
1567 521 1627 550 ὅταν
1643 523 1672 550 ἐκ
1689 524 1739 550 τῶν
1755 524 1834 557 αὒτῆς

1071 564 1119 599 τὴν
1134 564 1255 592 ὑπόθεσιν
1269 565 1370 603 >AG-fic,
1388 566 1432 593 καὶ
1445 566 1597 600 ἡσθήσεται.
1613 567 1698 607 Ἰἰρεῖς
1709 564 1751 596 οὖν
1768 569 1834 604 (πά-

1071 611 1111 638 λιν
1126 609 1176 648 γὰρ
1191 610 1234 638 τὸν
1252 610 1327 648 λόγον
1347 611 1490 639 ἀναλαὸεῖν
1506 613 1679 650 ἀναγκαῖον),
1699 613 1738 642 ὅτι
1753 614 1836 654 παρὸν

1072 655 1199 683 πλουσίαν
1213 658 1299 693 γῆμαι
1314 656 1357 684 καὶ
1370 656 1494 694 εὔπορον,
1510 658 1555 685 οὐκ
1570 658 1730 695 ἠνεσχόμην.
1747 659 1782 687 Τί
1794 660 1837 694 δή·

1073 712 1148 735 ποτε;
1172 702 1232 739 Οὐχ
1245 702 1337 733 ἁπλῶς
1348 724 1355 736 ,
1372 701 1428 730 οὐδὲ
1442 703 1499 740 εἰκῇ
1511 724 1518 737 ,
1543 703 1601 730 ἀλλ’
1614 703 1769 739 ἐπαιδεύθην
1787 704 1838 743 ἐγὼ

1074 748 1175 781 καλῶς,
1191 746 1231 775 ὅτι
1245 747 1354 779 πλοῦτος
1372 747 1443 776 οὐδὲν
1460 747 1551 785 κτῆμοί
1570 749 1654 782 ἐστιν,
1680 748 1747 776 ἀλλὰ
1769 754 1839 789 πρᾶ-

1073 803 1129 829 γμα
1141 792 1367 832 εὐκαταφρόνητον
1377 815 1383 827 ,
1395 793 1439 821 καὶ
1449 795 1557 831 λῃσταῖς
1571 794 1667 832 προσὸν
1676 794 1720 822 καὶ
1732 795 1840 833 πόρναις

1040 843 1057 865 D
1074 837 1174 874 γυναιξὶ
1195 838 1238 867 καὶ
1253 838 1444 877 τυμὸωρύχοις.
1469 838 1516 866 Διὸ
1528 842 1610 867 ταῦτα
1626 840 1711 879 ἀφεὶς,
1734 841 1777 869 ἐπὶ
1791 841 1838 876 τὴν

1075 885 1121 917 τῆς
1133 886 1181 918 σῆς
1191 884 1286 922 ἀρετὴν
1300 881 1377 919 ἦλθον
1389 886 1487 923 ψυχῆς,
1499 885 1529 919 ἣν
1540 886 1635 918 παντὸς
1645 888 1767 924 προτιμῶ
1777 898 1839 926 χρυ-

1076 928 1140 957 σίου.
1166 930 1266 964 Συνετὴ
1279 929 1330 969 γὰρ
1345 930 1389 958 καὶ
1404 931 1526 968 ἐλευθέρα
1541 931 1606 969 κόρη
1619 931 1680 966 νέα,
1701 931 1746 960 καὶ
1759 934 1839 960 εὐλα-

1077 974 1148 1006 ίείας
1163 976 1368 1012 ἐπιμελουμένη,
1381 975 1467 1010 πάσης
1480 978 1526 1009 τῆς
1541 976 1694 1014 οἰκουμένης
1705 978 1774 1006 ἐστὶν
1790 980 1838 1007 ἀν-

1076 1019 1160 1051 ταξία.
1173 1022 1222 1048 Διὰ
1234 1020 1264 1054 δὴ
1276 1021 1360 1049 ταῦτά
1371 1032 1399 1049 σε
1411 1021 1455 1049 καὶ
1469 1022 1632 1059 ἠσπασάμην
1644 1023 1688 1050 καὶ
1700 1024 1782 1061 φιλῶ,
1795 1024 1840 1052 καὶ

1077 1066 1122 1098 τῆς
1142 1066 1255 1102 ἐμαυτοῦ
1277 1065 1419 1103 προτίθημι
1433 1067 1527 1104 ψυχῆς.
1556 1066 1639 1095 Οὐδὲν
1654 1067 1704 1106 γὰρ
1721 1070 1734 1096 ὁ
1747 1069 1839 1107 παρὼν

1080 1109 1133 1146 βίος
1143 1110 1198 1139 ἐστὶ
1206 1133 1213 1145 ,
1224 1110 1269 1138 καὶ
1279 1110 1389 1149 εὔχομαι
1401 1111 1444 1139 καὶ
1454 1113 1601 1149 παρακαλῶ
1611 1112 1656 1140 καὶ
1665 1113 1753 1142 πάντα
1763 1116 1841 1149 ποιῶ,

1079 1154 1146 1184 ὥστε
1170 1158 1240 1193 ἡμᾶς
1255 1156 1323 1185 οὕτω
1339 1156 1532 1190 καταξιωθῆναι
1550 1157 1593 1186 τὸν
1608 1158 1725 1197 παρόντα
1746 1161 1842 1194 στῆσαι

1081 1201 1151 1239 βίον,
1172 1201 1239 1230 ὥστε
1255 1203 1394 1237 δυνηθῆναι
1408 1203 1453 1231 καὶ
1468 1204 1521 1231 ἐκεῖ
1538 1205 1563 1231 ἐν
1582 1205 1618 1241 τῷ
1632 1204 1753 1242 μέλλοντι
1768 1207 1843 1234 αἷῶνι

1045 1261 1061 1284 Ε
1081 1247 1146 1285 μετὰ
1159 1248 1258 1293 πολλῆς
1269 1249 1314 1282 τῆς
1327 1248 1415 1280 ἀδείας
1426 1249 1547 1283 ἀλλήλοις
1558 1254 1680 1278 συνεῖναι.
1692 1249 1725 1278 Ὁ
1737 1250 1784 1288 μὲν
1793 1251 1844 1290 γὰρ

1080 1293 1172 1332 χρόνος
1183 1296 1255 1326 οὗτος
1271 1293 1369 1333 βραχὺς
1383 1293 1428 1321 καὶ
1442 1294 1579 1332 ἐπίκηρος·
1598 1296 1620 1322 εἷ
1636 1294 1662 1323 δὲ
1677 1295 1846 1329 καταξιωθεί-

1081 1352 1096 1374 η
1101 1352 1147 1377 μεν
1163 1340 1384 1377 εὐαρεστήσαντες
1395 1342 1432 1379 τῷ
1445 1341 1507 1379 Θεῷ
1523 1340 1590 1369 οὕτω
1601 1340 1645 1369 τὀν
1659 1341 1714 1380 βίον
1724 1342 1738 1356 *
1750 1343 1846 1380 μετελ-

1083 1388 1134 1413 θεῖν
1149 1387 1253 1420 τοῦτον,
1267 1385 1307 1413 ἀεὶ
1322 1385 1367 1413 καὶ
1383 1386 1450 1422 μετὰ
1463 1388 1508 1414 τοῦ
1524 1387 1653 1425 Χριστοῦ,
1669 1387 1714 1415 καὶ
1727 1389 1784 1424 μετ’
1795 1389 1847 1416 ἆλ-

1083 1430 1169 1465 λήλων
1183 1430 1294 1467 ἐσόμεθα
1310 1431 1378 1468 μετὰ
1391 1430 1505 1463 πλείονος
1516 1434 1562 1466 τ’ἧς
1575 1433 1678 1466 ἡδονῆς.
1695 1432 1767 1470 Ἐγὼ
1781 1433 1847 1461 πάν-

1083 1488 1134 1504 των
1148 1475 1194 1509 τὴν
1207 1475 1254 1510 σὴν
1268 1475 1373 1514 ἀγάπην
1396 1477 1553 1515 προτίθημι,
1575 1477 1619 1505 καὶ
1634 1477 1705 1506 οὐδὲν
1722 1477 1790 1506 οὕτω
1803 1490 1848 1516 μοι

1085 1521 1208 1550 δύσκολον
1225 1521 1282 1550 οὐδὲ
1298 1521 1424 1560 ἐπαχθὲς,
1449 1524 1483 1555 ὡς
1494 1522 1524 1551 τό
1536 1534 1600 1551 ποτε
1611 1524 1773 1562 διενεχθῆναι
1784 1525 1850 1563 πρὸς

1087 1567 1115 1596 σέ
1126 1579 1131 1584 -
1155 1567 1202 1595 κᾶν
1224 1567 1311 1595 πάντα
1327 1567 1454 1596 ἀπολέσαι
1466 1568 1526 1607 δέῃ,
1548 1568 1596 1596 κᾶν
1608 1567 1677 1608 Ἴρου
1696 1569 1849 1609 πενέστερον

281 1626 343 1645 enm
356 1615 462 1643 Cliristo
474 1621 571 1642 etcum
585 1614 662 1642 nobis
678 1614 795 1643 invicem
807 1625 867 1642 cum
876 1615 970 1653 majori
983 1625 1032 1643 vo-
1052 1624 1068 1646 1-
1087 1612 1224 1651 γενέσθαι,
1246 1612 1294 1640 κᾶν
1317 1612 1446 1646 κινδύνους
1469 1616 1614 1648 ὑποστῆναι
1630 1626 1688 1647 τους
1709 1615 1851 1653 ἐσχάτους,

281 1663 391 1700 luptate.
406 1660 463 1697 Ego
478 1660 648 1688 dilectionem
662 1666 733 1687 tuam
754 1660 866 1698 praefero
886 1660 1029 1698 omnihus3

282 1717 366 1743 neque
377 1713 415 1734 est
424 1705 571 1743 quidquam
587 1704 654 1732 mihi
675 1715 748 1742 aeque
768 1705 909 1733 molestum
925 1717 1005 1743 quam
1018 1717 1032 1734 a

282 1758 308 1779 te
320 1761 447 1789 umquam
462 1749 592 1778 dissidere
610 1761 616 1777 ε
631 1750 735 1778 etiamsi
750 1761 792 1778 me
802 1758 923 1789 oporteat
940 1752 1032 1780 omnia

283 1798 421 1833 amittere,
432 1797 534 1825 etiamsi
549 1798 591 1825 Iro
606 1808 661 1825 esse
680 1797 884 1836 pauperiorem,
901 1805 925 1826 et
941 1805 1029 1827 extre*

282 1854 326 1872 ma
340 1843 431 1871 subire
451 1842 570 1881 pericula
582 1865 588 1876 ‚
604 1849 629 1870 et
654 1842 761 1880 quidvis
786 1843 841 1880 pati
855 1865 862 1878 ⁷
879 1843 945 1871 mihi
967 1851 1029 1872 sunt

283 1889 374 1917 omnia
385 1888 491 1916 ferenda
505 1895 529 1916 et
541 1888 698 1925 toleranda,
714 1887 798 1916 donec
813 1895 841 1916 tu
857 1888 883 1916 in
903 1899 944 1917 me
962 1889 1029 1918 bene

284 1935 368 1964 fueris
381 1935 490 1970 asseeta3
502 1940 526 1962 et
542 1933 608 1961 mihi
620 1940 682 1961 tune
697 1933 826 1972 optabiles
839 1941 915 1962 erunt
928 1935 1006 1964 liberi

284 1978 392 2016 quando
411 1986 438 2006 tu
453 1978 581 2006 benevole
592 1978 616 2006 in
633 1989 674 2007 me
690 1979 783 2006 assecta
805 1979 896 2007 fueris.
913 1980 1030 2019 Oporte-

283 2024 324 2052 bit
345 2031 434 2052 autem
450 2030 474 2052 te
488 2034 594 2062 quoque
610 2023 661 2051 hoc
675 2024 768 2052 facere.
784 2024 889 2053 Deinde
909 2025 1027 2055 admisce

285 2073 364 2101 etiam
387 2072 468 2101 verba
482 2071 628 2110 apostolica
638 2094 645 2107 ‚
660 2071 733 2109 quod
749 2073 821 2100 Deus
836 2073 874 2101 sic
893 2074 953 2102 vult
973 2085 1028 2102 esse

285 2119 455 2157 conjunctam
477 2117 545 2145 inter
569 2126 615 2145 nos
630 2117 854 2146 benevolentiam.
870 2119 941 2147 Audi
957 2120 1029 2148 enim

134 2182 217 2211 pres.
237 2181 259 2203 5.
286 2164 452 2202 Scripturam
464 2162 596 2191 dicentem
608 2176 611 2189 z
624 2164 748 2201 Propter
757 2164 810 2192 hoc
820 2164 966 2203 relinquet
977 2166 1029 2194 Ιιο·

135 2214 173 2235 31.

287 2222 332 2238 mo
347 2216 460 2248 patrem
472 2216 499 2237 et
513 2215 646 2246 matrem,
657 2216 683 2237 et
694 2211 854 2238 adhoerebit
866 2214 952 2239 uxori
961 2223 1029 2241 suoe.

286 2255 365 2283 Nulla
375 2255 408 2282 sit
418 2254 494 2282 nohis
504 2253 649 2282 simultatis
660 2254 762 2283 occasio
773 2255 893 2284 :valeant
902 2257 1030 2294 pecuniae,

285 2307 310 2328 et
324 2299 468 2327 multitudo
481 2309 637 2334 servorum,
654 2306 679 2327 et
702 2299 816 2328 honores
839 2302 943 2329 externi
957 2314 963 2329 :
977 2302 1029 2331 hoc

1088 1658 1135 1686 κᾶν
1148 1659 1231 1686 ὁτιοῦν
1243 1660 1349 1692 παθεῖν,
1364 1658 1421 1695 ἐμοὶ
1435 1659 1522 1687 πάντα
1534 1659 1608 1688 οιστὰ
1622 1659 1667 1687 καὶ
1680 1659 1790 1699 φορητὰ,
1802 1660 1852 1693 ἕως

1089 1703 1119 1730 ἂν
1139 1702 1173 1731 τὰ
1189 1703 1253 1742 πρὸς
1267 1702 1295 1732 σὲ
1310 1705 1337 1731 εὖ
1353 1715 1398 1741 μοι
1420 1704 1570 1739 διακὲηται·
1595 1705 1640 1733 καὶ
1653 1704 1687 1733 τὰ
1701 1705 1795 1734 παιδία
1807 1717 1852 1744 μοι

1088 1748 1195 1777 ποθεινὰ
1209 1749 1265 1777 τότε
1278 1750 1367 1782 ἔσται,
1390 1749 1439 1781 ἕως
1453 1749 1484 1777 ἂν
1499 1751 1619 1782 εὖνοϊκως
1635 1751 1699 1789 πρὸς
1712 1754 1783 1789 ἡμᾶς
1797 1752 1854 1779 δια-

1088 1793 1196 1832 κειμένη
1206 1797 1244 1832 ἧς.
1254 1794 1374 1828 Δεησει
1360 1794 1386 1822 οὲ
1396 1807 1441 1823 και
1451 1795 1478 1824 σὲ
1489 1799 1572 1824 ταῦτα
1581 1800 1675 1825 ποιεῖν.
1690 1792 1758 1825 Εἶτα
1767 1808 1855 1836 παρα-

1089 1838 1180 1876 μίγνυε
1196 1839 1241 1867 καὶ
1252 1839 1285 1867 τὰ
1298 1839 1459 1868 ἀποστολικὰ
1473 1840 1579 1878 ῥήματα
1588 1863 1596 1876 ,
1617 1841 1657 1870 ὅτι
1672 1841 1752 1874 ουτως
1762 1844 1775 1870 ὁ
1787 1842 1854 1875 Θεὸς

1042 1879 1076 1897 156
1128 1884 1133 1892 ι
1320 1885 1331 1895 v
1464 1889 1474 1894 -
1651 1889 1666 1896 ,ο
1763 1887 1773 1896 ‚1

1050 1908 1069 1929 Α
1089 1885 1212 1922 βουλεται
1235 1884 1282 1919 -ι-ὴν
1305 1897 1405 1913 ευνοιαν
1424 1887 1488 1923 ἧμιν
1506 1890 1741 1925 συγκεκροτησθαι.
1770 1889 1854 1916 Axona

1087 1929 1139 1969 γὰρ
1161 1932 1208 1965 τῆς
1225 1931 1331 1969 Γραφῆς
1346 1930 1487 1969 λεγούσης·
1515 1931 1582 1960 Ἀντὶ
1599 1932 1689 1961 τούτου
1701 1933 1854 1971 καταλείψει

1088 1976 1223 2014 ἄνθρωπος
1232 1977 1275 2004 τὀν
1285 1976 1386 2016 πατέρα
1397 1978 1475 2005 αὑτοῦ
1485 1977 1530 2005 καὶ
1541 1977 1588 2012 τὴν
1600 1977 1710 2017 μητέρα,
1719 1979 1763 2006 καὶ
1775 1990 1854 2018 προσ-

1087 2021 1281 2056 κολληθήσεται
1300 2022 1364 2060 πρὸς
1375 2022 1424 2057 τὴν
1436 2027 1547 2061 γυναῖκα
1562 2025 1652 2052 αὐτοῦ.
1669 2024 1796 2062 Μηδεμία
1814 2036 1856 2061 μι-

1086 2067 1232 2105 κροψυχίας
1254 2066 1322 2096 ἔστω
1342 2067 1472 2106 πρόφασις
1491 2071 1555 2106 ἡμῖν
1569 2079 1575 2085 ·
1590 2069 1687 2108 ἐρ’ρέτω
1709 2069 1855 2108 χρήματα,

1087 2112 1131 2140 καὶ
1150 2112 1319 2151 ἀνδραπόδων
1343 2114 1457 2148 πλῆθος,
1481 2113 1526 2142 καὶ
1538 2114 1614 2151 τιμαὶ
1633 2115 1660 2142 αἱ
1679 2116 1732 2142 τῶν
1753 2114 1854 2147 ἔξωθεν·

1091 2157 1149 2196 ἐμοὶ
1159 2158 1264 2186 πάντων
1276 2161 1353 2187 τοῦτο
1365 2159 1562 2197 προτιμότερον.
1578 2158 1666 2187 Πόσου
1678 2160 1786 2198 χρυσίου
1795 2182 1802 2195 ,
1812 2160 1858 2188 πό·

1087 2215 1140 2232 σων
1163 2206 1301 2241 θησαυρῶν
1325 2204 1383 2243 οὐχὶ
1405 2203 1574 2243 ποθεινότερα
1596 2207 1679 2233 ταῦτα
1701 2205 1734 2233 τὰ
1747 2205 1853 2244 ῥήματα

1088 2249 1162 2278 ἔσται
1177 2251 1209 2287 τῇ
1224 2249 1340 2286 γυναικί;
1353 2248 1398 2283 Μὴ
1413 2249 1528 2288 φοὸηθῇς
1543 2249 1645 2287 μήποτε
1656 2251 1789 2288 ἀπονοηθῇ
1806 2262 1852 2279 κα-

1087 2294 1119 2323 τὰ
1137 2298 1182 2323 σοῦ
1200 2294 1358 2333 φιλουμένη,
1382 2295 1439 2322 ἀλλ’
1452 2295 1491 2322 ὅτι
1503 2296 1585 2333 φιλεῖς
1596 2295 1726 2334 ὁμολόγει.
1752 2297 1786 2324 Αἱ
1803 2295 1850 2334 μὲν

288 2345 356 2373 mihi
371 2352 409 2372 est
434 2344 558 2373 omnibus
580 2344 784 2383 praeferendum.
797 2347 858 2382 Quo
880 2356 932 2375 non
955 2358 1031 2382 auro,
1051 2361 1068 2384 B
1087 2344 1139 2384 γὰρ
1151 2346 1254 2383 ἑταῖραι
1273 2347 1316 2373 νῦν
1331 2344 1376 2381 μὲν
1392 2344 1489 2384 τούτῳ,
1508 2348 1552 2373 νῦν
1568 2345 1594 2373 δὲ
1611 2344 1701 2384 ἐκείνῳ
1715 2346 1851 2384 προσπλε-

285 2389 384 2427 quibus
395 2399 446 2417 non
458 2388 589 2417 thesauris
602 2396 679 2418 crunt
689 2390 745 2418 haec
758 2391 840 2420 verba
854 2392 933 2420 uxori
946 2393 1032 2432 magis

320 2492 331 2510 b
351 2490 438 2523 [Idem
451 2495 563 2521 περινοὶας
575 2500 620 2522 pro
632 2493 755 2526 περιόδου]

318 2532 325 2539 “
346 2529 439 2562 [Χίοις.
462 2529 538 2554 Savil.
562 2537 710 2561 μεταστῆναι.
733 2532 780 2555 Pro
801 2536 919 2564 μετελθεῖν
939 2535 1043 2558 Dunmus

1087 2395 1213 2433 κόμενοιι,
1232 2395 1337 2428 εἰκότως
1348 2395 1377 2422 ἂν
1393 2395 1542 2434 ἐπαίροιντο
1563 2396 1632 2425 κατὰ
1652 2398 1704 2425 τῶν
1719 2398 1839 2434 ἐραστῶν

1095 2497 1180 2522 maluit
1194 2497 1305 2531 διελθεῖν]
