1893 2860
387 160 419 183 IN
448 159 555 182 EPIST.
586 158 621 181 11.

76 226 230 264 ἀγνοοῦντα·
246 223 291 251 καὶ
314 223 424 251 ἐνταῦθα
440 220 486 259 μὲν
506 220 618 259 ἴλιγγοι,
635 221 689 248 ἐκεῖ
705 219 731 248 δὲ
747 218 844 247 οὐκέτι.

75 272 115 301 Τὸ
127 266 171 300 οὖν
191 269 228 308 μὴ
249 268 332 297 θέλειν
352 272 433 296 πᾶσιν
457 266 554 305 ὁμοίως
578 268 731 305 ἐπιχειρεῖν,
754 264 845 299 καλὸν,

77 317 120 345 καὶ
133 316 163 345 τὸ
179 315 215 354 μὴ
230 315 312 344 θέλειν
327 314 414 342 πάντα
435 313 468 341 τὰ
491 313 558 350 βάθη
583 312 693 346 εἰδέναι,
709 313 738 340 ού
753 310 845 348 μικρὸν

76 364 120 390 τοῦ
143 361 238 390 εἰδέναι
252 359 411 399 τεκμήριον·
425 361 461 392 ὡς
482 358 497 387 ὅ
518 370 546 396 γε
572 357 727 396 βουλόμενος
749 355 847 388 παντὸς

77 410 121 436 τοῦ
135 406 228 445 μέρους
239 408 283 434 τοῦ
302 408 422 442 ποταμοῦ
439 405 608 442 κατατολμᾷν
618 427 625 440 ,
643 398 716 435 οὗτος
729 402 846 440 μάλιστα

77 454 124 483 οὐκ
138 448 191 482 οἶδε
205 455 257 481 τῶν
272 453 399 490 ποταμῶν
419 451 453 480 τὰ
475 451 624 488 ἰδιώματα,
644 449 688 478 καὶ
710 449 847 477 ἀπολεῖται

78 499 205 531 πολλάκις
225 498 278 527 ἀπὸ
298 500 344 533 τῆς
360 498 440 532 αὐτῆς
455 496 617 535 θρασύτητος
634 498 679 523 τοῦ
693 494 787 532 βάθους
801 505 847 522 κα-

78 544 265 582 τατολμήσας,
280 545 323 583 ἀφ’
339 539 371 578 ἧς
388 542 503 571 &titiam
518 541 547 570 τὸ
563 541 601 578 μὴ
619 540 694 578 βαθύ.
710 540 790 568 Οὖτω
804 538 848 566 καὶ
865 542 883 565 C

80 590 123 620 ἐπὶ
142 593 187 619 τοῦ
201 592 284 626 Θεοῦ,
299 592 312 618 ὃ
326 589 413 618 πάντα
437 587 518 616 θέλων
543 586 654 619 εἰδέναι,
679 585 724 614 καὶ
743 585 849 614 πάντων

80 637 268 673 κατατολμῶν,
285 630 357 667 οὗτος
377 636 424 662 οὐκ
438 628 491 662 οἶδε
513 633 630 671 μάλιστα
650 631 676 660 τί
694 632 750 659 ἐστι
772 629 850 661 Θεός.

82 681 151 710 Ἀλλ’
167 683 193 710 ἐν
206 681 253 719 μὲν
264 685 317 713 τοῖς
328 683 458 717 ποταμοῖς
469 679 499 708 τὸ
511 678 558 716 μὲν
578 678 656 707 πλέον
675 676 752 716 μέρος
763 677 851 714 ἀσφα-

81 727 109 756 λὲ
170 727 206 755 ’λ’
241 739 249 754 ι
273 726 299 755 δὲ
321 726 358 754 ’λι
393 737 418 753 οι
458 725 484 752 αὶ
506 724 590 752 Ε’θτ·
605 724 645 751 ἐτ’
668 723 695 751 δὲ
716 735 730 750 τ
745 724 760 750 U
781 723 851 750 Θεοῦ

113 739 237 765 ς,οιγο
322 737 392 763 ιγγ
439 737 455 753 κ
506 736 573 762 ΙαΙ
631 735 649 751 ιι
732 734 745 751 ο

82 774 112 802 τὸ
123 773 202 802 πλέον
220 775 245 802 ἐν
262 771 437 810 ἀποκρύφοις,
451 770 496 799 καὶ
511 771 558 798 οὐκ
573 769 642 798 ἔστιν
658 768 805 807 ἐξιχνιάσαι
820 766 853 795 τὰ

82 820 147 860 ἔργα
166 821 254 847 αὐτοῦ.
276 818 311 846 Τί
334 817 418 846 τοίνυν
442 816 518 855 βιάζῃ
536 815 729 844 καταποντίσαι
745 813 852 846 σαυτόν;

83 867 171 895 Τοῦτο
187 864 263 903 μόνον
282 863 354 899 ἴσθι,
375 864 415 891 ὅτι
439 862 526 891 πάντα
539 864 552 890 ὃ
566 862 634 894 Θεὸς
653 862 799 898 οἰκονομεῖ,
814 859 855 888 ὅτι

84 912 190 941 πάντων
208 915 332 950 προνοεῖ,
348 909 388 938 ὅτι
409 908 570 941 αὐτεξούσιοί
589 909 678 945 ε’σμεν,
693 907 732 935 ὅτι
751 907 784 935 τὰ
808 905 854 943 μὲν

85 959 204 996 ἐνεργεῖ,
219 956 252 984 τὰ
269 955 296 985 δὲ
311 959 457 995 συγχωρεῖ,
472 954 512 983 ὅτι
526 953 598 983 οὐδὲν
613 953 725 992 πονηρὸν
740 952 856 990 γίνεσθαι

87 1003 226 1042 βούλεται,
237 1001 279 1031 ὅτι
292 1003 339 1030 οὐκ
355 1001 407 1030 ἀπὸ
420 1003 465 1029 τοῦ
483 1000 650 1039 βουλήματος
669 999 748 1028 αὑτοῦ
770 998 856 1026 πάντα

86 1048 186 1087 γίνεται
198 1069 205 1083 ,
222 1047 290 1076 ἀλλὰ
301 1047 346 1075 καὶ
359 1047 411 1075 ἀπὸ
426 1049 470 1075 τοῦ
483 1046 626 1084 ἡμετέρου,
639 1045 726 1073 πάντα
740 1043 773 1072 τὰ
788 1042 858 1072 κακὰ

87 1094 140 1123 ἀπὸ
150 1097 195 1122 τοῧ
208 1092 338 1132 ἡμετέρου
353 1092 440 1130 μόνον,
457 1092 544 1121 πάντα
555 1091 587 1120 τὰ
602 1090 689 1129 ἀγαθὰ
704 1089 757 1118 ἀπό
771 1101 799 1117 τε
813 1092 859 1117 τοῦ

87 1139 217 1178 ἡμετέρου
231 1139 276 1167 καὶ
288 1141 335 1174 τῆς
351 1140 428 1167 αὐτοῦ
447 1140 527 1178 ῥοπῆς
541 1161 548 1174 ,
563 1139 602 1166 ὅτι
619 1137 690 1166 οὐδὲν
703 1136 781 1165 αὐτὸν
794 1137 857 1164 λαν-

89 1186 172 1214 θάνει.
185 1185 237 1213 Διὰ
248 1188 325 1214 τοῦτο
336 1184 423 1213 πάντα
434 1186 542 1223 ἐνεργεῖ.
555 1179 623 1212 Εἶτα
639 1183 670 1212 σὺ
680 1187 756 1212 τοῦτο
766 1181 841 1214 εἰδὼς
851 1203 858 1216 ,

89 1232 197 1271 αρίθμει
220 1231 278 1259 τίνα
300 1230 347 1268 μὲν
367 1231 399 1259 τὰ
418 1230 520 1269 ἀγαθὰ,
541 1230 600 1258 τίνα
616 1229 644 1257 ’δὲ
659 1229 693 1258 τὰ
713 1228 798 1263 κακὰ,
815 1227 860 1256 καὶ

89 1276 148 1305 τίνα
169 1276 203 1304 τὰ
224 1275 366 1315 ἀδιάφορα·
390 1271 452 1311 οἷον,
472 1276 598 1313 ἀγαθὸνὴ
618 1274 717 1314 ἀρετὴ,
741 1272 822 1302 κακὸν
843 1276 860 1308 ἢ

89 1322 222 1361 φαυλότης
233 1344 240 1357 ,
255 1322 387 1361 ἀδιάφορα
403 1323 513 1353 πλοῦτος
525 1344 532 1355 ,
547 1320 624 1349 πενία
636 1343 643 1356 ,
658 1320 711 1354 ζωὴ
722 1343 729 1355 ,
743 1320 861 1350 θάνατος,

89 1366 135 1397 Ἂν
150 1372 233 1397 ταῦτα
247 1368 332 1405 εἰδῇς,
347 1368 406 1404 εἴσῃ
418 1366 463 1395 καὶ
475 1366 542 1404 μετὰ
556 1366 662 1400 τούτων,
677 1366 717 1394 ὅτι
727 1367 751 1394 οἱ
767 1365 863 1393 δίκαιοι

91 1413 134 1442 διὰ
147 1417 224 1442 τοῦτο
236 1413 388 1448 θλίὸονται,
407 1411 450 1440 ἵνα
471 1414 683 1451 στεφανωθῶσιν,
698 1413 721 1440 οἱ
737 1411 861 1449 ἁμαρτω-

90 1459 147 1494 λοὶ,
170 1458 214 1487 ἵνα
233 1461 284 1487 τῶν
308 1459 446 1498 ἁμαρτιῶν
461 1458 537 1493 δίκην
552 1457 693 1486 ἔκτίσωσιν
705 1469 710 1474 ·
726 1458 754 1484 οὗ
767 1457 864 1488 πάντες

92 1505 120 1534 δὲ
135 1507 160 1534 οἱ
174 1504 327 1544 ἁμαρτωλοὶ
344 1504 418 1539 δίκην
434 1505 545 1533 ἐνταῦθα
566 1503 690 1538 τίνουσιν,
706 1502 747 1530 ἵνα
770 1501 806 1540 μὴ
830 1503 863 1539 τῇ

93 1551 236 1580 ἀναστάσει
248 1552 271 1579 οἱ
285 1549 378 1579 πολλοὶ
394 1551 553 1585 ἀπιστῶσιν,
570 1548 661 1587 ὥσπερ
682 1550 710 1578 οὐ
730 1548 827 1580 πάντες
842 1549 865 1576 οἱ

93 1597 191 1626 δίκαιοι
207 1596 354 1631 θλίὸονται,
368 1595 411 1623 ἵνα
423 1595 460 1633 μὴ
474 1595 522 1630 τὴν
537 1594 633 1624 κακίαν
646 1593 786 1628 ἐπαινετὴν
799 1588 866 1621 εἶναι

93 1642 219 1682 νομίσῃς,
233 1641 301 1670 ἀλλὰ
321 1641 368 1676 τὴν
387 1641 494 1681 ἀρετήν.
508 1636 591 1670 Οῧτοι
612 1640 719 1673 κανόνες
734 1639 800 1674 εἰσὶ,
821 1639 867 1667 καὶ

94 1688 166 1727 ὅρον
181 1688 194 1717 ὃ
209 1687 297 1726 βούλει
318 1688 366 1726 ἄγε
390 1688 432 1716 ἐπ’
451 1687 560 1721 αὐτοὺς,
577 1687 623 1715 καὶ
645 1688 673 1715 οὖ
688 1685 867 1724 διαπορήσεις.

94 1734 203 1774 ‘'ssa-7:55>
223 1734 274 1772 γάρ
296 1735 352 1762 ἐστι
373 1733 447 1774 παρὰ
468 1738 522 1765 τοῖς
543 1736 760 1772 γραμματισταῖς
780 1733 794 1760 ὃ
817 1733 868 1760 τῶν

97 1779 281 1818 ἑξακισχιλίων
295 1779 404 1819 ἀριθμὸς
412 1802 419 1815 ,
430 1779 475 1808 καὶ
487 1779 538 1808 ὑπὸ
546 1783 637 1808 τοῦτον
649 1778 754 1807 ἅπαντα
767 1777 868 1815 ἄγεται,

96 1825 141 1854 καὶ
157 1825 245 1854 πάντα
259 1825 372 1864 μερίζειν
394 1825 439 1854 καὶ
460 1825 683 1859 πολυπλασιᾶζειν
706 1822 814 1852 δυνατὸν
843 1823 870 1850 ἐν

96 1873 135 1911 τῷ
150 1871 239 1900 κανόνι
260 1874 313 1900 τῶν
333 1871 531 1911 ἑξακισχιλίων,
556 1872 602 1900 καὶ
625 1871 667 1899 διὰ
690 1873 736 1899 τοῦ
758 1871 871 1908 ἀριθμοῦ

98 1917 189 1947 τούτου
204 1917 290 1946 πάντα
302 1917 444 1956 στρέφεται
454 1940 461 1953 ,
472 1919 519 1946 καὶ
532 1918 605 1946 ἴσασι
622 1920 706 1945 ταῦτα
719 1916 776 1946 ὅσοι
788 1915 873 1955 γράμ-

101 1974 174 2001 ματα
199 1963 398 2001 μεμαθήκασιν·
420 1962 486 1991 οὕτω
501 1963 560 1995 τοὺς
571 1962 684 1995 κανόνας
697 1962 815 1994 τούτους,
830 1960 872 1992 οὒς

100 2007 181 2036 πάλιν
207 2009 258 2047 ἐρῶ
286 2008 495 2045 συντομώτερον,
520 2008 551 2036 ἄν
579 2020 618 2040 τις
643 2008 718 2045 εἶδ’ῇ,
747 2006 872 2035 οὐδέποτε

653 158 699 180 ΑΙ)
724 155 864 180 TtMO'ru-

893 153 971 177 CAP.
997 153 1047 177 111.
1077 152 1192 176 nonnL.
1223 151 1296 174 vm.

1572 136 1641 184 769

898 215 999 244 militer
1014 222 1125 250 tentare,
1147 214 1248 243 bonum
1271 219 1320 247 est,
1343 218 1368 240 ct
1383 210 1453 240 nolle
1471 209 1560 238 omnia
1574 220 1638 249 pro-

898 261 982 290 funda
994 271 1082 297 nosse,
1095 270 1147 289 non
1159 259 1297 288 modicum
1310 264 1348 287 est
1361 256 1478 286 scientiae
1490 255 1620 284 indicium
1635 266 1640 281 ε

899 309 967 337 sicut
979 308 1025 346 qui
1038 317 1129 336 omnes
1143 306 1220 335 fluvii
1233 311 1321 345 partes
1334 311 1436 333 tentare
1449 303 1517 339 vult,
1530 302 1574 331 liic
1587 312 1642 330 ma-

899 356 974 384 xime
987 355 1131 384 fluminum
1145 353 1320 394 proprietates
1334 352 1448 391 ignorat,
1467 358 1491 379 ct
1509 361 1543 379 ex
1558 349 1644 378 auda-

901 401 941 430 cia
962 412 1010 430 sua
1036 411 1105 440 stepe
1121 400 1219 440 peribit
1237 398 1404 439 profundum
1428 404 1576 426 tentaturus
1588 419 1596 431 ,
1614 406 1644 424 co

902 447 975 485 quod
999 447 1088 475 minus
1111 445 1275 486 profundum
1298 445 1447 483 trajecerat,
1470 443 1516 472 Sic
1537 442 1564 470 in
1588 442 1646 470 Deo

901 503 1020 531 quoque,
1035 493 1080 530 qui
1095 492 1185 520 omnia
1199 491 1258 519 vult
1272 491 1351 526 scire,
1364 496 1390 518 et
1404 489 1494 518 omnia
1509 495 1603 524 tentat,
1625 487 1647 516 is

903 539 1021 567 maxime
1044 537 1127 566 nescit
1148 536 1214 575 quid
1236 537 1270 565 sit
1285 538 1368 565 Deus.
1386 537 1489 564 Verum
1513 535 1539 563 in
1555 534 1648 563 fluviis

904 585 1015 624 quidem
1037 585 1156 613 maxima
1171 594 1233 623 pars
1254 590 1310 612 tuta
1332 590 1382 619 est,
1405 582 1484 622 pauci
1507 588 1568 610 sunt
1582 592 1647 610 vor-

904 632 985 668 tices,
1011 641 1096 670 pauca
1112 629 1247 670 profunda
1270 641 1276 656 t
1301 629 1328 656 in
1354 630 1411 657 Deo
1425 635 1514 656 autem
1530 629 1649 656 maxima

906 688 969 717 pars
993 676 1107 713 occulta,
1130 683 1155 704 et
1172 674 1374 713 investigabilia
1398 684 1477 713 opera
1499 674 1555 712 ejus
1577 681 1649 702 sunt.

909 726 963 754 Cur
977 735 1041 763 ergo
1059 731 1084 753 te
1098 723 1264 763 praecipitem
1280 732 1359 761 agere
1373 728 1457 750 tentes
1467 722 1480 749 3⁸
1496 721 1553 749 Hoc
1565 722 1653 750 solum

908 772 987 807 scias,
1005 772 1093 800 Deum
1107 770 1198 798 omnia
1212 768 1384 807 dispensare,
1404 766 1530 796 omnibus
1545 767 1653 806 prospi-

910 828 979 853 cere,
1005 817 1082 846 nobis
1097 816 1214 844 liberum
1228 813 1373 843 arbitrium
1395 823 1450 842 esse
1465 824 1472 848 ;
1489 813 1577 841 Deum
1601 813 1652 840 alia

910 864 1035 904 operari,
1058 863 1111 892 alia
1125 862 1289 902 permittere,
1312 861 1404 889 Deum
1426 859 1494 888 nihil
1510 859 1574 887 mali
1596 858 1654 887 ficri

911 911 990 946 velle,
1007 919 1056 939 nec
1068 920 1102 938 ex
1114 909 1253 938 voluntate
1265 907 1322 946 ejus
1336 906 1425 935 omnia
1439 905 1506 941 fieri,
1518 904 1565 934 sed
1576 905 1655 933 etiam

912 969 945 986 ex
960 964 1049 986 nostra
1063 968 1070 992 ;
1086 955 1176 984 omnia
1191 953 1262 982 mala
1275 963 1289 980 a
1302 953 1381 981 nobis
1395 959 1509 987 tantum,
1524 951 1592 980 bona
1608 961 1656 979 au-

913 1010 966 1032 tem
977 1014 992 1031 a
1007 1002 1085 1031 nobis
1097 1007 1123 1030 et
1135 1001 1169 1029 ab
1183 1001 1240 1039 ejus
1256 998 1351 1038 gratia,
1368 997 1490 1035 nihilque
1503 997 1591 1036 ipsum
1613 997 1656 1025 la-

912 1056 975 1078 tere.
995 1048 1058 1078 Ideo
1073 1047 1164 1076 omnia
1179 1052 1314 1086 operatur.
1331 1045 1395 1073 Haec
1409 1044 1504 1078 sciens,
1521 1053 1658 1079 enumera,

913 1105 1036 1134 quaenam
1050 1094 1104 1123 sint
1116 1093 1199 1128 bona,
1213 1103 1273 1130 quae
1290 1091 1371 1127 mala,
1386 1097 1411 1118 et
1425 1101 1484 1128 quae
1502 1088 1658 1117 indifferen—

913 1142 950 1170 tia
963 1153 971 1178 3
996 1141 1072 1169 velut
1085 1140 1156 1168 bona
1177 1145 1216 1167 est
1230 1137 1329 1173 virtus,
1345 1136 1414 1164 mala
1430 1135 1559 1174 nequitia,
1575 1134 1657 1164 iudis-

913 1188 1025 1216 ferentes
1038 1196 1102 1215 vero
1117 1185 1230 1219 divitiae,
1246 1183 1314 1220 vita,
1328 1193 1409 1211 morS.
1425 1182 1455 1211 Si
1472 1181 1529 1210 haec
1539 1181 1658 1215 noveris,

915 1244 976 1263 cum
991 1233 1034 1262 his
1049 1232 1128 1261 etiam
1143 1231 1218 1267 scies,
1231 1230 1322 1269 justos
1339 1229 1398 1257 ideo
1413 1227 1540 1256 aerumnis
1556 1227 1661 1262 vexari,

916 1287 946 1308 ut
960 1285 1136 1314 coronentur;
1151 1283 1313 1316 peccatores,
1341 1281 1370 1303 ut
1385 1280 1556 1314 pcccatorum
1570 1283 1662 1312 poenas

916 1326 993 1354 luant
1015 1335 1089 1353 :non
1109 1333 1200 1352 omncs
1215 1329 1305 1350 autem
1329 1327 1480 1360 peccatores
1504 1319 1549 1347 hic
1572 1329 1663 1358 poenas

916 1372 991 1405 dare,
1014 1381 1047 1399 ne
1062 1368 1251 1399 resurrectioni
1274 1367 1396 1407 plerique
1416 1376 1468 1394 non
1484 1365 1610 1401 credan15
1634 1371 1664 1393 ut

918 1428 1005 1456 neque
1019 1426 1110 1445 omnes
1121 1415 1187 1454 justi
1203 1413 1331 1443 aerumnis
1346 1419 1490 1445 vexantur,
1512 1418 1540 1439 ut
1560 1421 1592 1439 ne
1605 1411 1665 1439 lau-

918 1463 1038 1491 dabilem
1061 1472 1116 1490 esse
1131 1460 1279 1498 nequitiam
1294 1465 1370 1498 putes
1382 1480 1389 1494 ,
1413 1457 1460 1486 sed
1474 1457 1556 1484 solam
1573 1456 1665 1485 virtu-

919 1515 982 1537 tem.
998 1508 1046 1536 Hae
1061 1506 1159 1545 regulae
1182 1512 1254 1539 sunt,
1271 1504 1313 1532 hae
1329 1513 1428 1532 normae
1451 1514 1457 1529 :
1475 1502 1541 1541 ipsis
1558 1501 1666 1540 praeviis

921 1554 1010 1583 omnia
1034 1553 1125 1590 facito,
1148 1559 1173 1581 et
1194 1562 1246 1580 non
1270 1549 1475 1590 periclitaberis.
1499 1548 1574 1576 Sicut
1595 1547 1667 1576 enim

921 1600 994 1640 apud
1009 1599 1152 1629 librarium
1167 1604 1204 1626 est
1217 1608 1264 1626 sex
1278 1596 1397 1625 millium
1413 1605 1555 1630 numerus,
1571 1601 1596 1622 et
1616 1593 1667 1622 sub

922 1647 1000 1676 illum
1015 1646 1151 1675 ducuntur
1165 1644 1266 1678 onmia,
1292 1650 1317 1671 et
1337 1642 1425 1671 omnia
1441 1640 1537 1680 partiri
1558 1647 1583 1669 et
1598 1639 1668 1668 mul-

922 1693 1045 1733 tiplicare
1058 1692 1120 1721 licet
1138 1691 1165 1720 in
1178 1701 1226 1719 sex
1242 1689 1361 1718 millium
1378 1688 1482 1726 regula,
1496 1694 1521 1715 et
1535 1697 1582 1726 per
1596 1686 1669 1714 bunc

924 1749 1066 1768 numerum
1081 1744 1177 1766 cuncta
1191 1742 1354 1771 vertuntur5
1370 1734 1398 1762 id
1413 1733 1500 1762 sciunt
1516 1742 1606 1760 omnes
1621 1731 1669 1770 qui

924 1785 972 1813 lias
987 1785 1077 1813 literas
1092 1783 1247 1812 didicerunt
1262 1794 1267 1809 :
1283 1780 1321 1808 sic
1333 1780 1382 1808 has
1397 1778 1514 1818 regulas,
1531 1787 1597 1815 quas
1609 1777 1670 1805 bre-

925 1830 994 1858 viter
1008 1836 1137 1869 repetam,
1162 1827 1184 1856 si
1199 1826 1260 1864 quis
1274 1825 1391 1861 noverit,
1408 1833 1556 1861 numquam
1578 1821 1605 1850 in
1629 1822 1670 1850 of-

925 1877 1093 1906 fendiculum
1115 1875 1243 1903 incurret.
1260 1874 1391 1908 Quaenam
1412 1871 1465 1900 illae
1485 1869 1572 1899 sunt?
1588 1869 1669 1904 Quod

925 1923 996 1952 bona
1019 1923 1054 1951 sit
1077 1921 1175 1958 virtus,
1197 1927 1223 1948 et
1240 1919 1309 1948 mala
1325 1918 1463 1956 nequitia;
1484 1915 1559 1954 quod
1583 1915 1670 1944 indis—

925 1968 1035 1998 ferentia
1057 1968 1127 2004 sint,
1144 1966 1246 1998 morbi.
1262 1971 1421 2005 paupertas,
1446 1961 1562 1998 insidiae,
1588 1971 1669 2000 syco—

926 2013 1054 2052 phantiae‚
1067 2018 1093 2040 et
1106 2010 1222 2048 similia;
1240 2008 1313 2048 quod
1325 2007 1392 2048 justi
1405 2007 1450 2035 hic
1467 2004 1594 2034 aerumnis
1609 2015 1672 2044 pre-

100 2053 310 2086 σκανδαλίζεταῑ.
331 2053 409 2086 Τίνες
430 2056 473 2082 οὖν
496 2055 560 2082 εἶσιν
581 2056 670 2089 οὑτοιὶ
688 2052 754 2082 ”οτι
775 2052 872 2090 ἀγαθὸν
891 2062 907 2084 F
926 2064 1050 2093 mantur3
1064 2055 1149 2094 quod,
1172 2055 1194 2083 si
1211 2053 1322 2092 quidam
1336 2052 1363 2081 in
1378 2051 1456 2081 bonis
1476 2056 1629 2086 versentur,
1645 2049 1671 2077 id

99 2098 180 2138 ἀρετὴ
191 2121 198 2134 ,
221 2098 262 2127 ὅτι
283 2100 381 2137 φαῦλον
398 2098 480 2127 κακία
491 2121 497 2133 ,
515 2099 557 2128 ὅτι
574 2099 705 2139 ἀδιάφορα
720 2098 791 2128 νόσοι
803 2121 810 2134 ,
825 2109 871 2126 πε-

98 2144 157 2179 νία,
173 2143 330 2179 ε’πιὸουλαὶ,
346 2144 533 2183 συκοφαντίαι,
556 2145 601 2173 καὶ
623 2146 672 2174 ὅσα
684 2149 792 2174 τοιαῦτα
803 2156 810 2162 ·
832 2144 872 2173 ὅτι

98 2192 122 2218 οἱ
144 2189 240 2218 δίκαιοι
261 2189 394 2219 θλίὸονται
409 2191 517 2220 ἐνθάδε·
531 2193 553 2219 εἰ
574 2191 602 2220 δέ
626 2203 693 2223 τινες
713 2191 757 2220 καὶ
775 2186 803 2219 εῧ
815 2190 872 2219 πά-

99 2247 218 2275 σχουσιν,
236 2234 279 2263 ἵνα
303 2235 340 2274 μὴ
352 2238 369 2271 ἡ
385 2235 466 2275 ἀρετὴ
482 2236 542 2275 δόξῃ
560 2237 661 2274 μισητὴ
679 2232 760 2265 εἶναι·
786 2236 827 2265 ὅτι
849 2238 873 2265 οῖ

99 2281 208 2320 πονηροὶ
231 2281 432 2320 εὐφραίνονται,
459 2282 503 2311 ἵνα
523 2283 578 2311 ἐκεῖ
597 2283 780 2312 κολασθῶσιν·
802 2283 824 2312 εἷ
845 2282 874 2311 δέ

99 2339 167 2360 τινες
178 2327 222 2356 καὶ
236 2327 404 2364 κολάζονται,
416 2328 484 2358 ὥστε
501 2328 538 2367 μὴ
549 2328 597 2363 τὴν
609 2329 704 2358 κακίαν
719 2329 793 2362 δόξαι
806 2324 874 2358 εἶναι

99 2374 189 2409 καλὸν,
202 2373 270 2411 μηδὲ
284 2373 441 2412 ἀτιμώρητα
461 2374 494 2403 τὰ
515 2375 662 2414 πράγματα
673 2387 678 2392 ·
694 2375 734 2404 ὅτι
747 2376 776 2404 οὐ
791 2375 871 2404 κολά-

101 2422 190 2453 ζονται
202 2419 316 2457 πάντες,
332 2419 375 2448 ἴνα
390 2420 427 2458 μὴ
442 2422 490 2456 τ’ἤς
500 2421 669 2453 ἀναστάσεως
679 2422 692 2449 ὁ
711 2421 801 2461 καιρὸς
814 2423 873 2450 δια-

102 2467 229 2504 πιστηθῇ·
255 2465 297 2495 ὅτι
320 2465 364 2494 καὶ
379 2467 431 2494 τῶν
448 2468 552 2505 ἀγαθῶν
576 2468 627 2496 εἰσί
650 2480 717 2501 τινες
742 2470 765 2497 οἱ
787 2469 875 2506 φαῦλα

104 2511 207 2550 ἔχοντες
217 2511 294 2550 ἔργα,
310 2512 354 2540 καὶ
366 2513 476 2542 ἐνταῦθα
490 2513 556 2542 αὐτὰ
571 2514 753 2549 ἀποτίθενται,
770 2514 813 2542 καὶ
824 2515 874 2543 τῶν

105 2558 226 2595 πονηρῶν
243 2558 264 2587 οἱ
279 2558 383 2596 χρηστὰ
400 2558 517 2597 ἔχοντες,
530 2559 573 2588 καὶ
589 2561 699 2589 ἐνταῦθα
716 2560 875 2596 ἱστοὶ-ψία-

926 2101 974 2129 fiat
983 2111 1016 2130 ne
1031 2100 1118 2129 virtus
1132 2098 1226 2128 odiosa
1241 2097 1367 2127 videatur
1378 2108 1387 2134 5
1401 2095 1475 2134 quod
1490 2093 1606 2133 improbi
1622 2093 1672 2121 la:-

925 2152 1026 2183 tentur,
1048 2151 1078 2173 ut
1098 2143 1155 2172 illic
1169 2142 1338 2182 puniantur;
1355 2139 1428 2179 quod
1444 2138 1556 2177 quidam
1578 2147 1672 2166 eorum

880 2188 916 2239 7³3²
926 2191 971 2220 hic
986 2191 1148 2230 plectantur,
1172 2196 1202 2218 ut
1221 2199 1254 2217 ne
1268 2187 1372 2216 malitia
1385 2186 1454 2215 bona
1467 2194 1523 2213 esse
1536 2182 1671 2220 videatur,

926 2247 1012 2275 neque
1032 2236 1118 2265 inulta
1134 2235 1234 2264 scelera
1251 2239 1395 2269 maneant;
1419 2230 1491 2270 quod
1512 2239 1564 2258 non
1581 2239 1672 2257 omnes

926 2281 1089 2321 puniantur,
1114 2287 1144 2309 ut
1167 2290 1200 2308 ne
1215 2275 1404 2308 resurrectioni
1428 2274 1496 2303 fides
1510 2273 1654 2312 derogetur
1664 2284 1672 2309 ;

926 2327 1000 2366 quod
1011 2327 1080 2355 inter
1092 2326 1178 2355 bonos
1193 2325 1273 2354 etiam
1286 2325 1339 2352 sint
1351 2321 1471 2361 quidam,
1486 2319 1533 2358 qui
1546 2319 1615 2347 mala
1626 2317 1674 2346 ad-

927 2374 1013 2402 mixta
1027 2373 1138 2408 habent,
1150 2378 1174 2400 et
1187 2370 1262 2410 quod
1275 2370 1319 2398 hic
1342 2368 1389 2397 illa
1401 2367 1554 2406 deponant,
1566 2372 1591 2394 et
1601 2364 1674 2404 quod

930 2419 994 2448 mali
1008 2419 1079 2448 bona
1093 2417 1216 2447 admixta
1227 2416 1366 2452 habentes,
1379 2414 1425 2442 hic
1441 2412 1591 2441 mercedem
1606 2413 1675 2441 rcci-

932 2466 1015 2505 piant,
1027 2472 1057 2494 ut
1072 2464 1129 2493 illic
1140 2463 1287 2504 puniantur
1297 2475 1304 2498 3
1316 2460 1386 2500 quod
1404 2458 1521 2499 plurima
1533 2458 1582 2487 Dei
1595 2468 1674 2497 opera

932 2510 1213 2552 incomprehensibilia
1225 2509 1287 2547 sint,
1300 2515 1325 2538 et
1336 2507 1407 2547 quod
1423 2507 1492 2535 inter
1503 2516 1550 2534 nos
1561 2512 1585 2534 et
1597 2505 1676 2533 illuu1

934 2559 1048 2589 multum
1062 2558 1140 2597 spatii
1153 2556 1295 2594 intcrsit,ct
1309 2561 1438 2594 quantum
1449 2552 1501 2583 dici
1516 2557 1636 2591 nequeat.
1647 2551 1675 2579 Si
