1893 2860
238 140 282 175 50
581 152 609 175 s.
637 153 775 176 som-ms
801 153 981 176 cunvsosr.

239 213 349 251 quiden)
367 214 434 241 ferre
453 222 612 252 possumus,
637 213 690 240 imo
712 223 775 241 vero
796 213 936 247 nolutnus;
960 224 975 241 a

239 258 367 298 sapientia
390 265 479 286 autcin
495 258 552 295 ejus
567 263 669 285 tantum
682 257 809 285 absumus
822 279 830 292 ,
846 264 977 295 qnantum

239 306 334 333 carlum
357 315 371 332 a
396 303 483 331 terra?
500 304 640 341 Propterea
654 309 679 331 et
699 303 743 341 qui
757 310 851 331 nostra:
865 303 978 342 subjecti

241 358 302 379 sunt
319 348 558 383 administrationi,
583 348 698 376 multum
719 349 819 377 distant
835 349 869 376 ab
886 349 918 377 iis
932 349 978 386 qui

241 403 305 424 tunc
327 401 401 423 erant
424 406 430 422 t
449 393 668 431 qnandoquidem
688 394 733 432 qui
754 401 818 423 tunc
841 402 915 423 erant
937 395 978 423 di-

1010 153 1029 175 A
1035 154 1151 177 netum»
1157 170 1164 176 .
1192 154 1255 178 CON
1260 155 1318 178 STA
1325 156 1377 179 ΝΤΙ
1383 157 1445 179 ΝΟΡ
1452 171 1459 178 .

1036 214 1080 242 καὶ
1093 215 1226 253 τυράννοις
1238 217 1441 254 ἀπειλημμένοι,
1454 218 1497 246 καὶ
1512 217 1611 249 πάντας
1623 216 1750 246 πάντοθεν
1766 215 1792 245 ἕ-

1031 271 1120 299 χοντες
1134 262 1274 299 πολεμίους
1283 285 1289 296 ,
1305 263 1350 291 καὶ
1362 264 1418 292 οὐδὲ
1433 263 1496 303 πρὸς
1510 263 1595 303 βραχὺ
1607 262 1795 301 καθελκόμενοι

1033 306 1083 334 καὶ
1107 307 1346 345 ἐπικαμπτόμενοι.

105 449 231 475 chrysosto—
243 442 349 481 scipuli,
364 441 396 469 iis
410 441 457 479 qui
470 451 540 469 nunc.
554 448 615 469 sunt
631 441 751 479 magistri
766 449 839 470 crant
851 448 979 481 praestan—

89 478 206 531 :Rmodo
243 489 337 523 tiores,
352 494 381 515 ut
395 488 440 525 qni
457 487 483 515 in
499 487 594 515 mediis
606 487 712 526 populis
727 493 751 515 et
763 487 885 526 tyrannis
899 487 979 516 inter-

134 526 138 530 ’
240 534 326 573 cepti,
342 540 366 562 et
380 533 500 571 undique
515 543 605 561 omncs
618 533 744 562 hahentes
758 534 862 571 hostes,
880 544 912 562 ne
931 544 979 573 pa-

240 589 300 608 rum
318 579 426 617 quidem
438 579 640 607 attrahebantur
656 586 680 607 et
696 579 909 608 innectebantur.

89 642 183 669 Philipp
211 646 218 661 Ι
281 626 309 653 4.
323 624 391 653 Audi
403 624 563 663 itaquequid
572 624 643 653 dicat
653 625 872 664 Philippensibus
887 637 892 652 :
905 626 980 663 Quo·
996 626 1015 647 D
1070 624 1162 654 Ἄκουε
1184 628 1244 664 γοῦν
1269 625 1295 653 τί
1318 636 1382 665 φησι
1403 626 1595 661 Φιλιππησίοις
1615 637 1621 644 ·
1646 626 1711 656 “On
1734 629 1801 665 ὑμῖν

89 678 127 702 29·
243 674 322 700 niam
337 673 420 700 vobis
434 672 575 699 donatum
588 678 629 699 est
638 682 691 709 pro
708 673 834 705 Christo,
853 682 911 700 non
930 682 979 700 50-

242 719 301 746 Ium
313 725 344 746 ut
359 721 389 746 in
402 728 466 746 eum
479 719 616 751 credatis,
632 718 684 745 sed
697 720 783 745 etiam
805 725 837 745 ut
849 728 902 755 pro
920 720 981 756 ipso

1033 672 1159 711 ἐχαρίσθη
1170 672 1200 700 τὸ
1214 671 1280 710 ὑπὲρ
1297 672 1423 710 Χριστοῦ,
1435 672 1463 700 οὐ
1477 672 1553 709 μόνον
1566 672 1596 701 τὸ
1609 673 1644 705 εἷς
1657 672 1734 701 αὐτὸν
1747 685 1795 701 πι-

1033 719 1146 753 στεύειν,
1161 718 1228 746 ἀλλὰ
1248 717 1332 746 καὶτὸ
1347 717 1412 756 ὑπὲρ
1428 719 1504 746 αὐτοῦ
1518 718 1630 757 πάσχειν
1643 730 1649 736 ·
1661 720 1797 748 Θεσσαλο-

239 767 416 802 patiamini;
446 774 539 792 rursus
564 770 652 791 antem
680 764 961 792 Thessalonicensibus
971 787 979 801 ,

93 820 111 834 ¹-
127 813 229 834 Thess-2·
241 812 407 838 Imitaeores
422 811 505 849 sacti
527 811 595 837 estis
617 810 817 838 Ecclesiarum
837 811 902 845 Dei,
918 821 982 849 1711oe

241 862 308 884 sunt
323 858 354 883 in
367 857 482 884 Judaea.
498 854 533 883 Et
543 855 578 883 ad
590 854 715 883 Hebraeos
725 855 844 883 scribens
859 855 981 884 dicebat:

1032 767 1131 792 νικεῧσι
1145 763 1172 792 δὲ
1184 763 1263 791 πάλιν
1273 784 1280 796 ,
1290 763 1330 792 ὅτι
1346 763 1468 799 Μιμηταὶ
1487 764 1603 802 ἐγένεσθε
1617 767 1669 792 τῶν
1682 764 1798 801 Ἐκκλη-

1033 812 1095 839 σιῶν
1110 813 1154 839 τοῦ
1168 811 1238 839 Θεοῦ
1253 812 1304 838 τῶν
1319 810 1345 837 ἐν
1363 813 1396 848 τῇ
1408 809 1530 848 Ἰουδαίᾳ.
1547 810 1599 838 Καὶ
1617 810 1751 850 Ἑῧραίοις
1770 810 1797 839 δὲ

1032 857 1138 896 γράφων
1160 856 1249 895 ἔλεγε·
1265 856 1317 884 Καὶ
1337 855 1384 890 τὴν
1409 855 1530 894 ἁρπαγὴν
1550 857 1602 883 τῶν
1624 856 1798 894 ὑπαρχόντων

90 912 158 933 llehr.
178 918 213 933 ιο,
241 903 281 930 Et
297 904 433 940 rapinam
450 902 589 929 bonorum
608 907 774 929 vestrorum
789 911 855 929 cum
873 902 982 940 gaudio
1033 905 1106 941 ὑμῶν
1120 902 1186 940 μετὰ
1200 906 1284 941 χαρᾶς
1298 901 1496 942 προσεδέξασθε.
1516 901 1568 929 Καὶ
1581 902 1759 931 Κολοσσαεῦσι
1770 902 1796 931 δὲ

88 943 128 971 34·
240 949 414 986 suscepistis.
436 946 636 975 Colossensibus
661 957 766 984 quoque
788 947 838 975 sert
860 947 982 975 testimo-
1034 952 1160 987 μαρτυρεῖ
1181 948 1282 986 λέγων·
1299 947 1451 976 Ἀπεθάνετε
1473 947 1540 985 γὰρ,
1554 947 1598 975 καὶ
1620 950 1636 981 ἡ
1656 947 1708 982 ζωὴ
1723 949 1799 986 ὑμῶν

91 1000 142 1022 Col.
153 1000 166 1023 3
190 999 212 1022 3.
240 993 324 1028 nium,
337 992 428 1020 dicens
441 1004 447 1019 z
461 993 572 1020 Mortui
582 994 659 1019 em'm
677 994 754 1027 estis,
765 999 792 1020 et
806 995 871 1021 vita
884 999 983 1021 vestra
1033 996 1179 1033 κέκρυπται
1197 994 1242 1023 σὺν
1266 995 1374 1032 Χριστῷ
1394 995 1420 1021 ἐν
1442 995 1480 1032 τῷ
1505 995 1566 1031 Θεῷ
1577 1005 1583 1011 -
1598 993 1643 1021 καὶ
1664 995 1749 1026 αὐτοῖς
1771 994 1799 1022 δὲ

239 1040 384 1067 absconsa
398 1044 439 1066 est
461 1048 525 1066 cum
544 1039 658 1066 Christo
673 1041 704 1066 in
720 1039 792 1066 Deo.
809 1039 843 1066 Et
863 1039 897 1067 de
918 1039 982 1078 ipsis
999 1046 1016 1067 E
1033 1041 1133 1073 τούτοις
1144 1039 1254 1072 πολλοὺς
1266 1039 1396 1071 κινδύνους
1410 1043 1545 1078 μαρτυρεῖ.
1561 1039 1612 1067 Καὶ
1626 1039 1759 1072 Γαλάταις
1771 1039 1799 1069 δὲ

92 1145 146 1166 Gal.
161 1144 212 1172 3-4.

89 1470 111 1484 2.
128 1463 182 1485 Cor.
196 1471 219 1493 7.

95 1702 183 1722 1.1'1m-
207 1700 229 1722 5.

239 1084 282 1113 his
293 1091 406 1112 testatur
427 1083 507 1112 etiam
523 1083 595 1121 quod
610 1084 694 1112 multa
707 1084 838 1113 subierint
854 1085 981 1124 pericula.

239 1131 274 1161 Et
281 1131 315 1160 ad
327 1131 437 1160 Galatas
445 1131 525 1159 etiam
532 1130 649 1159 scribens
657 1131 705 1169 ait,
721 1133 817 1160 Tanta
823 1135 904 1170 passi
915 1136 982 1162 estis

238 1181 301 1207 sine
321 1188 421 1213 causa,
435 1180 460 1206 si
473 1184 571 1206 tamen
584 1179 648 1205 sine
661 1188 760 1206 causa.
784 1178 870 1208 Vides
893 1190 983 1208 omnes

238 1224 303 1253 hnic
317 1224 356 1252 rei
367 1224 538 1259 incubuisse,
559 1233 654 1262 nempe
665 1231 693 1252 ut
705 1224 772 1252 bene
783 1224 907 1254 facerent.
920 1226 982 1254 Pro-

239 1277 328 1309 pterea
337 1276 399 1298 tunc
411 1269 491 1297 etiam
503 1279 555 1297 non
566 1275 622 1297 erat
635 1269 718 1297 otiosa
729 1271 814 1308 gratia
826 1282 832 1297 :
844 1278 983 1311 propterea

238 1315 303 1344 hinc
314 1315 340 1343 in
352 1315 432 1343 bonis
443 1314 570 1354 operibus
585 1314 668 1342 vitam
682 1314 805 1353 agebant.
827 1316 902 1352 Quid
920 1328 983 1346 vcro

239 1359 272 1387 ad
286 1359 440 1388 Corinthios
458 1358 558 1386 scribat
577 1358 659 1395 andi,
682 1359 757 1396 queis
776 1360 860 1388 multa
872 1361 983 1389 crimina

239 1404 350 1444 objicit:
365 1415 452 1433 annon
471 1404 505 1432 de
525 1404 580 1432 illis
600 1415 706 1443 quoque
728 1405 786 1433 haec
814 1407 982 1444 testificatur,

239 1451 296 1480 Sed
317 1451 535 1479 aemulationem
553 1457 694 1487 vestram,
714 1453 765 1479 sed
785 1453 958 1481 desiderium
971 1456 984 1480 ?

240 1497 277 1525 Et
292 1496 385 1525 dehac
400 1507 427 1525 re
438 1507 497 1534 quse
513 1496 578 1533 ipsis
587 1496 664 1531 dicit,
678 1507 706 1525 ea
723 1507 794 1526 nunc
813 1508 845 1526 ne
856 1509 870 1526 a
890 1499 982 1537 magi—

241 1543 302 1572 stris
315 1543 423 1581 quidem
436 1542 495 1571 fieri
510 1542 624 1571 videtis.
639 1544 735 1582 Itaque
746 1544 834 1573 omnia
844 1553 985 1584 pcreuntet

240 1590 408 1618 interierunt.
421 1590 508 1618 Causa
522 1595 612 1617 autem
625 1597 674 1627 est,
688 1590 761 1628 quod
770 1591 905 1620 refrixerit
916 1592 984 1620 cari-

241 1642 293 1671 tas,
308 1636 380 1674 quod
403 1635 450 1673 qui
464 1642 574 1674 peccant
588 1646 641 1664 non
657 1636 821 1675 castigentur
832 1638 907 1673 (audi
920 1649 981 1667 eum

242 1682 400 1710 scribentem
415 1681 449 1709 ad
465 1681 640 1710 Timotheum
653 1689 678 1710 et
688 1681 830 1719 dicentem,
846 1685 981 1712 Peccan-

243 1735 284 1757 tes
297 1739 394 1757 coram
405 1730 538 1757 omnibus
551 1732 668 1767 argue);
675 1729 744 1767 qnod
754 1729 890 1769 principes
901 1741 984 1770 aegro-

241 1781 311 1802 tent:
325 1784 385 1802 nam
400 1773 466 1802 dum
490 1781 570 1813 caput
585 1784 636 1802 non
661 1781 699 1802 est
714 1785 808 1803 sanum
820 1799 826 1811 ,
849 1777 984 1814 quomodo

239 1819 306 1848 hene
318 1819 410 1847 valens
426 1819 553 1847 manserit
565 1819 701 1856 reliquum
713 1821 830 1859 corpus?
841 1821 912 1850 Vide
922 1833 983 1861 ergo

241 1872 340 1903 quanta
356 1865 391 1893 sit
406 1865 587 1902 inaequalitas.
609 1865 678 1893 Nam
689 1865 735 1903 qui
753 1873 823 1895 recte
832 1867 943 1904 vivunt,
959 1875 984 1897 et

242 1910 495 1949 quomodocumque
507 1911 605 1939 habent
618 1911 754 1947 fiduciam,
762 1913 894 1941 montium
905 1924 983 1942 cacu-

241 1957 313 1985 mina
325 1963 488 1995 occuparunt
497 1963 522 1985 et
534 1967 548 1984 a
560 1956 649 1985 medio
661 1965 833 1995 recesserunt,
845 1965 981 1997 tamquam

241 2003 275 2031 ab
290 2003 363 2031 hoste
377 2009 402 2031 et
415 2002 517 2040 alieno,
532 2013 576 2031 seu
589 2013 640 2031 non
655 2013 670 2030 a
685 2013 733 2031 suo
748 2014 858 2043 corpore
873 2005 960 2034 avulsi
973 2017 979 2033 :

242 2048 362 2077 scelerati
377 2055 467 2077 autem
481 2055 507 2076 et
521 2049 611 2077 referti
625 2049 703 2077 malis
717 2049 865 2078 innumeris
880 2051 907 2079 in
927 2051 982 2080 Ec-

243 2095 334 2123 ctesias
355 2095 523 2123 insilierunt:
541 2095 649 2124 venales
668 2095 777 2123 fuerunt
803 2096 978 2136 principatus.

243 2142 389 2169 Innumera
401 2141 464 2169 hinc
481 2141 550 2169 mala
560 2149 715 2175 nascuntur,
727 2152 803 2170 nemo
818 2149 856 2171 est
868 2144 915 2181 qui
924 2154 981 2172 cor-

243 2187 332 2225 rigat,
345 2197 422 2215 nemo
440 2187 487 2225 qni
503 2187 632 2226 increpet;
648 2187 692 2216 sed
714 2188 787 2216 viam
799 2188 943 2226 qnamdam
957 2197 983 2219 et

245 2232 366 2260 ordinem
390 2233 496 2273 accepit
519 2233 647 2263 confusio.
676 2234 801 2263 Peccavit
827 2235 979 2275 quispiam,

245 2284 270 2306 et
285 2278 335 2305 suit
350 2278 509 2306 accusatus?
525 2280 584 2307 Non
596 2280 624 2308 in
649 2279 701 2308 hoc
720 2280 796 2319 ponit
815 2281 936 2310 studium
952 2289 981 2311 ut

244 2334 272 2352 se
282 2323 424 2352 innoxium
438 2323 575 2359 ostendat,
589 2325 635 2353 sed
650 2332 679 2354 ut
695 2326 818 2355 invenire
839 2328 923 2366 possit
937 2339 981 2357 so-

244 2368 299 2397 cios
313 2367 466 2396 criminum.
481 2367 554 2401 Quid
569 2379 646 2406 agam
656 2392 662 2403 ‚
689 2380 749 2397 cum
765 2370 891 2408 gchennoe
903 2372 982 2400 minae

244 2420 305 2441 sunt
321 2413 453 2441 intentatae
461 2413 474 2440 ‚⁹
485 2413 591 2441 Credite
600 2414 666 2442 milii
679 2438 685 2449 ,
695 2415 746 2443 nisi
754 2416 825 2444 Deus
838 2417 893 2445 illic
905 2418 983 2446 nobis

245 2466 403 2488 reservasset
415 2458 589 2498 supplicium,
600 2459 724 2489 videretis
737 2461 858 2499 quotidie
869 2464 982 2502 majores

996 1661 1016 1679 w
1034 1659 1046 1664 “

1000 1661 1083 1721 ,ξιοῦχ
1097 1682 1279 1721 ὑγιαινούσης,
1296 1683 1351 1713 πῶς
1370 1680 1400 1708 ἂν
1417 1681 1447 1709 τὸ
1459 1680 1549 1708 λοιπὸν
1573 1682 1650 1719 σῶμα
1671 1681 1799 1721 εὔρωστον

1033 1087 1139 1126 γράφων
1156 1085 1227 1124 λέγει
1239 1097 1245 1102 ·
1259 1086 1385 1114 Τοσαῦτα
1395 1084 1504 1112 ἐπάθετε
1518 1086 1586 1123 εἰκῇ,
1597 1084 1661 1123 εἴγε
1672 1085 1717 1114 καὶ
1731 1087 1800 1124 εἰκῇ.

1035 1134 1087 1162 Καὶ
1103 1135 1163 1173 δρᾷς
1178 1130 1269 1164 αὐτοὺς
1282 1130 1343 1169 περὶ
1357 1130 1473 1163 εὐποιίας
1491 1130 1591 1163 πάντας
1613 1131 1798 1170 ἕτχολακότας.

1035 1179 1086 1207 Δια
1101 1182 1176 1207 τοῦτο
1187 1177 1231 1206 καὶ
1245 1179 1261 1212 ἡ
1276 1177 1354 1215 χάρις
1366 1176 1468 1215 ἐνήργει
1483 1175 1553 1210 τότε,
1567 1176 1609 1205 διὰ
1620 1178 1696 1204 τοῦτο
1710 1176 1754 1205 καὶ
1771 1178 1798 1205 ἒν

1035 1223 1236 1263 κατορθώμασιν
1251 1222 1327 1256 ἔζων·
1339 1221 1431 1250 Ἄκουε
1447 1221 1473 1250 δὲ
1484 1223 1529 1251 καὶ
1541 1221 1685 1261 Κορινθίοις
1697 1222 1724 1251 τί
1736 1223 1801 1262 γρά-

1034 1282 1090 1309 φει,
1105 1266 1142 1303 οἷς
1164 1269 1244 1307 μυρία
1264 1269 1387 1306 ἐγκαλεῖ·
1402 1267 1460 1306 οὐχὶ
1480 1268 1525 1296 καὶ
1549 1270 1634 1302 αὐτοῖς
1658 1273 1799 1308 μαρτυρεῖ,

1033 1316 1116 1354 λέγων
1125 1338 1132 1351 ,
1145 1314 1224 1343 Ἀλλὰ
1240 1314 1283 1343 τὸν
1295 1315 1370 1348 ζῆλον
1382 1315 1456 1351 ὑμῶν
1465 1336 1472 1348 ,
1485 1313 1552 1342 ἀλλὰ
1563 1313 1611 1348 τὴν
1628 1315 1798 1350 ἕπιπόθησιν;

1036 1362 1087 1390 Καὶ
1109 1361 1187 1390 πάλιν
1204 1360 1265 1399 περὶ
1278 1360 1367 1388 τούτου
1388 1359 1436 1387 ὅσα
1459 1360 1546 1392 αὐτοῖς
1561 1364 1702 1399 μαρτυρεῖ,
1715 1364 1798 1390 ταῦτα

1002 1412 1017 1434 F
1034 1407 1092 1437 οὐδὲ
1116 1409 1142 1435 ἐν
1164 1407 1330 1437 διδασκάλοις
1349 1405 1399 1433 ἴδοι
1420 1416 1459 1437 τις
1477 1404 1508 1432 ἂν
1522 1405 1645 1443 γινόμενα
1658 1410 1718 1436 νῦν·
1730 1407 1799 1436 ὥστε

1065 1454 1071 1464 l
1158 1453 1168 1463 ,ι
1300 1452 1305 1461 ι
1339 1454 1346 1462 2
1378 1450 1384 1460 Ι
1504 1451 1510 1459 x
1538 1451 1559 1461 qu
1605 1451 1616 1461 ‚q
1721 1453 1728 1461 ¹

1034 1465 1121 1483 παντα
1144 1464 1245 1491 οιχεται
1265 1463 1310 1480 και
1333 1452 1462 1480 απολωλε.
1476 1452 1516 1479 To
1536 1463 1563 1479 οε
1586 1463 1684 1488 αιτιον,
1703 1464 1734 1481 το
1751 1453 1798 1489 τὴν

1035 1500 1140 1538 ἀγάπην
1156 1498 1269 1538 ἐψύχθαι
1279 1520 1287 1533 ,
1301 1497 1332 1525 τὸ
1344 1496 1403 1529 τοὺς
1418 1496 1615 1535 ἁμαρτάνοντας
1637 1497 1674 1536 μὴ
1689 1499 1800 1533 κολάζε-

1034 1548 1093 1574 σθαι
1109 1545 1198 1581 (ἄκουε
1212 1543 1264 1582 γὰρ
1281 1544 1357 1571 αὐτοῦ
1379 1542 1521 1581 γράφοντος
1541 1544 1578 1581 τῷ
1599 1543 1736 1584 Τιμοθέῳ,
1753 1545 1799 1574 καὶ

1033 1591 1153 1629 λέγοντος
1175 1603 1181 1608 ·
1216 1589 1284 1621 Τοὺς
1315 1588 1513 1627 ἁμαρτάνοντας
1551 1588 1660 1618 ἐνώπιον
1693 1590 1799 1619 πάντων

1037 1636 1141 1676 ’λε-(χιε)
1155 1648 1161 1654 ·
1176 1636 1205 1664 τὸ
1218 1634 1277 1668 τοὺς
1297 1635 1426 1674 ἄρχοντας
1445 1638 1528 1663 νοσεῖν
1539 1646 1545 1652 ·
1560 1637 1607 1670 τ’ἧς
1619 1635 1671 1674 γὰρ
1684 1638 1800 1676 κεφαλῆς

1035 1729 1124 1767 μένοι;
1141 1728 1214 1768 ιὈροι
1233 1731 1294 1766 γοῦν
1317 1727 1455 1764 ἀνωμαλία
1471 1730 1515 1755 νῦν
1538 1726 1596 1762 ὅση.
1622 1729 1657 1756 Οἱ
1681 1727 1728 1765 μὲν
1749 1728 1802 1769 γὰρ

1033 1777 1114 1814 ὀρθῶς
1130 1777 1258 1813 βιοῦντες,
1275 1773 1321 1802 καὶ
1334 1772 1507 1807 ὁπωσδήποτε
1521 1773 1671 1812 παῤῥησίαν
1685 1773 1800 1813 ἔχοντες,

1033 1821 1079 1854 τὰς
1093 1821 1207 1860 κορυφὰς
1225 1822 1277 1848 τῶν
1297 1818 1377 1858 ὀρέων
1397 1818 1588 1856 κατειλήφασι,
1604 1819 1649 1847 καὶ
1665 1821 1695 1848 ἐκ
1718 1820 1800 1857 μέσου

1033 1867 1184 1905 γεγόνασιν,
1197 1865 1286 1904 ὥσπερ
1304 1864 1430 1901 πολεμίου
1444 1864 1490 1892 καὶ
1503 1865 1653 1903 ἀλλοτρίου,
1669 1867 1726 1894 ἀλλ’
1741 1866 1800 1905 οὐχὶ

1033 1912 1127 1941 οἰκείου
1139 1911 1260 1949 σώματος
1275 1910 1462 1947 ἀποσπώμενοι
1474 1921 1480 1927 ·
1497 1910 1586 1950 φθόροι
1601 1909 1684 1939 δὲκαὶ
1699 1911 1798 1950 μυρίων

1033 1960 1156 1998 γέμοντες
1179 1959 1266 1986 κακῶν
1290 1956 1464 1992 εἰσεπήδησαν
1493 1958 1529 1988 εἷς
1553 1956 1599 1988 τὰς
1621 1956 1799 1992 'Ex-Amin<-

1032 2004 1132 2040 ὠνηταὶ
1146 2003 1283 2042 γεγόνασιν
1298 2005 1324 2031 αἱ
1338 2003 1427 2042 ἀρχαί.
1446 2002 1534 2041 Μυρία
1556 2004 1671 2031 ἐντεῦθεν
1683 2002 1809 2032 τίκτεται-

1032 2049 1112 2084 κακᾶ,
1127 2050 1171 2078 καὶ
1188 2049 1270 2081 οὐδεὶς
1286 2051 1298 2077 ὃ
1314 2048 1507 2087 διορθούμενος,
1523 2047 1604 2081 οὐδεὶς
1617 2049 1630 2076 ὁ
1654 2050 1782 2086 ἐπιτιμῶν
1793 2061 1800 2067 ·

999 2103 1015 2125 Β
1034 2097 1090 2124 ἀλλ’
1120 2095 1178 2124 ὁδόν
1199 2106 1258 2122 τινα
1289 2094 1334 2122 καὶ
1358 2093 1512 2122 ἀκολουθίαν
1537 2093 1629 2122 ἔλαθεν
1653 2096 1670 2128 ἡ
1698 2094 1799 2128 ἀταξία.

1032 2141 1157 2180 υΗμαρτέ
1170 2153 1223 2176 τις,
1237 2140 1283 2169 καὶ
1304 2139 1428 2175 ἐνεκλήθη
1441 2151 1449 2174 ;
1464 2141 1504 2168 Οὖ
1515 2140 1581 2179 πρὸς
1593 2139 1623 2168 τὸ
1645 2139 1726 2173 δεῖξαι
1740 2142 1800 2169 ἑαυ·

1034 2188 1077 2217 τὸν
1092 2190 1175 2226 ἀθῷον
1193 2187 1316 2222 σπεύδει,
1331 2185 1399 2214 ἀλλὰ
1413 2185 1478 2225 πρὸς
1491 2185 1521 2214 τὸ
1540 2186 1681 2220 δυνηθῆναι
1701 2197 1799 2215 κοινω-

1033 2234 1091 2267 νοὺς
1111 2236 1162 2262 τῶν
1180 2231 1353 2272 ἐγκλημάτων
1375 2233 1467 2270 εὑρεῖν.
1487 2230 1523 2259 Τί
1542 2231 1633 2266 πάθω,
1646 2230 1687 2260 ὅτι
1708 2231 1800 2271 γεέννα

1034 2279 1192 2315 ἠπείληται;
1213 2276 1378 2307 Πιστεῦσατέ
1406 2288 1466 2314 μοι,
1487 2278 1522 2308 ὡς
1543 2278 1565 2304 εἷ
1588 2276 1624 2314 μὴ
1647 2278 1701 2306 ε’κεῖ
1722 2290 1800 2307 τετα-

1036 2326 1126 2364 μίευτο
1149 2325 1197 2360 τὴν
1219 2324 1326 2352 κόλασιν
1351 2324 1414 2360 ἡμῖν
1435 2323 1448 2349 ὁ
1473 2322 1554 2356 Θεὸς,
1575 2324 1626 2350 τῶν
1649 2322 1799 2352 Ἰουδαϊκῶν

1036 2373 1174 2410 συμφορῶν
1200 2370 1300 2408 μείζους
1323 2368 1353 2396 ἂν
1377 2368 1455 2396 εἴδετε
1480 2368 1536 2395 καθ’
1560 2367 1674 2402 ἑκάστην
1698 2368 1799 2407 ἡμέραν

1035 2416 1190 2456 τραγῳδίας.
1205 2415 1241 2444 Τί
1255 2414 1323 2454 γάρ;
1338 2413 1405 2442 ἀλλὰ
1428 2413 1464 2451 μὴ
1487 2413 1634 2452 ὀργισθῆτω
1648 2414 1740 2451 μηδείς
1751 2426 1757 2432 ·
1771 2416 1800 2443 οὗ

1036 2463 1087 2502 γὰρ
1101 2461 1225 2499 ὀνομαστὶ
1238 2462 1288 2499 ἐρῶ
1301 2472 1307 2477 ·
1323 2459 1396 2491 εἴτις
1411 2459 1621 2498 παραγενόμενος
1639 2461 1674 2492 εἷς
1692 2459 1740 2495 τὴν
1755 2461 1799 2488 ε’κ-
