1887 2855
115 1297 197 1317 Manli.
217 1304 250 1327 ¹7·

113 1328 124 1348 5
133 1343 136 1347 .

111 1393 180 1412 Jmm.
201 1399 238 1414 ¹0.

113 1423 150 1443 30.
172 1429 192 1443 er
219 1423 252 1452 κῇ.

116 1461 141 1474 {U
167 1461 182 1482 ¹3

114 1573 147 1593 lb.
166 1571 199 1602 ij.
214 1573 250 1596 28.

112 1757 146 1777 Ιί.
169 1757 189 1777 3.
216 1757 248 1779 16.

271 131 316 177 (Γ)
323 143 340 164 2

981 137 1112 160 seuiua-

269 209 340 230 tturu
354 201 490 237 coiisuigit,
503 206 593 238 utpote
608 200 653 236 qui
669 198 737 226 nihil
751 197 827 226 aliud
847 198 932 236 majus
946 208 1006 236 pos-
1031 200 1048 221 F
1060 197 1198 235 πραττέτω
1210 200 1238 227 τὸ
1254 200 1386 238 βούλημα·
1401 203 1435 234 ὡς
1448 202 1506 230 θέλε
1510 214 1516 229 ι
1533 200 1599 239 μετὰ
1616 202 1825 249 φιλανθρωπίας,

268 254 305 275 set
320 246 451 283 μημιον-,ιο
467 244 600 282 ‹protnotlo
617 251 644 272 tu
666 243 754 271 tliecrc
772 243 856 281 possis
873 243 900 271 id
909 242 1005 280 ‚quod

268 291 379 319 Gabriel
391 300 442 318 non
458 289 544 328 potuit
559 289 750 328 interpretari?
764 288 845 324 Quod
855 288 878 316 si
893 298 1004 326 gencra-

267 337 364 364 tioncm
389 334 488 363 Christi
509 334 656 362 secundum
676 334 835 367 carnen1‚in
852 333 1005 362 novissimis

267 381 431 420 temporibus
445 380 541 409 saetam
551 402 559 415 ‚
573 390 650 408 nemo
664 386 747 419 potest
765 379 846 418 digne
859 389 1002 408 enarrare:

267 426 400 464 quomodo
417 433 444 454 tu
465 426 540 454 illam
555 425 749 464 generationem
762 447 769 460 ‚
786 425 931 462 caelestem,
946 431 1006 453 ante

266 479 400 511 tempora.
428 472 626 510 incorpoream,
644 471 806 499 invisibilem
819 493 826 505 ,
852 470 1004 510 impassibi-

266 518 331 551 lem,
348 517 551 546 inenarrabilem
562 538 569 550 ‚
590 516 901 555 incomprehensibilem,
924 516 1005 544 audes

264 564 367 592 curiose
377 564 533 602 inquirere?
544 563 604 601 quis
615 563 663 591 tibi
677 563 743 591 tanti
756 573 837 591 ausus
854 562 953 591 semina
969 563 1006 590 in-

264 609 359 638 didit?
372 609 464 648 Angeli
476 616 593 637 sanctam
601 608 762 637 Trinitatem
774 607 933 636 incessanter
945 607 1006 635 ado-

264 662 323 683 rant
333 655 477 683 clamantes
491 667 497 682 :
509 655 644 688 Sanctus,
657 660 786 688 sanctus,
800 659 930 687 sanctus,
946 654 1004 681 Do-

265 704 360 730 nu'nus
381 701 510 730 Sabaoth
528 712 536 727 .-
557 700 676 738 plenum
703 706 745 728 est
759 699 862 728 coelum
880 705 908 727 et
929 706 1006 727 terra

263 747 360 785 gloria
381 748 452 786 ejus.
471 746 531 774 Non
547 745 658 779 dicunt,
678 752 707 773 ut
727 751 756 773 tu
777 745 862 779 dicis,
883 745 1006 774 Sanctior

265 793 343 821 Pater
353 815 360 827 ‚
377 800 406 820 ut
426 793 514 821 senior
528 804 534 820 τ
552 802 604 820 non
619 791 715 819 dicunt
729 790 868 819 submissis
881 791 1005 825 vocibus,

265 839 378 867 Sanctus
393 838 491 874 Filius,
506 844 534 865 ut
550 837 660 876 junior;
676 843 782 865 sanctus
797 836 964 872 Paracletus,
978 843 1007 865 ut

264 883 391 920 brevior-3
408 883 453 911 sed
478 893 561 911 unum
580 889 605 910 et
624 881 748 910 eumdem
761 881 895 921 hymnum
909 881 1005 920 aequali

265 929 392 958 Trinitati
407 929 532 958 offerunt.
543 927 623 957 Unde
636 938 700 965 ergo
714 934 743 956 tu
755 927 843 963 solus,
857 938 873 956 ο
891 928 947 965 Ari,
961 927 1006 956 di-

263 975 354 1003 dicisti
373 981 521 1003 creaturam
541 973 643 1010 alloqui
658 979 748 1001 eontra
764 973 937 1002 Creatorem?
952 973 1005 1002 Sed

263 1027 289 1049 et
304 1021 429 1049 caelorum
443 1027 468 1048 ct
481 1019 638 1058 angelorum
653 1018 835 1047 testimonium
855 1018 1005 1048 adulteras—

264 1067 378 1095 Cuinam
397 1066 465 1094 lianc
487 1076 596 1094 causam
619 1065 718 1093 refers?
735 1065 797 1103 quis
821 1065 871 1093 tibi
891 1065 1006 1104 placebit

263 1112 344 1152 hujus
361 1112 494 1150 dogmatis
505 1111 592 1150 judex
602 1111 614 1138 .⁹
626 1121 705 1148 quem
721 1111 761 1139 vis
775 1111 947 1139 admittemus
955 1112 1005 1150 ju-

263 1157 351 1186 djcem
365 1158 410 1196 qui
427 1157 460 1185 sit
475 1157 530 1185 sine
541 1167 714 1196 personarum
729 1157 1006 1196 acceptione?cujus-

264 1214 325 1232 nam
340 1204 450 1242 recipies
463 1202 496 1231 de
510 1204 554 1242 pia
568 1202 696 1241 religione
707 1201 862 1241 judicium?
874 1202 1008 1231 admittis-

265 1259 297 1277 ne
316 1249 421 1277 Patrem
436 1248 482 1286 qui
498 1247 593 1276 melius
608 1258 689 1285 quam
703 1258 794 1277 omnes
808 1248 911 1276 Filium
928 1259 1008 1278 suum

265 1295 360 1323 novit?
375 1294 524 1323 Audiamus
536 1304 599 1332 ergo
612 1293 690 1322 illum
704 1294 863 1322 clamantem
874 1306 880 1321 :
893 1295 951 1323 Hic
965 1301 1008 1324 est

266 1341 361 1369 Filius
378 1351 456 1368 meus
471 1340 606 1375 dilectus,
620 1341 651 1367 in
668 1349 725 1377 quo
738 1341 810 1368 milzi
824 1340 1006 1378 complacui,-

265 1390 358 1426 ipsum
374 1388 483 1415 audite.
495 1387 523 1415 Si
539 1386 655 1420 dixerit,
674 1387 739 1425 Ego
762 1393 790 1414 et
805 1387 897 1414 Pater
916 1397 1007 1415 unum

265 1443 364 1461 sumus
376 1455 383 1468 ,
395 1433 483 1472 ipsum
498 1431 606 1460 audite:
619 1431 640 1460 si
655 1431 772 1467 dixerit,
782 1433 846 1471 Ego
857 1434 888 1460 in
899 1433 990 1460 Patre
1000 1453 1008 1468 ‚

266 1485 294 1506 et
308 1480 400 1506 Pater
422 1480 454 1505 in
476 1488 520 1505 me
543 1483 603 1510 est,
620 1477 709 1516 ipsum
735 1477 880 1506 auditezsi
896 1477 1006 1515 dixerit,

268 1525 326 1562 Qui
337 1524 413 1552 vidit
426 1534 480 1560 me,
496 1524 573 1552 vidit
585 1523 721 1558 Patrem,
737 1523 825 1562 ipsum
841 1523 932 1553 audite
943 1535 950 1558 ;
962 1534 1009 1552 ve-

264 1570 329 1598 ritas
344 1569 414 1598 enim
430 1579 482 1597 non
498 1567 624 1597 mentitur
640 1579 646 1594 ι
662 1567 684 1596 si
709 1567 828 1604 dixerit,
853 1569 909 1606 Qui
932 1571 1009 1597 misit

264 1626 309 1643 me
324 1616 424 1648 Pater,
454 1615 550 1653 major
564 1624 609 1641 me
627 1619 680 1647 est,
695 1612 763 1641 illud
774 1635 781 1649 ‚
796 1613 896 1647 minus,
917 1624 948 1642 ne
962 1613 1008 1642 di-

263 1661 369 1689 vinitati
379 1683 386 1695 ,
410 1659 457 1688 sed
480 1659 639 1687 humanitati
664 1658 796 1697 loquentis
820 1659 925 1697 aptetis.
954 1661 1010 1687 Au-

263 1706 325 1734 disti
339 1728 347 1743 ,
363 1707 427 1742 Ari,
443 1705 531 1734 Patris
553 1704 687 1744 judicium
703 1715 709 1730 :
725 1703 827 1732 audiet
842 1704 1009 1742 unigenitum

263 1752 320 1791 ejus
338 1751 456 1786 Filium,
475 1751 526 1778 boc.
547 1749 748 1778 confirmantem
768 1749 812 1777 his
832 1749 940 1786 verbis,
958 1750 1010 1779 'Sic

263 1799 344 1827 Deus
358 1798 463 1826 dilexit
477 1797 634 1831 mundum,
646 1803 677 1824 ut
691 1796 803 1824 Filium
814 1805 897 1824 suum
911 1797 1010 1835 unige<

265 1846 359 1873 nilum
374 1845 476 1876 φινεμ·
489 1849 520 1871 ut
533 1844 627 1871 omnis
643 1844 693 1880 qui
704 1842 795 1870 credit
805 1843 837 1870 in
847 1842 939 1880 ipsum
951 1852 1010 1870 non

261 1896 371 1929 pereat,
384 1889 435 1918 secl
449 1890 557 1917 haheat
570 1890 665 1916 vitam
677 1894 826 1916 oelernam.
840 1887 897 1925 Qui
908 1888 1010 1923 credit,

263 1947 315 1965 non
327 1959 334 1970 ‚
355 1935 409 1970 Qui
423 1934 507 1969 dicit,
521 1941 577 1962 erat
596 1941 702 1972 tempus
716 1944 778 1961 cum
792 1943 844 1961 non
858 1940 915 1962 erat
929 1945 935 1960 :
953 1934 1010 1972 Qui

263 1983 365 2014 credit,
382 1991 446 2016 non,
467 1980 521 2015 Qui
547 1980 664 2008 dubitat.
682 1980 737 2008 Cur
753 1989 815 2018 ergo
830 1979 920 2008 relicta
944 1979 1008 2012 fide,

264 2027 451 2057 contumeliam
464 2026 556 2061 infers,
570 2036 631 2054 eum
639 2025 760 2065 judicem
770 2025 873 2053 hostem
887 2025 1008 2053 habeas?

264 2074 318 2103 Sed
333 2080 361 2101 tu
377 2073 496 2112 quidem,
515 2072 561 2100 Ari
573 2094 581 2106 ‚
598 2071 683 2100 delire
698 2077 722 2100 et
741 2071 837 2107 stulte,
850 2077 880 2099 ut
897 2070 938 2099 vis
956 2081 1009 2099 cre-

264 2120 298 2149 de
310 2132 316 2148 :
329 2120 351 2148 si
366 2119 445 2154 nolis,
464 2118 552 2153 miser,
565 2117 637 2156 quod
653 2117 718 2145 utile
729 2123 767 2145 est
780 2126 932 2155 agnoscere,
949 2127 1010 2145 con-

265 2173 307 2194 tra
330 2164 500 2203 temetipsum
524 2173 607 2201 nugas
621 2162 751 2201 proferas.
767 2162 859 2199 Neque
873 2162 944 2191 enim
965 2162 1009 2191 Fi-

265 2209 332 2237 lium
354 2208 433 2237 laedes
445 2230 451 2242 ‚
468 2214 493 2235 et
507 2214 598 2235 contra
618 2212 699 2245 caput
721 2212 798 2234 tuum
821 2205 948 2234 accendes
966 2217 1011 2245 ge-

266 2253 358 2281 hennae
373 2253 470 2291 ignem.
485 2251 542 2290 Ego
564 2261 626 2279 vero
640 2262 654 2278 a
667 2251 750 2278 sacris
764 2250 911 2289 Scripturis
933 2250 1010 2279 insti-

267 2303 339 2325 tutus
359 2297 466 2324 Patrem
488 2295 601 2332 celebro,
618 2295 664 2333 qui
680 2305 784 2333 semper
803 2295 881 2322 Pater
899 2294 1012 2323 estzFi-

267 2342 335 2370 lium
345 2342 459 2379 celebro,
471 2342 516 2380 qui
529 2351 562 2369 ex
578 2348 686 2380 paterna
701 2340 849 2368 substantia
864 2346 924 2368 aute
937 2346 1008 2368 tem-

268 2398 332 2426 pora
346 2388 448 2417 effulsit
463 2400 468 2414 ι
486 2387 590 2416 celebro
611 2387 744 2426 Spiritum
761 2393 898 2421 sanctum,
913 2386 959 2424 qui
976 2396 1009 2415 ex

271 2432 347 2459 Patre
362 2430 500 2470 procedit,
521 2438 546 2459 et
561 2431 587 2460 in
611 2430 680 2459 Filio
706 2430 857 2468 requiescit.
874 2429 1013 2459 Confiteor

271 2479 409 2508 Christum
420 2501 427 2513 ,
442 2480 529 2507 Deum
544 2480 707 2518 perfectum,
721 2486 746 2507 et
769 2478 906 2507 hominem
929 2479 1011 2517 perfe-

273 2530 345 2551 ctum
373 2525 495 2553 eumdem
512 2535 518 2550 z
534 2523 650 2561 prmdico
664 2522 793 2551 divinatis
814 2522 871 2560 ejus
886 2522 1004 2557 excelsa,

1064 237 1089 264 ἐν
1105 237 1163 273 ἐμοὶ
1178 240 1408 289 θαυματουργείτω
1427 240 1474 276 τὴν
1494 241 1639 279 παράδοξον
1661 241 1763 276 κύησιν.
1778 243 1826 270 Ιέ-

1063 276 1132 304 νοιτό
1143 287 1188 313 μοι
1203 277 1272 305 κατὰ
1292 278 1322 306 τὸ
1334 279 1407 317 ῥῆμά
1418 290 1478 307 cou-
1494 280 1594 317 γένοιτό
1608 291 1652 318 μοι
1672 280 1705 308 τὰ
1720 280 1827 319 ῥήματά

985 333 990 338 .
1015 322 1052 341 ‘³42
1064 325 1109 342 σου
1121 318 1220 351 ταῦτα,
1235 328 1280 345 και
1298 318 1443 355 πράγματα
1447 319 1635 366 ἐναργέστατα
1650 331 1695 347 και
1707 321 1827 369 ἀὶηθίνά.

1023 351 1042 371 ³
1062 354 1114 382 Καὶ
1127 355 1243 389 ἀπῆλθεν
1261 357 1306 384 ἀπ’
1324 358 1405 390 αὐτῆς
1417 359 1430 385 ὁ
1441 356 1566 395 ἅγγελος,
1577 360 1591 386 6
1606 359 1738 387 κατελθὼν
1751 360 1829 397 οὖρα-

1059 392 1131 421 νόθεν
1141 395 1317 433 ,κατ-ἤχησε,
1333 396 1530 445 προκατήρτισε
1549 396 1597 431 τὴν
1615 398 1753 447 παρθένον,
1771 398 1829 426 ἐδί-

1059 432 1130 466 διξεν
1147 433 1238 469 αὐτὴν,
1253 434 1312 463 ὅσον
1332 434 1478 474 ἐχώρησεν·
1491 435 1587 469 ἤκουσε
1601 436 1645 464 καὶ
1667 438 1742 469 αὐτὸς
1764 439 1828 476 παρ’

1060 472 1154 506 αὐτῆς,
1165 473 1250 511 ἅπερΕ
1240 473 1383 507 ἐσπούδαζε
1394 478 1471 511 μαθέ
1451 486 1502 503 ιν·
1512 485 1556 503 και
1567 474 1760 510 πάλινάνῆλθεν
1772 476 1829 504 ὅθεν

1059 513 1186 547 κατῆλθε,
1197 513 1270 541 κάτω
1280 514 1434 542 καταλιπων
1442 514 1485 542 τὸν
1497 514 1707 550 ἀποστείλαντα,
1718 515 1764 544 καὶ
1777 515 1830 544 πᾶ-

1059 551 1132 578 λιν“’
1115 563 1169 579 ανω
1184 551 1263 589 εὑρὼν
1285 552 1360 580 αὐτὸν
1379 555 1405 581 ἐν
1417 555 1533 601 οὐρανοῖς
1541 553 1765 603 προσκυνούμενον
1778 554 1829 582 ὑπὸ

1059 589 1146 624 πάσης
1138 592 1189 639 ἀγ
1191 592 1298 628 γελικης
1313 592 1510 632 στρατολογίας.
1519 592 1555 621 Τι’
1564 595 1607 620 οὖν
1621 592 1685 630 πρὸς
1697 595 1780 621 ταῦτα
1788 593 1829 621 λέ-

1058 640 1123 666 γεις,
1134 641 1156 657 ω
1166 629 1264 668 Αρειε,
1274 631 1332 658 εἰπέ
1342 643 1396 668 μοι,
1403 644 1425 660 υ
1441 632 1524 665 ἄθλιε,
1533 633 1588 663 πῶς
1599 631 1721 682 ε’·Ιωρήθη
1733 632 1774 660 δ’
1759 632 1829 670 αχώ-

1061 679 1137 705 ρητος
1149 681 1175 697 εν
1191 681 1280 717 μητρᾳ
1293 673 1439 717 παρθενικῇ
1447 691 1455 703 ,
1467 683 1523 702 πως
1535 671 1661 718 παρθένος
1673 673 1738 699 οὐσα
1752 671 1830 700 συνέ-

1058 707 1140 741 λαὸε,
1155 719 1200 736 και
1215 709 1340 756 παρθένος
1357 710 1437 738 πάλιν
1453 709 1613 760 διεφυλάχθη
1624 732 1632 746 ,
1648 710 1693 738 και
1708 713 1754 739 τοῦ
1766 710 1831 739 Σω-

1059 757 1137 784 τηρος
1149 747 1193 776 τὸν
1207 747 1283 776 τόκον
1302 749 1461 784 ἐπλούτησε,
1476 749 1521 778 καὶ
1542 749 1607 783 αὐτὴ
1623 749 1829 787 συνεπλουτίσθη

1059 788 1092 824 τῇ
1087 786 1204 833 Μχοίριτι.
1219 786 1288 837 'An’
1304 789 1350 817 οὐκ
1362 787 1393 816 ἂν
1411 789 1481 827 ἔχοις
1497 790 1588 818 εἰπεῖν.
1603 789 1635 817 Εἰ
1648 788 1698 837 γὰρ
1709 791 1726 823 ἡ
1739 787 1830 827 μήτηρ

1058 836 1104 853 του
1119 826 1262 875 μυστηρίου
1282 827 1313 856 τὸ
1328 828 1481 866 μυστήριον,
1496 828 1537 857 δ”
1523 839 1620 864 ετεκεν,
1640 828 1669 856 οὖ
1686 827 1804 857 κατέλαὸ
1805 840 1831 863 ε,

1059 866 1116 897 πῶς
1128 864 1158 893 σὺ
1177 866 1273 904 δυνήσῃ
1295 877 1373 895 τουτο
1391 867 1567 902 καταλαὸεῖνς
1576 869 1599 896 εἰ
1620 868 1642 896 Γ
1643 866 1742 906 nepum
1753 870 1768 896 ὃ
1779 879 1832 916 αρ·

1058 903 1189 942 χαγγελος
1204 905 1343 944 ἐρωτηθεὶς
1366 906 1440 944 παρὰ
1455 908 1503 940 τῆς
1530 906 1629 945 μητρὸς
1651 909 1696 935 τοῦ
1717 905 1832 944 Κυρίου,

1059 944 1149 975 Πως”
1135 955 1208 972 εσται
1224 956 1268 981 μοι
1282 947 1376 978 τοῦτο,
1389 945 1446 974 ἐπεὶ
1457 946 1538 983 ἄνδρα
1552 947 1581 974 οὗ
1594 944 1729 993 γινώσκω,
1741 946 1830 974 πλεῖον

1059 984 1140 1011 εἰπεῖν
1158 986 1204 1012 οὐκ
1225 984 1352 1019 ἐδυνήθη,
1368 985 1436 1013 ἀλλὰ
1457 984 1601 1023 κατέφυγεν
1615 984 1659 1013 ἐπι
1677 995 1708 1012 το
1719 985 1830 1022 Πνευμα

1058 1022 1088 1050 τὸ
1099 1022 1180 1060 ἅγιον,
1192 1025 1226 1055 ὡς
1236 1023 1292 1052 οὐδὲ
1295 1036 1308 1050 ν
1319 1024 1410 1073 ἕτερον
1414 1024 1554 1061 δυνάμενος
1563 1022 1765 1073 ἇποφήνασθαι’
1758 1035 1831 1062 ισχυ-

1059 1061 1174 1111 ρότερον,
1185 1061 1216 1090 σὺ
1231 1064 1287 1095 πῶς
1299 1063 1422 1113 εὑρήσεις
1431 1066 1499 1092 εἷπε·
1492 1076 1524 1100 .ν,
1540 1063 1604 1113 ὅπερ
1618 1065 1632 1091 ὁ
1635 1062 1767 1112 Γαὸριὴλ
1781 1064 1829 1092 οὐκ

1059 1100 1165 1140 ἴσχυσεν
1181 1103 1356 1153 ἑρμηνεῦσαι,
1371 1104 1393 1131 εἴ
1408 1102 1435 1130 δὲ
1456 1102 1504 1138 τὴν
1521 1102 1590 1131 κατὰ
1608 1102 1696 1140 σάρκα
1709 1102 1830 1140 γέννησιν

1059 1144 1104 1169 τοῦ
1118 1142 1243 1179 Χριστοῦ,
1252 1154 1300 1176 ττν
1311 1141 1455 1180 γενομένην
1467 1144 1508 1171 ἐπ’
1520 1142 1640 1191 ἐσΙρὶτων
1650 1143 1702 1170 τῶν
1706 1143 1831 1191 ἡμερῶν,

1060 1180 1143 1213 ουδεις
1161 1183 1220 1209 κατ’

1059 1219 1189 1256 γέννησιν,
1205 1232 1253 1255 την
1268 1220 1394 1271 οὐράνιον,
1413 1220 1460 1255 τὴν
1476 1221 1512 1259 ἄγ
1515 1232 1596 1259 ρονον,
1616 1220 1665 1255 τὴν
1679 1220 1831 1258 ἀσώματον,

1060 1257 1137 1293 τὴν
1123 1259 1245 1298 ἀόρατον,
1263 1260 1311 1294 τὴν
1326 1262 1429 1294 ἀπαθῆ,
1443 1260 1490 1295 τὴν
1505 1261 1668 1292 παντελῶς’
1654 1259 1831 1307 ανέκφραστον

1061 1309 1106 1326 και
1120 1299 1316 1335 ἀκατάληπτον,
1334 1302 1391 1332 πῶς
1411 1300 1511 1338 τολμᾷς
1533 1301 1778 1338 πολυπραγμονεῖν;
1792 1298 1832 1331 τίς

1061 1349 1128 1386 ττοῐρΞ
1122 1338 1178 1377 '073
1195 1350 1235 1388 σρι
1252 1341 1304 1389 ’ἰῆς
1321 1339 1444 1373 τοιαύτης
1464 1339 1564 1376 τόλμης
1577 1338 1612 1368 τὰ
1609 1339 1781 1387 σπέρματα;
1796 1340 1832 1366 Οἱ

1061 1377 1168 1414 ἄγγελοι
1189 1377 1237 1413 τὴν
1260 1378 1336 1416 ἁγίαν
1354 1379 1379 1407 Γ
1383 1389 1459 1427 ριαοα
1478 1389 1668 1427 προσκυνουσιν
1692 1376 1832 1410 ἀπαύστως

1062 1418 1186 1454 βοῶντες,
1201 1417 1304 1455 Ἄγιος,
1320 1417 1406 1455 ἅγιος,
1419 1417 1492 1455 ἅγιος
1507 1417 1602 1456 Κύριος
1614 1416 1745 1452 Σαὸαὼθ,
1758 1417 1831 1451 πλή-

1063 1467 1108 1506 ρης
1124 1458 1137 1484 6
1149 1457 1255 1495 οὐρανὸς
1266 1457 1311 1485 καὶ
1323 1459 1338 1490 ἡ
1353 1459 1387 1494 γῆ
1402 1459 1448 1489 τῆς
1460 1456 1536 1491 δόξης
1546 1458 1634 1485 αὐτοῦ.
1648 1457 1689 1484 Οὖ
1701 1455 1832 1493 ὶέγουσιν,

1061 1497 1095 1528 ὡς
1110 1508 1141 1524 συ
1160 1496 1259 1533 λέγεις·
1272 1495 1414 1545 ἁγιώτερος
1429 1498 1442 1524 6
1457 1496 1568 1534 Πατὴρ,
1590 1498 1625 1527 ὥς
1641 1494 1831 1542 πρεσὸύτερος·

1061 1535 1089 1562 οὔ
1099 1535 1233 1583 λέγουσιν
1255 1534 1407 1574 ὑφειμέναις
1431 1540 1545 1573 φωναῖς,
1570 1534 1644 1572 ἅγιος
1666 1537 1679 1562 6
1698 1533 1776 1569 ἱῑὸς,
1796 1536 1832 1567 ὡς

1061 1573 1197 1621 νεώτερος·
1209 1575 1281 1612 ἅγιος
1295 1574 1493 1613 ὁΠαράκλητος
1503 1596 1510 1610 ,
1526 1576 1561 1606 ὡς
1578 1573 1753 1623 βραχύτερος·
1764 1573 1832 1602 ἀλλὰ

1062 1612 1123 1649 μίαν
1139 1615 1184 1642 καὶ
1199 1613 1248 1649 τὴν
1264 1615 1312 1642 αὐτ
1302 1614 1344 1649 .ὴν
1357 1614 1533 1662 {immolem-¹37]
1548 1614 1592 1652 ἴσῃ
1603 1613 1700 1663 Ἰριάδι
1720 1612 1833 1652 προσφέ-

1063 1663 1144 1690 ρουσι.
1163 1654 1247 1682 Πόθεν
1263 1656 1308 1682 οὖν
1329 1665 1360 1682 συ
1374 1654 1466 1691 μόνος,
1481 1655 1503 1681 ὠ
1525 1653 1625 1691 Ἀρειε,
1646 1651 1740 1690 ἔμαθες
1757 1653 1833 1680 ἀντι-

1062 1692 1220 1729 φθέγγεσθαι
1234 1695 1266 1730 τῇ
1281 1692 1365 1720 κτίσει
1376 1693 1445 1721 κατὰ
1457 1696 1503 1722 τοῦ
1512 1703 1639 1729 ποιητου;
1653 1691 1734 1720 Ἀλλὰ
1744 1702 1834 1741 παρα-

1061 1730 1163 1772 γράφῃ
1162 1733 1214 1759 τῶν
1228 1732 1343 1769 οὐρανῶν
1360 1732 1405 1760 καὶ
1418 1744 1470 1761 των
1485 1731 1603 1780 ἀγγέλων
1613 1731 1662 1766 τὴν
1678 1741 1833 1779 μαρτυριαν.

1063 1771 1123 1798 Τίνι
1134 1774 1177 1799 οὖν
1187 1772 1255 1808 ἐμμε
1249 1770 1323 1806 ’νεις,
1339 1770 1410 1799 εἶπέ·
1405 1793 1412 1806 ,
1425 1771 1464 1803 τίς
1477 1770 1583 1808 ἀρέσκει
1594 1781 1635 1799 σοι
1648 1782 1693 1799 του
1705 1769 1834 1808 δόγματος

1062 1809 1153 1838 τούτου
1164 1821 1269 1849 κρυ-ης
1279 1810 1339 1838 τίνα
1354 1810 1398 1838 037
1400 1822 1435 1842 εις
1447 1809 1572 1847 λάὸωμεν
1586 1809 1833 1847 ἄπροσωπόληπτον

1063 1849 1206 1885 &xm-cmm
1221 1850 1289 1881 τίνος
1304 1848 1369 1887 οέγῃ
1384 1849 1432 1883 τὴν
1449 1860 1510 1896 πεΝρι
1521 1851 1568 1883 τῆς
1585 1847 1742 1880 εὖσεὸείας’
1731 1848 1834 1886 επίκρι·

1063 1900 1121 1924 σιν;
1135 1888 1277 1925 Ἔμμένεις
1290 1900 1329 1927 τῳ
1344 1889 1431 1926 Πατρὶ
1453 1900 1492 1927 τῳ
1514 1889 1612 1925 μᾶλλον
1629 1887 1736 1916 πάντων
1754 1887 1833 1916 εἰδότι

1062 1927 1106 1956 τὸν
1118 1929 1173 1956 οἶκε
1175 1933 1213 1956 ἴον
1225 1928 1257 1956 1'‘
1251 1927 1305 1962 ιόν;
1315 1919 1450 1955 Οὐκοῦν
1436 1927 1589 1964 ακούσωμεν
1605 1928 1684 1955 αὐτοῦ
1707 1927 1831 1963 βοωντος·

1062 1963 1170 2000 Οὑτός’
1159 1979 1228 1996 εστιν
1241 1969 1255 1995 6
1266 1967 1299 1994 Υ
1293 1966 1329 1998 ιός
1341 1977 1389 2003 μου
1401 1969 1414 1995 6
1435 1966 1571 2004 ἀγα-νητὸς
1582 1987 1590 2001 ,
1606 1966 1633 1993 ἐν
1647 1967 1669 2004 ᾧ
1682 1964 1835 2000 ηὖδόκησα,

1063 2008 1141 2036 αὐτου
1166 2005 1282 2035 ἀκούετε.
1303 2005 1368 2034 Εὰν
1394 2005 1481 2056 εἴπῃ,
1495 2005 1560 2044 ’γἸΞ
1547 2017 1568 2033 ω
1589 2017 1634 2034 και
1659 2007 1673 2033 6
1690 2003 1824 2043 Πατὴρ”
1807 2016 1834 2033 εν

1063 2048 1152 2095 ἔσμεν,
1165 2047 1244 2074 αὐτου
1259 2044 1384 2074 ἀκούετε·
1397 2046 1441 2074 ἐὰν
1456 2045 1518 2083 εἴπῃ
1528 2067 1536 2080 ,
1548 2043 1647 2082 Ἐγὼ’
1635 2055 1661 2072 εν
1675 2045 1714 2083 τῷ
1721 2044 1834 2093 Πατρὶ,

1062 2086 1106 2114 καὶ
1129 2088 1142 2114 6
1157 2085 1283 2135 Hom-,p’
1272 2097 1298 2114 εν
1314 2084 1388 2121 ἐμοι,
1408 2086 1487 2113 αὐτοῦ
1509 2083 1629 2113 ἀκούετε·
1648 2083 1693 2112 ἐὰν
1708 2082 1786 2132 εἴπῃ·
1801 2082 1835 2112 ‘O

1062 2125 1187 2176 ἑωρακὼς
1207 2124 1254 2161 ἐμὲ
1260 2124 1386 2173 ,ἑωρακε
1406 2124 1449 2153 τὸν
1470 2123 1598 2172 Πατέρα,
1620 2123 1697 2152 αὐτοῦ
1714 2122 1835 2152 ἀκούετε·

1063 2166 1091 2194 οὐ
1105 2164 1186 2203 γὰρ·
1167 2163 1290 2193 -ῖεύδεται
1305 2166 1322 2197 ἠ
1337 2163 1462 2197 ἀλήθεια·
1477 2163 1521 2192 ἐὰν
1543 2161 1622 2198 εἴπῃ,
1635 2161 1670 2191 ‘O
1680 2161 1788 2200 πέμψας
1801 2173 1835 2199 με

1065 2204 1162 2243 Πατὴρ
1184 2203 1278 2241 μείζων
1291 2202 1340 2240 μού
1351 2204 1422 2238 ἐστι,
1434 2202 1470 2239 μὴ
1485 2203 1518 2240 τῇ
1541 2201 1645 2236 θεότητι
1663 2212 1708 2230 του
1724 2202 1837 2230 λαλοῦν-

1068 2255 1112 2276 τος
1122 2266 1128 2277 ,
1144 2243 1238 2272 ἀλλὰτ
1228 2256 1255 2280 ῃ
1268 2241 1405 2281 ἀνθρωπότ
1408 2253 1452 2276 ητι
1463 2242 1493 2270 τὸ
1506 2234 1616 2270 {votvm
1625 2239 1837 2290 προσαρμόσατε.

1070 2283 1214 2318 Ἤκουσας,
1221 2282 1370 2320 Ἀρειε,τῆς
1379 2292 1423 2309 του
1438 2281 1561 2329 Πατρὸς’
1551 2280 1714 2319 επικρίσεως·
1727 2279 1838 2309 ἄκουσον

1072 2324 1116 2351 καὶ
1127 2334 1172 2350 του
1182 2324 1334 2371 μονογενοῦς
1345 2322 1423 2349 αὐτοῦ
1434 2321 1466 2349 T‘
1461 2333 1498 2349 ιου
1505 2319 1606 2352 τούτοις
1615 2318 1837 2367 ἐπιψηφιζομένου

1071 2367 1124 2395 τοῖς
1136 2361 1267 2410 ῥήμασιν·
1279 2360 1372 2392 Οὕτως
1391 2360 1544 2407 ἠγάπησεν..
1541 2362 1556 2388 6
1575 2359 1642 2391 Θεὸς
1663 2358 1707 2387 τὸν
1726 2357 1835 2396 κόσμον,

1071 2414 1112 2431 οτι
1124 2403 1167 2431 τὸν
1183 2401 1245 2430 Υἱὸν
1265 2402 1342 2429 αὐτοῦ
1359 2400 1403 2429 τὸν
1420 2400 1545 2438 μονογενῆ
1560 2398 1667 2433 ἔδωκεν,
1686 2397 1730 2426 ἵνα
1751 2402 1804 2429 πᾶς
1824 2401 1838 2426 ὁ

1071 2441 1200 2471 πιστεύων
1228 2442 1264 2472 εἷς
1293 2440 1382 2474 αὐτὸν,
1399 2440 1436 2477 μὴ
1463 2439 1625 2478 ἀπόληται.
1628 2437 1686 2466 ἀλλ’
1701 2437 1751 2475 ἔγῃ
1767 2435 1836 2471 ζωὴν

1068 2481 1182 2510 αἰώνιον.
1198 2480 1232 2509 ‘O
1246 2479 1386 2512 πιστεύων,
1400 2481 1450 2517 067
1462 2481 1475 2507 6
1496 2477 1596 2516 λέγων·
1608 2480 1640 2512 ἠν
1650 2488 1714 2505 ποτε
1732 2476 1776 2505 οτε
1789 2476 1836 2504 οὒκ

1065 2523 1114 2555 ἠν·
1127 2520 1161 2549 ‘O
1184 2519 1325 2555 πιστεύων,
1338 2519 1387 2557 οὗ]
1402 2521 1415 2546 6
1436 2513 1619 2557 ἀμφιὸάλλων.
1640 2515 1676 2545 Τί
1690 2518 1733 2545 οὖν
1749 2515 1778 2544 τὸ
1790 2527 1819 2543 πι

1239 1181 1313 1214 ἀξίαν
1328 1181 1436 1210 δύναται
1452 1181 1644 1231 διηγησασθαι,
1657 1180 1761 1215 ἐκείνην
1781 1180 1830 1215 τὴν
1865 1185 1867 1187 “
1886 1179 1887 1182 ’
