1893 2860
407 128 440 150 IN
469 127 578 150 EPIST-

70 189 203 228 παρίημι,
215 188 244 217 τὸ
256 188 326 223 δέος,
344 187 391 223 τὴν
404 189 519 227 ἀγωνίαν
528 210 536 223 ,
550 189 598 225 τὴν
614 189 703 229 μάχην
714 190 762 226 τὴν
776 190 842 229 ὑπὲρ

71 236 157 264 αὐτῶν
178 235 243 274 πρὸς
254 234 298 263 τὸν
311 235 410 274 ἄνδρα,
433 235 458 263 εἴ
475 247 539 264 ποτε
554 237 639 264 αὐτῶν
664 236 782 272 δεηθείη,
798 237 841 266 τὸν

70 281 180 310 θάνατον
194 280 222 310 ὃν
243 280 433 318 ὑπομένουσιν,
449 281 473 310 εἴ
490 293 554 310 ποτε
570 282 677 311 ἐκπέσοι
691 295 717 311 τι
733 282 841 311 τούτων.

68 328 162 356 Ταῦτα
176 321 220 355 οἶν
233 325 328 362 ἡδονὴ,
349 326 407 355 εἰπέ
421 338 485 365 μοι,
506 326 566 356 Ἵνα
587 327 674 367 ἔτερος
690 328 774 367 τέρπῃ
796 328 842 360 τὰς
862 334 879 356 F

69 373 158 412 ὄψεις,
173 371 273 407 σαυτὴν
287 373 332 401 καὶ
346 373 452 411 δεσμοῖς
464 373 508 402 καὶ
522 374 641 413 φροντίσι
657 374 703 403 καὶ
717 374 843 406 κινδύνοις

68 418 114 447 καὶ
140 418 245 453 ἀηδίαις
270 418 315 446 καὶ
329 418 427 458 μάχαις
452 421 641 459 καθημεριναῖς
665 419 842 455 ὑποὸάλλεις;

69 460 110 502 ἆρ’
133 465 162 492 οὖ
185 463 273 499 πάσης
295 465 456 503 κατηγορίας
484 465 530 493 καὶ
555 464 746 503 καταγνώσεως
772 464 842 497 ἄξιον

609 129 632 150 1.
658 127 702 150 An
729 128 871 152 TlMOTn.

1570 119 1634 154 (361

897 199 973 229 goat,
997 198 1108 220 mortem
1134 203 1215 230 quam
1238 191 1389 228 sustinent,
1407 192 1428 220 si
1454 192 1520 231 quid
1544 192 1640 221 hurum

902 128 980 153 cAP.
1010 129 1045 152 ll.
1077 130 1193 152 ttOMtL.
1227 130 1298 153 vm.

896 237 1013 266 excidat.
1034 237 1157 267 Haeccine
1180 238 1320 278 voluptas,
1342 238 1387 267 dic
1409 238 1500 267 mihi?
1514 239 1552 268 Ut
1573 239 1643 267 alius

897 290 1004 321 aspectu
1025 283 1191 321 oblectetur,
1211 290 1236 313 te
1249 284 1366 312 vinculis
1377 306 1384 319 ,
1400 283 1644 320 sollicitudinibus,

897 328 1043 367 periculis,
1065 329 1211 365 molestiis,
1231 329 1396 367 quotidianis
1417 329 1485 358 rixis
1510 329 1644 368 subjicis?

897 384 984 402 annon
1005 375 1057 403 hoc
1080 375 1154 403 omni
1179 374 1367 404 criminatione
1385 375 1500 414 dignum
1518 376 1579 404 cst?
1593 376 1644 412 Nc,

897 430 996 457 quaeso,
1009 431 1041 449 ne
1051 420 1107 449 lime
1120 422 1265 457 suciamu53
1277 421 1324 449 scd
1334 431 1413 449 omne
1424 421 1573 459 iniquitatis
1584 421 1644 450 vin-

897 466 988 494 culum
1013 467 1166 503 solvamus3
1191 467 1346 505 frangamus
1373 468 1499 496 esurienti
1528 478 1644 507 panem;

68 511 160 545 τοῦτο;
185 509 250 545 Μὴ,
274 512 441 549 παρακαλῶ,
465 510 502 549 μὴ
517 513 601 538 ταῦτα
615 511 750 548 ποιῶμεν,
774 509 842 538 ἀλλὰ
852 529 888 547 559
897 512 950 540 alia
971 513 1061 541 omnin
1083 513 1224 547 faciamus,
1239 524 1299 551 quae
1323 513 1401 542 nobis
1423 514 1553 543 fiduciam
1571 514 1645 554 apud

69 555 172 593 λύωμεν
197 555 284 584 πάντα
319 555 462 594 σύνδεσμον
490 555 612 591 ἀδικίας,
640 555 842 594 διαθρύπτωμεν
861 557 881 578 A
899 559 986 586 Deum
1003 569 1095 597 pai-cre
1114 559 1232 597 possint,
1249 566 1279 587 ut
1301 560 1431 597 promissa
1454 561 1523 589 bona
1547 572 1644 590 conse-

70 602 194 630 πεινῶντι
216 602 260 630 τὸν
274 602 352 640 ἄρτον
361 613 367 619 ·
392 602 480 631 πάντα
494 602 528 631 τὰ
544 603 613 631 ἄλλα
627 601 802 640 πράττωμεν,
825 601 842 630 ἃ

70 646 118 682 τὴν
131 647 196 686 πρὸς
211 647 255 676 τὸν
267 648 335 677 Θεὸν
349 650 414 685 ἡμῖν
429 648 580 687 παρρησίαν
591 647 751 687 προξενῆσαι
766 646 842 675 δύνα-

71 704 126 730 ται,
142 692 186 722 ἵνα
200 693 322 732 τύχωμεν
333 695 384 722 τῶν
397 694 600 732 ἐπηγγελμένων
613 695 730 731 ἀγαθῶν,
743 694 769 722 ἐν
778 693 843 731 Χρι-

71 740 125 776 στῷ
140 738 228 774 Ἰησοῦ
241 741 278 777 τῷ
294 739 386 778 Κυρίῳ
397 741 473 776 ἡμῶν
483 761 490 774 ,
513 741 571 776 μεθ’
585 734 614 768 οὗ
630 741 667 778 τῷ
683 739 771 777 Πατρὶ
787 738 843 776 ἅμα

69 786 108 822 τῷ
121 784 188 823 ἁγίῳ
202 784 341 822 Πνεύματι
355 784 416 818 δόξα
425 807 432 821 ,
447 785 558 824 κράτος,
572 785 654 822 τιμὴ,
671 787 715 813 νῦν
727 785 773 813 καὶ
787 785 843 821 ἀεὶ,

69 828 115 858 καὶ
131 830 167 862 εἷς
180 828 240 862 τοὺς
253 831 349 863 αἰῶνας
361 832 413 859 τῶν
430 829 542 860 αἰώνων.
556 830 651 869 Ἀμήν.

361 1032 497 1060 omui&
518 1030 554 1066 η’.

69 1128 204 1166 Βούλομαι
219 1124 263 1157 οἶν
279 1128 472 1169 προσεύχεσθαι
487 1129 545 1162 τοὺς
562 1130 658 1169 ἄνδρας
671 1130 697 1157 ἐν
711 1128 790 1158 παντὶ
804 1128 844 1158 τό·
861 1133 877 1155 Β

110 1187 170 1214 πῳ,
189 1175 345 1214 ἐπαίροντας
368 1175 454 1208 ὁσίους
478 1181 570 1215 χεῖρας
590 1175 673 1214 χωρὶς
695 1176 776 1214 ὄργ-’ἧς
799 1175 845 1203 καὶ

110 1221 299 1259 διαλογισμοῦ·
322 1220 449 1253 ὡσαύτως
460 1221 505 1249 καὶ
520 1221 566 1253 τὰς
581 1224 707 1259 γυναῖκας
721 1222 747 1249 ἐν
761 1232 845 1249 κατα-

111 1268 191 1305 στοῖῇ
218 1266 321 1306 κοσμίῳ
337 1266 404 1304 μετὰ
426 1267 514 1298 αἰδοῦς
538 1266 584 1294 καὶ
605 1266 774 1305 σωφροσύνης
800 1277 845 1294 κο-

110 1316 185 1349 σμεῖν
198 1312 291 1344 ἑαυτὰς
301 1334 308 1346 ,
325 1312 362 1350 μὴ
378 1314 404 1341 ἐν
419 1311 586 1350 πλέγμασιν,
600 1311 616 1346 ἢ
629 1314 735 1351 χρυσῷ,
745 1311 762 1346 ἢ
775 1324 843 1351 μαρ-

108 1358 247 1399 γαρίταις,
271 1358 288 1394 ἢ
311 1360 450 1398 ἱματισμῷ
474 1359 625 1397 πολυτελεῖ,
646 1359 704 1387 ἀλλ’
722 1359 843 1397 ὃπρέπει

107 1405 223 1444 γυναιξὶν
247 1405 488 1443 ἐπαγγελλομέναις
512 1405 674 1440 θεοσέῧειαν,
701 1405 734 1433 δι’
759 1404 841 1444 ἔργων

111 1453 227 1492 ἀγαθῶν.

897 615 1024 642 quamur,
1042 605 1068 633 in
1085 605 1194 633 Clu-isto
1208 606 1270 634 Jcsu
1290 605 1407 634 Domino
1422 613 1524 642 nostro,
1536 606 1645 644 quicum

899 650 973 678 Pau—i
987 650 1122 689 simulque
1138 650 1252 689 Spiritui
1268 657 1359 679 sancto
1373 651 1471 689 gloria,
1488 651 1642 690 imperium,

899 695 994 730 honor,
1011 706 1083 724 nuuc
1097 703 1122 725 et
1143 706 1258 735 semper,
1272 702 1298 724 et
1313 695 1340 724 in
1353 696 1450 725 saecula
1464 696 1643 725 saeculorum.

900 744 995 770 Amen.

1139 1028 1298 1058 HOMILJA
1325 1029 1406 1057 vm.

900 1127 969 1155 Cn.
982 1127 1018 1156 Il.
1035 1137 1064 1155 v.
1081 1126 1109 1155 8.
1127 1127 1200 1155 Volo
1215 1128 1304 1165 igitur
1320 1128 1404 1155 viros
1421 1137 1506 1155 orare
1520 1129 1551 1155 in
1567 1129 1647 1155 ouini

939 1175 1013 1209 loco,
1031 1174 1204 1203 extollentes
1219 1181 1338 1203 sanctas
1353 1185 1459 1204 manus
1474 1176 1586 1213 absque
1601 1177 1646 1203 ira

938 1227 964 1249 et
977 1221 1198 1259 disceptatione.
1214 1221 1244 1248 9.
1259 1220 1400 1249 Similiter
1419 1227 1447 1249 et
1463 1221 1597 1249 mulieres
1616 1222 1648 1248 in

939 1268 1042 1296 habitu
1061 1274 1166 1296 ornato
1179 1277 1243 1295 cum
1263 1268 1444 1296 ‘verecundia
1460 1274 1486 1296 et
1501 1268 1648 1306 pudicitia

938 1316 1048 1353 seipsas
1068 1324 1184 1350 ornare,
1202 1324 1261 1342 non
1278 1315 1310 1341 in
1329 1316 1412 1342 tortis
1436 1315 1576 1348 crinibus,
1596 1321 1648 1343 aut

939 1371 1023 1397 aura,
1047 1366 1099 1388 aut
1121 1360 1302 1398 margaritis,
1331 1366 1382 1388 aut
1397 1366 1479 1388 vesle
1496 1361 1625 1398 pretiosa
1636 1372 1646 1393 ;

939 1406 987 1433 10.
1005 1406 1074 1440 secl,
1093 1406 1172 1444 quod
1192 1405 1328 1434 mulieres
1352 1406 1452 1442 decet,
1475 1406 1648 1444 pollicentes
1687 1430 1691 1434 .

936 1454 1074 1491 pietatem
1087 1462 1140 1491 per
1153 1453 1230 1480 bona
1243 1462 1338 1492 opera.

940 1553 965 1580 1.
980 1551 1053 1581 Cum
1074 1553 1179 1586 oratis,
1200 1550 1304 1589 inquit,
1323 1550 1458 1589 Christus,
1476 1551 1646 1591 noliteficri

898 1600 972 1628 sicut
985 1599 1148 1638 hypocritae
1159 1609 1165 1626 ι
1176 1605 1278 1627 amant
1290 1598 1400 1627 enimin
1409 1601 1567 1638 synogogis
1576 1606 1602 1628 et
1615 1600 1646 1627 in

899 1645 1015 1683 angulis
1025 1645 1192 1683 platearum
1211 1655 1309 1680 orare,
1323 1651 1355 1673 ut
1370 1645 1534 1673 videantur
1544 1646 1581 1673 ab
1595 1646 1647 1673 Ιιο-

900 1693 1036 1719 minibus.
1049 1692 1148 1719 Amen
1169 1691 1235 1719 dico
1259 1692 1344 1719 vobis
1357 1713 1364 1726 ‚
1384 1692 1453 1729 quia
1478 1698 1648 1730 receperunt

899 1737 1059 1766 mercedem
1073 1747 1167 1766 suam.
1189 1738 1230 1766 Tu
1245 1743 1342 1765 autem
1360 1747 1426 1765 cum
1444 1739 1582 1773 oraveris,
1598 1739 1647 1765 in-

899 1789 946 1811 tra
968 1785 1000 1810 in
1021 1782 1189 1811 cubiculum
1211 1789 1304 1819 tuum,
1325 1788 1353 1811 et
1375 1782 1478 1811 clauso
1500 1784 1574 1811 ostio
1595 1792 1648 1810 ora

898 1827 1017 1855 Patrem
1029 1833 1111 1855 tuum
1121 1828 1153 1854 in
1165 1827 1337 1855 abscondito
1348 1838 1358 1859 ;
1370 1833 1397 1854 et
1409 1828 1470 1865 ipse
1481 1827 1583 1854 reddet
1593 1827 1649 1854 tibi

109 1548 196 1579 εὈταν
208 1549 405 1590 προσεύχησθε,
420 1548 497 1587 φησὶν
513 1550 526 1577 ὃ
541 1549 672 1588 Χριστὸς,
688 1549 725 1588 μὴ
740 1549 844 1589 γίνεσθε
860 1559 878 1582 c

68 1598 103 1628 ὡς
117 1597 141 1625 ot
152 1595 292 1636 ὑποκριταὶ
301 1618 308 1631 ,
320 1595 359 1624 ὅτι
374 1597 492 1635 φιλοῦσιν
510 1597 536 1623 ἐν
551 1600 609 1628 ταῖς
621 1601 787 1634 συναγωγαῖς
799 1596 845 1625 καὶ

68 1643 96 1670 ἐν
107 1645 164 1675 ταῖς
178 1641 287 1680 γωνίαις
302 1643 354 1670 τῶν
369 1642 502 1670 πλατειῶν
513 1642 625 1674 ἑστῶτες
636 1641 846 1684 προσεύχεσθαι,

69 1687 140 1721 ὅπως
154 1689 256 1727 φανῶσι
270 1691 324 1720 τοῖς
339 1686 495 1726 ἀνθρώποις.
520 1686 603 1725 Ἀμὴν
619 1686 688 1727 λέγω
702 1689 764 1726 ὑμῖν
775 1711 782 1724 ,
805 1689 846 1718 ὅτι

67 1731 198 1772 ἀπέχουσι
217 1733 262 1762 τὸν
278 1733 371 1772 μισθὸν
393 1734 489 1762 αὐτῶν.
506 1732 545 1762 Σὺ
560 1732 588 1762 δὲ
607 1733 670 1762 ὅταν
688 1733 825 1772 προσεύχῃ
837 1758 845 1771 ,

68 1778 167 1807 εἴσελθε
190 1780 226 1811 εἷς
245 1779 275 1808 τὸ
287 1778 408 1817 ταμιεῖόν
424 1791 469 1808 σου
479 1802 487 1815 ,
511 1779 556 1808 καὶ
570 1778 678 1812 κλείσας
691 1779 738 1812 τὰς
751 1779 845 1818 θύρας,

67 1824 209 1863 πρόσευξαι
220 1826 258 1864 τῷ
269 1825 359 1864 Πατρί
371 1836 418 1853 σου
429 1827 467 1865 τῷ
479 1826 506 1854 ἓν
521 1827 560 1864 τῷ
574 1827 693 1865 κρυπτῷ,
708 1825 753 1853 καὶ
766 1826 844 1858 αἰετὸς

67 1869 200 1900 ἀποδώσει
214 1882 256 1900 σοι
270 1872 297 1899 ἐν
309 1873 348 1911 τῷ
362 1873 476 1910 φανερῷ.
500 1871 537 1900 Τί
553 1865 597 1900 οὖν
613 1873 626 1900 ὃ
641 1871 747 1904 Παῦλος
764 1883 842 1911 φησι,

68 1915 203 1954 Βούλομαι
223 1916 418 1956 προσεύχεσθαι
435 1916 493 1950 τοὺς
507 1917 603 1956 ἄνδρας
620 1918 647 1945 ἐν
658 1916 738 1945 παντὶ
753 1917 841 1957 τόπῳ,

67 1961 224 2000 ἐπαίροντας
242 1961 329 1994 ὁσίους
347 1966 439 2001 χεῖρας
459 1961 542 2001 χωρὶς
558 1963 638 2001 ὀργῆς
659 1962 704 1990 καὶ
725 1963 841 2002 διαλογι-

68 2011 152 2046 σμοῖς
174 2007 243 2036 Ἀλλ’
256 2009 303 2036 οὐκ
330 2007 400 2035 ἔστιν
425 2007 540 2036 ἐναντίον
562 2007 670 2041 ἐκείνοις
694 2011 785 2045 τοῦτο,
803 2009 840 2047 μὴ

66 2054 179 2092 γένοιτο,
196 2053 264 2083 ἀλλὰ
277 2054 322 2083 καὶ
335 2053 434 2094 σφόδρα
448 2055 567 2093 συνᾷδον.
580 2055 643 2087 Πῶς
655 2055 700 2083 καὶ
716 2055 767 2084 τίνι
781 2055 841 2095 τρό-
856 2069 875 2092 1)

65 2111 121 2140 πῳ,
138 2101 185 2129 Δεῖ
197 2099 224 2130 δὲ
235 2100 361 2140 πρότερον
377 2101 478 2136 εἰπεῖν,
490 2100 516 2128 τί
531 2101 616 2136 ἔστιν,
632 2099 745 2129 Εἴσελθε
761 2103 797 2133 εἷς
811 2101 841 2130 τὸ

65 2145 184 2185 ταμιεῖόν
200 2158 245 2176 σου
255 2169 262 2182 ,
284 2145 330 2174 καὶ
343 2145 368 2174 τί
383 2146 480 2182 δήποτε
492 2149 569 2176 τοῦτο
583 2146 760 2185 προστάττει,
775 2148 798 2175 εἰ
813 2148 839 2175 ἐν

64 2191 145 2220 παντὶ
158 2191 232 2231 τόπῳ
249 2192 286 2220 δεῖ
302 2191 441 2231 εὔχεσθαι,
464 2192 510 2221 καὶ
522 2193 543 2220 εἰ
557 2193 583 2220 ἐν
602 2192 732 2232 ἐκκλησία
750 2192 787 2230 μὴ
802 2193 840 2222 δεῖ

65 2237 202 2277 εὔχεσθαι,
224 2238 270 2266 καὶ
286 2239 308 2267 εἰ
329 2239 355 2267 ἐν
370 2238 442 2277 ἄλλῳ
458 2238 552 2276 μηδενὶ
575 2240 622 2273 τῆς
646 2238 731 2271 οἰκίας
748 2239 839 2278 με’ρει,

64 2284 123 2313 ἀλλ’
150 2286 176 2313 ἐν
201 2286 240 2324 τῷ
264 2284 364 2324 ταμείῳ
393 2284 481 2323 μόνον.
503 2284 540 2314 Τί
561 2280 604 2314 οὖν
631 2285 687 2314 ἐστι
710 2285 741 2314 τὸ
761 2285 840 2324 λεγό-

65 2341 160 2368 μενον;
193 2330 233 2359 Τὸ
256 2329 406 2364 ἀκενόδοξον
431 2329 533 2363 ’δεικνὺς
553 2332 664 2360 ἐνταῦθα
687 2333 700 2360 ὃ
723 2331 839 2371 Χριστός

63 2387 144 2415 φησι,
180 2375 197 2412 ὴ
213 2376 299 2416 λάθρα
318 2376 423 2411 ἁπλῶς,
440 2375 509 2405 ἀλλὰ
527 2377 716 2415 κεκρυμμένως
737 2376 784 2410 τὰς
797 2378 837 2406 εὖ·

62 2421 113 2461 χὰς
122 2425 209 2452 ποιοῦ.
225 2422 332 2461 Ἵὶσπερ
352 2422 404 2462 γὰρ
417 2422 516 2460 λέγων,
529 2422 575 2457 Μὴ
588 2422 681 2461 γνώτω
703 2425 720 2458 ἡ
738 2423 840 2462 ἀριστε-

65 2467 98 2507 ροί
113 2479 158 2497 σου
184 2467 211 2497 τί
225 2472 295 2497 ποιεῖ
305 2471 322 2504 ἡ
337 2467 408 2501 δεξιοί
424 2479 480 2504 σου,
491 2469 520 2496 οὗ
535 2468 596 2507 περὶ
610 2471 707 2508 χειρῶν
723 2469 840 2508 διαλέγε-

66 2525 110 2542 ται
128 2514 233 2549 ἇπλῶς,
256 2513 323 2542 ἀλλὰ
337 2513 385 2549 τὴν
399 2513 546 2552 ὗπερῖολὴν
562 2516 609 2549 τῆς
623 2515 687 2553 πρὸς
701 2514 749 2549 τὴν
767 2527 838 2544 κενο-

896 1875 928 1901 in
950 1872 1119 1911 manifesto.
1144 1872 1219 1910 Quid
1246 1872 1330 1911 igitur
1347 1872 1448 1901 Paulus
1467 1872 1551 1907 dicit,
1573 1873 1647 1901 Volo

895 1918 976 1945 viros
991 1926 1075 1944 orare
1088 1919 1119 1944 in
1133 1917 1214 1943 omni
1230 1916 1296 1944 loco
1306 1939 1313 1951 ‚
1328 1916 1505 1945 extollentes
1525 1923 1646 1945 sanctas

895 1973 1000 1991 manus
1013 1963 1123 2001 absque
1134 1963 1180 1990 ira.
1192 1968 1219 1990 et
1232 1962 1442 2001 disceptatione
1453 1965 1465 1990 ?
1477 1962 1533 1991 Sed
1544 1972 1595 1991 non
1608 1969 1647 1992 cst

894 2007 945 2037 hoc
960 2007 1125 2037 contrarium
1144 2007 1200 2036 illis
1211 2030 1219 2043 ,
1233 2007 1321 2043 absit5
1339 2007 1396 2036 imo
1412 2007 1492 2036 valde
1505 2015 1643 2037 consonat.

895 2054 1060 2090 Quomodo?
1076 2054 1154 2083 Prius
1178 2061 1267 2082 autem
1290 2053 1434 2083 dicendum
1451 2061 1506 2090 est,
1527 2054 1593 2093 quid
1611 2055 1645 2084 sit

894 2100 975 2135 illud,
997 2103 1083 2129 Intra
1099 2103 1131 2128 in
1151 2100 1317 2129 cubiculum
1343 2107 1442 2137 tuum,
1464 2107 1490 2129 et
1517 2111 1566 2130 cur
1592 2101 1645 2131 hoc

893 2146 1053 2186 praecipiat,
1070 2145 1093 2175 si
1116 2145 1151 2188 sit
1175 2145 1308 2174 orandum
1331 2146 1359 2175 in
1381 2146 1454 2175 omni
1479 2146 1556 2183 loco,
1571 2147 1592 2176 si
1615 2147 1644 2177 in

893 2191 1002 2221 ecclesia
1014 2202 1090 2220 orare
1105 2201 1156 2220 non
1172 2198 1304 2231 oporteat,
1318 2198 1342 2220 et
1358 2191 1379 2220 si
1396 2191 1423 2220 in
1440 2191 1517 2220 nulla
1529 2192 1581 2221 alia
1595 2192 1645 2221 do-

892 2249 953 2267 mus
970 2245 1046 2278 parte
1060 2237 1149 2274 liccat,
1164 2237 1216 2265 nisi
1231 2237 1259 2266 in
1274 2237 1409 2267 cubiculo.
1422 2238 1498 2273 Quid
1513 2249 1575 2278 ergo
1591 2239 1644 2268 sibi

892 2283 952 2313 vult
974 2283 1078 2313 dictum
1101 2283 1192 2312 illud?
1213 2284 1322 2312 Inanem
1345 2283 1462 2323 gloriam
1486 2284 1643 2324 fugiendam

893 2341 951 2359 esse
961 2329 1059 2359 docens
1074 2329 1208 2365 Christus,
1221 2328 1287 2358 dicit
1299 2340 1351 2358 non
1366 2329 1536 2370 simpliciter,
1550 2331 1640 2369 Clam,

892 2375 951 2414 sed,
963 2375 1074 2405 Occulte
1085 2374 1231 2404 orationem
1244 2375 1345 2405 emitte.
1356 2376 1395 2405 Ut
1407 2375 1479 2405 enim
1490 2386 1552 2405 cum
1564 2376 1642 2414 dicit,

893 2423 1013 2451 Nesciat
1034 2423 1154 2451 sinistra
1174 2428 1226 2450 tua
1246 2422 1319 2461 quid
1330 2422 1415 2463 facit
1434 2422 1556 2452 dez-tera
1573 2430 1639 2460 tua,

893 2479 945 2497 non
961 2467 995 2496 de
1008 2467 1134 2496 manibus
1145 2467 1304 2507 simpliciter
1317 2468 1450 2506 loquitur,
1459 2469 1504 2497 sed
1516 2480 1596 2508 quani
1607 2470 1642 2499 sit

894 2526 1000 2545 summe
1014 2515 1140 2554 fugienda
1156 2526 1222 2546 vana
1238 2515 1322 2555 gloria
1341 2515 1459 2546 declarat
1475 2529 1480 2545 ε
1497 2517 1533 2546 ita
1548 2517 1574 2546 in
1592 2517 1641 2545 hoc

1658 1566 1742 1587 blank.
1760 1566 1783 1588 6.

1656 1597 1679 1619 5.
1690 1597 1712 1618 6.

1656 2433 1715 2457 Ihm.
1733 2437 1756 2459 6.
1772 2435 1796 2458 3.
