1893 2860
502 149 533 171 ΙΝ
562 149 670 183 EPJST.
701 149 745 170 AD
771 148 889 171 EPflEs.
917 148 994 170 CAP.
1027 150 1059 172 V-

113 221 174 239 σου·
190 211 247 249 χρῶ
261 211 338 247 αὐτῇ,
352 211 387 242 ὡς
409 209 439 238 ἄν
463 221 503 238 σοι
524 211 632 248 ἀρεστὸν
649 206 675 248 ᾗ.
686 209 743 245 Τὴν
756 209 878 239 κοινωνὸν

112 258 159 290 τῆς
169 257 242 291 εὐνῆς
255 256 387 290 ἐξέδωκεν,
399 255 441 283 ἵνα
456 254 493 292 μὴ
506 256 612 294 λυπήσῃ
623 256 670 291 τὴν
683 256 798 296 Σάρραν.
813 256 879 285 Καί-

113 314 153 331 τοι
169 314 198 340 γε
211 302 282 331 οὐδὲν
297 301 388 330 τούτου
402 304 488 339 μεῖζον
502 303 538 334 εἰς
550 303 648 334 εὐνοίας
661 303 736 340 λόγον
752 303 830 332 ἐστίν.
845 304 879 331 Εἰ

114 347 164 387 γὰρ
178 347 207 376 τὸ
226 347 355 386 τραπέζης
372 350 530 382 κοινωνῆσαι
544 348 588 376 καὶ
602 349 712 385 λῃσταῖς
731 348 879 387 ὁμοψυχίαν

113 396 182 421 ποιεῖ
193 392 256 431 πρὸς
269 392 328 425 τοὺς
338 393 467 425 ἐναντίους
478 393 534 428 (καὶ
548 396 561 422 ὁ
571 394 712 432 ψαλμῳδός
726 406 802 432 φησιν
811 417 818 430 ‚
830 394 880 427 ⁰0<

114 438 158 467 ἐπὶ
172 438 202 466 τὸ
219 438 279 467 αὐτὸ
291 438 433 477 ἐγλύκανάς
445 450 490 476 μοι
500 439 643 477 ἐδέσματα)
657 451 662 456 ·
680 440 708 468 τὸ
721 440 782 478 μίαν
795 440 880 479 σάρκα

113 484 232 522 γενέσθαι
247 485 338 513 λοιπόν
350 487 440 520 (τοῦτο
454 485 505 523 γάρ
522 487 577 514 ἐστι
594 487 752 519 κοινωνῆσαι
770 488 817 520 τ’ἧς
837 488 879 515 εὐ-

113 532 184 565 νῆς),
195 532 284 569 πολλῷ
296 531 394 567 μᾶλλον
410 530 497 559 ἱκανὸν
512 531 717 560 ἐπισπάσασθαι.
730 531 798 560 Ἀλλ’
808 532 880 561 οὐδὲν

114 577 211 605 τούτων
224 577 315 615 ἴσχυσε
325 576 368 604 τον
381 576 480 605 δίκαιον
494 579 559 605 ἑλεῖν
570 600 576 611 ,
590 578 647 605 ἀλλ’
661 576 768 609 ἐξέδωκε
789 580 820 616 τῇ
836 591 880 616 γυ-

115 621 194 656 ναικὶ,
204 620 302 654 δεικνὺς
315 622 354 650 ὅτι
365 622 393 650 οὐ
406 622 477 660 παρὰ
488 622 534 656 τὴν
548 623 626 650 αὐτοῦ
640 622 724 651 αἰτίαν
737 634 761 650 τι
774 623 879 662 γεγένη-

115 680 159 696 ται
174 679 178 684 ·
194 667 238 695 καὶ
252 668 280 695 τὸ
292 667 323 701 δὴ
339 670 433 704 μεῖζον,
446 667 557 696 κύουσαν
570 667 714 705 ἐξέπεμψεν
728 669 819 703 αὐτήν.
832 669 881 701 Τίς

115 715 161 742 οὐκ
180 713 210 740 ἂν
226 713 323 747 ἠλέησε
337 713 473 747 κυήσασαν
485 712 509 746 ἐξ
524 713 601 741 αὐτοῦ
615 713 734 748 παιδίον,
750 714 818 742 Ἀλλ’
833 716 881 754 οὐχ

114 761 128 786 ὃ
139 758 237 790 δίκαιος
250 757 404 796 ἐπεκάμφθη
418 769 422 774 ·
438 758 543 786 πάντων
555 758 606 798 γὰρ
617 758 664 793 τὴν
681 759 786 797 ἀγάπην
801 771 880 799 πρου-

114 803 179 832 τίθει
191 803 238 838 τὴν
250 804 313 842 πρὸς
323 803 370 838 τὴν
382 807 502 841 γυναῖκα.

157 1037 258 1065 Τοῦτον
281 1035 425 1074 μιμώμεθα
449 1037 493 1066 καὶ
516 1039 609 1075 ἡμεῖς·
627 1037 717 1075 μηδεὶς
738 1037 885 1071 ὀνείδιζε-,ω

119 1083 209 1111 πενίαν
231 1084 269 1121 τῷ
289 1082 412 1118 πλησίον,
436 1083 526 1121 μηδεὶς
549 1084 695 1122 χρημάτων
720 1084 820 1122 ἐράτω,
841 1083 885 1111 καὶ

118 1128 205 1157 πάντα
219 1129 335 1157 λέλυται.
356 1128 430 1163 Μηδὲ
444 1128 542 1167 λεγέτω
559 1129 624 1167 γυνὴ
642 1129 706 1167 πρὸς
723 1129 766 1157 τὸν
788 1129 886 1167 ἄνδρα,

906 1050 921 1072 F

898 1160 933 1178 153

1086 150 1203 173 nomn„
1230 150 1288 172 xx.
1608 137 1673 183 175

933 210 1102 239 suetudinem
1119 211 1217 239 habere
1232 221 1293 239 cuin
1305 209 1416 238 muliere
1429 221 1434 236 :
1447 216 1531 238 totum
1547 220 1561 237 a
1575 216 1599 238 te
1611 221 1673 248 pro-

932 255 1030 284 fectum
1043 264 1097 293 ⁰⁵13
1113 264 1138 285 ct
1153 267 1246 285 rursus
1257 256 1385 285 accusas?
1398 255 1450 284 Sed
1462 255 1508 284 ille
1518 255 1587 284 nihil
1600 255 1673 284 dixit

933 300 1082 340 ejusinodi5
1099 302 1145 331 sed
1164 302 1254 340 quid?
1273 303 1350 330 Ecce
1365 301 1477 330 ancilla
1491 303 1522 329 in
1539 303 1672 331 manibus
1685 309 1745 330 Ihm.
1758 317 1778 329 v.
1788 309 1812 331 6.

935 349 1053 383 tuit-‚ea
1073 355 1152 376 utere
1167 355 1196 376 ut
1213 349 1265 376 tihi
1275 348 1427 386 placuerit.
1450 346 1530 376 Dedit
1549 347 1609 375 lecti
1627 358 1673 375 so-

935 393 1019 431 ciam,
1033 404 1064 422 ne
1078 395 1172 423 Sarain
1187 393 1307 422 molestia
1320 393 1445 421 afficeret.
1460 393 1539 431 Atqui
1553 393 1622 422 nihil
1636 401 1675 422 est

936 440 986 468 lioc
1010 441 1097 478 majus
1118 440 1152 468 ad
1181 440 1309 468 rationein
1332 439 1533 467 bcncvolentiae.
1558 440 1627 468 Nam
1653 440 1676 469 si

936 496 1032 514 mensu:
1045 486 1124 514 fuisse
1143 486 1244 520 socios,
1261 485 1343 513 eflicit
1360 492 1388 513 ut
1399 486 1478 513 ctiam
1493 485 1608 514 latrones
1623 486 1677 514 sint

935 531 1074 559 unanimes
1094 542 1155 559 cnm
1178 530 1338 558 adversariis
1353 534 1395 565 (et
1415 529 1481 559 dicit
1506 531 1675 569 psalmogra—

935 576 1005 614 phus
1017 588 1022 603 :
1037 577 1092 613 Qui
1101 576 1294 604 simuldulces
1303 586 1413 603 mecum
1424 578 1558 614 capiebas
1568 578 1674 612 cum),-
1687 590 1752 611 ρΜΙ,
1789 606 1794 610 .
1807 591 1826 609 ι,

936 633 1016 650 unam
1033 623 1089 660 jam
1104 623 1201 650 saetam
1213 632 1268 649 csse
1280 632 1384 649 carnem
1401 621 1469 656 <hoc
1486 622 1555 649 enini
1568 629 1606 650 est
1624 633 1674 650 cu-
1688 621 1722 642 ¹5-

936 667 999 695 bilis
1013 677 1067 695 esse
1081 667 1211 703 sociam),
1226 666 1311 694 multo
1332 667 1418 704 magis
1432 666 1532 695 sufficit
1545 667 1578 695 ad
1591 674 1676 696 attra-

936 713 1062 742 hendum.
1085 715 1119 741 At
1134 713 1201 741 nihil
1221 712 1352 751 ejusmodi
1365 713 1469 751 justum
1489 713 1575 751 potnit
1590 724 1678 752 expu-

937 770 1035 798 gnare,
1058 759 1104 788 sed
1127 770 1185 787 eam
1208 758 1319 787 tradidit
1341 758 1433 794 uxori,
1453 758 1595 787 ostendens
1612 759 1682 787 nihil

938 806 1036 834 sactum
1052 804 1134 833 fuisse
1147 814 1194 832 sua
1210 804 1289 843 culpa
1307 816 1312 832 :
1327 810 1353 832 et
1367 803 1439 841 quod
1455 810 1493 832 est
1505 804 1610 842 majus,
1624 814 1683 833 eam

938 851 1027 880 emisit
1046 849 1194 889 gravidam.
1213 849 1281 885 Quis
1301 860 1353 877 non
1377 856 1443 878 esset
1462 849 1590 878 misertus
1607 851 1682 888 ejus,

939 907 997 934 qua>
1009 906 1042 924 ex
1054 895 1112 935 ipso
1126 901 1282 934 conceperat
1294 894 1402 923 filium?
1418 894 1471 924 Sed
1484 905 1535 923 non
1550 895 1636 923 sscxus
1646 902 1685 923 est

939 941 986 970 ille
990 942 1080 981 justus
1093 952 1099 967 ι
1110 951 1172 969 nam
1185 939 1357 968 dilectionem
1371 939 1398 967 in
1410 950 1520 968 uxorem
1529 940 1686 978 praeferebat

940 988 1076 1018 omnibus.

983 1036 1011 1063 7.
1031 1035 1110 1063 Hune
1124 1045 1172 1063 nos
1188 1044 1294 1073 quoque
1310 1034 1447 1063 imitemur
1465 1046 1471 1062 ε
1495 1045 1572 1063 nemo
1586 1035 1686 1074 proxi-

942 1091 986 1109 mo
1001 1081 1144 1119 exprobret
1159 1086 1356 1119 paupertatem,
1373 1090 1450 1108 nemo
1461 1087 1531 1108 amet
1543 1080 1669 1120 pecunias
1678 1092 1686 1117 5

943 1134 968 1155 et
982 1127 1078 1155 soluta-
1092 1133 1154 1154 sunt
1168 1126 1267 1154 omnia.
1284 1126 1376 1164 Neque
1390 1126 1461 1155 dicat
1485 1137 1554 1155 uxor
1568 1126 1664 1155 marito
1677 1149 1686 1163 ,

119 1174 229 1213 ἄνανδρε
241 1174 285 1203 καὶ
297 1174 375 1207 δειλὲ,
388 1175 463 1203 ὄκνου
475 1174 563 1213 γέμων
575 1175 619 1203 καὶ
632 1175 739 1207 νωθείας
750 1175 795 1203 καὶ
806 1175 885 1203 ὕπνου
907 1188 925 1210 Α
944 1174 1042 1212 ignave
1053 1179 1079 1201 et
1093 1172 1197 1208 timide,
1212 1179 1319 1210 torpore
1334 1172 1410 1211 plene
1421 1179 1446 1200 et
1457 1172 1631 1207 hebetudine,
1646 1173 1688 1212 pi-

119 1221 231 1255 πολλοῧ,
244 1223 258 1248 ὁ
270 1221 342 1248 δεῖνα
356 1220 476 1253 ταπεινὸς
488 1221 533 1248 καὶ
554 1222 583 1249 ἐκ
598 1222 728 1249 ταπεινῶν
737 1243 744 1254 ,
758 1221 887 1253 κινδύνους

120 1265 248 1304 ἀράμενος
261 1266 306 1294 καὶ
322 1266 469 1303 ἀποδημίας
482 1266 662 1303 στειλάμενος,
674 1267 773 1301 πολλὴν
786 1266 833 1301 τὴν
847 1267 886 1295 οὐ-

121 1311 179 1340 σίαν
195 1312 310 1347 ἐποίησε,
321 1312 365 1340 καὶ
378 1314 393 1346 ἡ
410 1312 474 1350 γυν-ἳ·Ι
489 1316 658 1351 χρυσοφορεῖ,
671 1313 716 1340 καὶ
728 1313 770 1341 ἐπὶ
785 1312 888 1351 ζεύγους

120 1358 219 1385 λευκῶν
233 1357 349 1394 ἡμιόνων
367 1356 484 1396 πρόεισι,
503 1357 670 1397 περιφέρεται
682 1360 818 1396 πανταχοῦ
828 1380 835 1393 ,
850 1359 888 1386 οἰ-

122 1405 203 1431 κετῶν
218 1404 312 1441 ἀγέλας
325 1402 380 1441 ἔχει
400 1403 443 1430 καὶ
458 1403 588 1442 εὐνούχων
608 1403 688 1441 ἑσμόν
699 1415 705 1421 ·
721 1403 752 1431 σὺ
767 1403 794 1432 ’δὲ
814 1403 890 1432 κατέ-

121 1459 240 1487 πτηχας,
255 1448 300 1476 καὶ
321 1450 378 1486 εἰκῇ
395 1450 450 1486 ζῇς.
472 1448 518 1483 Μὴ
533 1448 631 1486 λεγέτω
645 1451 728 1477 ταῦτα
742 1449 823 1486 γυνὴ,
845 1449 890 1478 καὶ

122 1494 156 1523 τὰ
167 1494 267 1527 τούτοις
280 1496 372 1532 ὅμοια·
387 1497 465 1532 σῶμα
483 1494 534 1533 γάρ
547 1497 626 1530 ἐστιν,
641 1497 690 1534 οὐχ
702 1495 743 1524 ἰ’να
762 1495 889 1534 διατάττῃ

123 1542 155 1578 τῇ
174 1542 290 1580 κεφαλῇ,
306 1541 364 1568 ἀλλ’
374 1540 418 1569 ἵνα
431 1540 554 1576 πείθηται
568 1540 613 1569 καὶ
626 1541 756 1580 ὑπακούῃ.
770 1542 833 1573 Πῶς
848 1536 891 1568 οῧν

123 1586 206 1621 οἴσει,
218 1586 291 1626 φησὶ,
302 1587 350 1621 τὴν
365 1587 473 1621 πενίαν;
487 1586 565 1616 πόθεν
586 1587 691 1625 εὑρήσει
705 1586 892 1626 παραμυθίαν;

124 1632 290 1670 Ἐκλεγέσθω
300 1634 364 1672 παρ’
375 1634 455 1670 ἑαυτῇ
467 1632 513 1665 τὰς
525 1632 689 1673 πενεστέρας,
702 1633 894 1672 ἀναλογιζέσθω

124 1678 206 1707 πόσαι
215 1679 294 1707 πάλιν
306 1679 416 1716 εὐγενεῖς
428 1678 473 1706 καὶ
488 1678 512 1711 ἐξ
528 1680 636 1716 εὐγενῶν
648 1678 724 1718 κόραι
737 1680 765 1707 οὐ
779 1679 855 1716 μόνον
868 1678 893 1711 ἐξ

127 1725 227 1762 ἀνδρῶν
244 1723 317 1752 οὐδὲν
344 1723 526 1763 προσέλαὸον,
548 1724 616 1752 ἀλλὰ
636 1724 680 1752 καὶ
703 1724 873 1763 προσέδωκαν
885 1744 893 1758 ,

125 1770 170 1799 καὶ
191 1770 224 1798 τὰ
243 1771 327 1799 αὐτῶν
349 1770 451 1798 ἅπαντα
474 1770 613 1799 ἀνάλωσαν
625 1782 630 1787 ·
647 1770 766 1799 ἐννοείτω
783 1771 843 1803 τοὺς
865 1772 895 1799 ἔκ

124 1815 246 1844 τοιούτων
279 1815 397 1844 πλούτων
424 1815 569 1852 κινδύνους,
597 1816 641 1844 καὶ
665 1816 708 1845 τὸν
736 1816 895 1855 ἀπράγμονα

127 1861 276 1890 ἀσπάσεται
297 1860 362 1899 βίον.
380 1861 432 1889 Καὶ
452 1862 519 1894 ὅλως
534 1863 557 1890 εἷ
577 1861 755 1900 φιλοστόργως
773 1862 838 1901 πρὸς
852 1862 895 1890 τὸν

129 1907 211 1946 ἄνδρα
224 1907 369 1943 διακέοιτο,
385 1908 456 1936 οὐδὲν
476 1910 593 1936 τοιοῦτον
608 1910 670 1947 ἐρεῖ,
684 1909 741 1936 ἀλλ’
758 1908 897 1947 αἱρήσεται

126 1953 238 1988 πλησίον
251 1955 330 1987 αὐτῆς
344 1953 412 1991 ἔχειν
427 1953 502 1982 αὐτὸν
520 1953 600 1991 μηδὲν
620 1953 773 1992 πορίζοντα,
788 1953 804 1987 ἢ
818 1953 898 1992 μυρία

129 1998 247 2027 τάλαντα
265 2002 364 2038 χρυσοῦ
379 1999 445 2035 μετὰ
461 1999 590 2037 μερίμνης
601 1999 646 2028 καὶ
664 1999 797 2038 φροντίδος
808 2001 855 2034 τῆς
869 2001 899 2027 ἐκ

130 2046 182 2072 τῶν
198 2045 354 2081 ἀποδημιῶν
373 2048 430 2076 ταῖς
444 2043 558 2081 γυναιξὶν
574 2044 742 2082 ἐγγινομένης
757 2044 807 2072 ἀεί.
820 2043 900 2072 Ἀλλὰ

131 2090 197 2127 μηδὲ
209 2092 222 2118 ὁ
235 2089 300 2129 ἀνὴρ
309 2093 392 2118 ταῦτα
403 2089 513 2123 ἀκούων,
525 2091 560 2121 ὡς
571 2089 658 2128 ἀρχὴν
669 2089 747 2128 ἔχων,
759 2090 802 2118 ἐπὶ
814 2089 900 2129 ὖὸρεις

129 2135 264 2174 τρεπέσθω
276 2135 320 2163 καὶ
332 2135 451 2174 πληγὰς,
466 2135 535 2164 ἀλλὰ
547 2134 725 2172 παραινείτω,
738 2135 900 2170 νουθετείτω,

130 2183 165 2214 ὡς
179 2181 350 2219 ἁτελεστέραν
370 2181 506 2218 λογισμοῖς
527 2180 689 2209 ἀναπειθέτιι)
700 2203 707 2215 ,
720 2182 734 2195 *
745 2185 835 2219 χεῖρας
848 2192 901 2217 μη-

134 2227 226 2256 δέποτε
250 2226 384 2255 ἐντεινέτω
397 2238 402 2243 ·
418 2226 508 2265 πόρρω
533 2226 669 2264 ἐλευθέρας
694 2227 780 2264 ψυχῆς
801 2229 883 2254 ταῦτα
896 2237 902 2242 ·

137 2272 204 2301 ἀλλὰ
217 2272 283 2310 μηδὲ
295 2271 382 2310 ὕὸρεις
395 2271 462 2310 μηδὲ
470 2271 554 2306 ὀνείδη
567 2271 633 2308 μηδὲ
645 2271 788 2310 λοιδορίας’
802 2271 903 2303 ἀλλ’ὡς

136 2318 305 2356 ἀνοητότερον
328 2317 495 2355 διακειμένην
515 2317 669 2355 ῥυθμιζέτω.
690 2317 775 2345 Πόθεν
790 2316 816 2345 δὲ
828 2319 904 2345 τοῦτο

136 2366 227 2399 ἑστίας
247 2364 312 2393 Ἐὰν
337 2364 380 2392 τὸν
403 2365 487 2398 ιῐιληθῑῗΙ
509 2364 620 2392 πλοῦτον
645 2363 779 2401 μανθάνῃ,
796 2363 840 2392 ἐὰν
858 2364 905 2399 τὴν

138 2411 191 2438 ἄνω
203 2408 365 2448 φιλοσοφίαν,
382 2408 453 2437 οὐδὲν
469 2409 605 2447 ἐγκαλέσει
620 2412 629 2424 ³
642 2411 694 2437 τῶν
712 2409 844 2438 τοιούτων.
860 2412 906 2438 Δι-

177 2507 185 2514 ’
207 2503 303 2537 [πλη-μ’,-
315 2511 394 2536 marg.
407 2503 493 2537 Savil]

943 1227 1026 1259 geret
1039 1219 1222 1247 somnolente:
1238 1218 1283 1246 ille
1298 1217 1411 1246 humilis
1423 1225 1448 1246 et
1463 1218 1583 1257 abjectus
1598 1225 1622 1246 et
1637 1218 1688 1246 hu-

944 1265 1001 1293 mili
1018 1265 1076 1293 loco
1090 1271 1177 1299 natus,
1192 1263 1272 1292 aditis
1286 1263 1414 1302 periculis
1427 1270 1451 1291 et
1466 1263 1596 1302 s'usccptis
1607 1274 1688 1303 pere-

943 1310 1150 1349 grinationibus,
1166 1319 1275 1347 magnas
1290 1308 1398 1347 paravit
1412 1309 1561 1345 facultates,
1579 1316 1605 1337 et
1619 1320 1689 1337 uxor

944 1357 1001 1394 ejus
1015 1362 1100 1393 gestat
1112 1365 1218 1390 aurum,
1233 1361 1258 1382 et
1271 1354 1298 1382 in
1313 1364 1393 1382 curru
1411 1355 1547 1382 mulorum
1565 1354 1690 1383 alborum

945 1401 1126 1441 progreditur,
1138 1400 1164 1428 in
1175 1410 1280 1428 omnem
1293 1406 1396 1438 partem
1407 1399 1602 1435 circumfertur,
1610 1400 1692 1429 habet

946 1457 1037 1485 greges
1049 1446 1212 1475 famulorum
1224 1452 1249 1474 et
1261 1445 1368 1484 agmina
1382 1445 1568 1474 eunuchorum
1583 1458 1588 1473 :
1602 1453 1630 1474 tu
1644 1458 1692 1475 au-

946 1500 999 1521 tern
1012 1493 1117 1529 metuis,
1130 1493 1282 1530 frustraque
1293 1491 1364 1521 vivis
1377 1498 1402 1519 et
1424 1492 1566 1520 inutiliter.
1581 1493 1621 1521 Ne
1633 1493 1691 1521 hsce

948 1538 991 1568 vel
1012 1538 1112 1567 similia
1126 1537 1199 1566 dicat
1215 1548 1300 1574 uxor;
1323 1544 1362 1566 est
1381 1537 1452 1565 enim
1467 1548 1573 1577 corpus,
1587 1548 1639 1567 uon
1664 1546 1693 1567 ut

949 1585 1061 1624 imperet
1076 1584 1166 1624 capiti,
1179 1583 1226 1612 scd
1244 1590 1272 1611 ut
1286 1590 1378 1622 pareat
1392 1590 1416 1611 et
1430 1583 1548 1613 obediat.
1568 1585 1692 1620 Quomo-

949 1630 985 1659 do
997 1640 1071 1669 ergo,
1085 1630 1184 1668 inquit,
1199 1630 1263 1658 feret
1276 1629 1480 1668 paupertatem?
1493 1629 1564 1658 unde
1576 1629 1694 1659 inveniet

949 1677 1100 1706 solatium?
1116 1675 1208 1715 Eligat
1222 1686 1282 1713 quae
1294 1681 1355 1703 sunt
1373 1685 1399 1703 se
1415 1675 1595 1714 pauperiores,
1609 1687 1692 1716 repu-

951 1731 989 1753 tet
1004 1730 1069 1762 quot
1083 1733 1177 1752 rursus
1192 1722 1288 1762 puellm
1304 1722 1407 1750 nobiles
1419 1729 1444 1750 et
1458 1722 1542 1751 nobili
1559 1723 1615 1752 loco
1626 1731 1695 1752 natae

951 1780 1003 1798 non
1021 1770 1109 1798 solum
1123 1780 1138 1797 a
1153 1768 1256 1796 maritis
1279 1767 1348 1796 nihil
1363 1775 1532 1807 acceperunt,
1555 1769 1602 1798 sed
1615 1769 1696 1798 ctiam

952 1815 989 1844 eis
1003 1814 1146 1851 dederunt,
1170 1821 1195 1842 et
1215 1825 1262 1842 sua
1276 1813 1367 1842 omnia
1381 1822 1583 1843 consumserunt
1596 1827 1603 1851 ;
1620 1816 1696 1853 cogi-

952 1866 988 1888 tet
1001 1870 1061 1898 qum
1076 1869 1110 1887 ex
1123 1858 1166 1887 his
1180 1857 1286 1887 divitiis
1302 1865 1448 1886 nascuntur
1462 1858 1591 1897 pericula,
1604 1866 1627 1887 et
1641 1869 1697 1887 am-

952 1907 1083 1946 plectetur
1097 1907 1182 1935 vitam
1205 1916 1264 1943 quae
1279 1905 1362 1933 nullis
1380 1905 1499 1943 agitatur
1519 1905 1640 1943 negotiis.
1666 1907 1697 1934 In

953 1963 1069 1986 summa,
1085 1951 1107 1979 si
1129 1951 1163 1980 sit
1177 1951 1205 1979 in
1220 1950 1346 1978 maritum
1362 1950 1491 1979 benevola
1510 1958 1535 1979 et
1548 1951 1616 1979 bene
1629 1951 1698 1979 affc-

954 2006 1005 2033 cta,
1019 1997 1089 2026 nihil
1104 1997 1175 2025 dicet
1189 1995 1332 2035 ejusmodi,
1353 1995 1399 2024 sed
1415 1995 1495 2024 malet
1518 2007 1579 2024 enm
1601 1997 1699 2026 habere

955 2054 1038 2084 prope
1050 2054 1078 2072 se
1093 2043 1161 2071 nihil
1176 2042 1367 2080 acquirentem,
1381 2053 1462 2079 quam
1473 2042 1560 2071 decies
1574 2043 1648 2071 mille
1660 2050 1700 2072 ta-

933 2112 937 2119 ,
956 2091 1027 2118 lenta
1042 2099 1103 2117 enin
1128 2089 1199 2116 curis
1219 2094 1244 2116 ct
1260 2087 1499 2125 sollicitudiuilms,
1523 2099 1582 2126 qua:
1597 2099 1702 2128 semper

957 2136 1054 2165 adsunt
1071 2135 1230 2163 mulieribus
1246 2145 1279 2162 ex
1296 2135 1566 2173 peregrinationibus.
1588 2136 1641 2165 Sed
1655 2147 1702 2165 ne-

957 2193 1009 2220 que
1022 2182 1136 2210 maritus
1154 2181 1212 2209 liaec
1225 2180 1347 2215 audiens,
1362 2188 1391 2209 ut
1405 2181 1451 2219 qui
1474 2182 1555 2210 hahet
1567 2183 1702 2222 principa-

961 2235 1027 2264 tum,
1044 2233 1213 2255 convertatur
1237 2225 1271 2254 ad
1295 2227 1470 2255 contumelias
1490 2234 1515 2256 et
1537 2228 1642 2266 plagas,
1658 2228 1703 2257 sed

961 2273 1092 2307 hortetur,
1115 2272 1268 2307 admoneat,
1290 2278 1427 2309 tamquam
1444 2273 1634 2312 imperfectiori
1656 2285 1703 2303 ra-

962 2318 1082 2347 tionibus
1098 2317 1266 2356 persuadeat,
1278 2327 1372 2345 manus
1385 2317 1411 2345 in
1426 2328 1484 2346 cam
1498 2329 1550 2347 non
1563 2319 1704 2348 extendat:

962 2364 1055 2403 procul
1071 2363 1128 2392 liare
1140 2374 1154 2391 a
1169 2363 1253 2391 libera
1275 2362 1382 2400 anima5
1399 2363 1445 2392 sed
1468 2375 1516 2393 nec
1533 2366 1707 2395 contumelias

963 2420 1010 2438 nce
1025 2410 1122 2448 probra
1138 2419 1185 2437 nec
1199 2408 1341 2437 maledicta
1358 2409 1472 2448 ingerat,
1486 2410 1532 2439 sed
1550 2418 1578 2440 ut
1593 2423 1652 2450 quae
1673 2413 1707 2440 sit

982 2514 992 2524 ³
1010 2505 1080 2530 Unus
1093 2511 1136 2530 τῶν
1149 2506 1254 2530 τοιούτων
1267 2507 1422 2538 primumn.
1435 2507 1564 2531 Bzsszue'm.
