1893 2860
259 132 306 178 98
599 141 627 163 s.

655 141 794 163 JOANMS
819 140 998 167 cuuYSOST.

296 204 323 231 4.
340 203 402 231 Ilaec
417 209 505 230 aulem
523 201 611 228 omnia
630 201 665 228 ab
688 211 718 228 eo
732 201 804 228 dicta
820 207 881 228 suut
895 200 998 228 exhor-

1028 140 1168 164 :tucnffit‘
1175 156 1182 164 .
1211 142 1272 165 CON
1278 142 1336 164 STA
1343 142 1462 164 NTtNor
1469 156 1476 163 .

1093 203 1185 230 Ταῦτα
1199 202 1230 237 δὴ
1252 204 1338 232 πάντα
1355 207 1418 242 πρὸς
1433 201 1670 241 ταπεινοφροσύνην
1686 201 1755 239 aare}
1776 200 1815 228 εἷ-

130 258 248 278 11-ιηιῐιὶι1ε
262 249 342 277 tantia
358 248 390 276 ad
404 247 591 275 humilitatem.
604 245 678 281 Quid
694 245 765 273 0111111
780 268 787 280 ‚
803 245 904 283 inquit,
919 246 941 273 si
955 245 999 272 hic
1018 253 1035 276 c.
1054 259 1140 286 ρηται.
1152 248 1188 277 Τί
1203 248 1268 287 γὰρ,
1282 249 1369 287 φησὶν,
1381 249 1403 276 εἰ
1416 249 1494 277 πλέον
1507 248 1637 285 λαμὸάνει
1660 249 1673 275 ὁ
1693 247 1776 281 δεῖνα;
1787 246 1817 274 τὸ

107 290 133 309 ²³¹
144 291 248 329 ¹¹¹¹⁴¹5¹7¹⁰³¹
261 302 306 323 aut
324 295 367 322 1110
384 294 444 332 plus
465 292 585 331 accipit?
601 291 725 319 eumdem
736 291 837 330 aceepit
854 291 996 330 spiritum,

109 327 208 347 tuq-nn>

109 351 209 371 Esclmae

109 390 203 403 uecessax
209 384 235 402 iz.

261 340 350 378 quiex
365 339 456 367 codem
470 338 555 376 capite
569 337 718 373 emittitur,
735 338 780 375 qui
796 337 919 365 similiter
933 347 998 375 ope-

261 393 349 419 ratur,
375 384 420 422 qui
435 384 559 411 similiter
576 383 677 421 tangit,
691 385 747 421 Qui
760 385 954 422 compingitur
972 388 1000 410 et

260 433 463 470 conjungitur,
478 430 529 458 1100
542 436 594 464 est,
609 430 686 468 cujus
701 440 795 467 magna
811 440 872 457 cura
888 429 998 467 geritur.

260 478 317 505 Non
340 477 411 505 0111111
425 475 674 514 quomodocumque
687 498 694 512 ‚
711 475 757 504 sed
771 475 919 504 admodum
931 475 999 504 arti—

261 523 351 551 ficiose
363 533 459 562 corpus
471 523 551 550 situm
566 522 600 550 sit
612 529 713 561 oportet
726 534 731 549 :
745 533 805 550 113111
820 523 841 550 51
852 532 865 550 0
879 522 936 550 1000
952 532 999 550 ex-

260 569 382 602 cesserit,
399 579 449 597 non
461 569 578 608 amplius
593 569 674 597 situm
691 576 739 597 est.
752 569 841 603 Quare
853 579 904 597 non
921 578 999 608 opor-

260 621 296 642 tet
308 614 394 642 solum
405 621 433 642 ut
446 614 479 642 sit
490 614 581 642 unitus
595 614 717 653 corpori,
730 614 776 643 sed
787 614 867 642 etiam
879 621 907 642 ut
920 624 999 642 suum

260 659 348 688 locum
364 666 449 688 teneat
463 670 469 686 τ
483 658 556 697 quod
571 659 593 687 si
605 660 818 699 exsuperaveris,
834 670 885 688 11011
898 670 924 688 05
940 659 999 687 uni·-

260 712 303 733 tus
313 728 320 741 ,
334 716 418 744 neque
428 705 554 744 spiritum
568 705 692 745 suscipis.
714 708 808 734 Annon
824 706 898 735 vides
910 706 937 734 in
952 716 998 734 os-

260 750 330 779 sium
346 750 598 790 transpositionibus
612 773 618 786 ,
633 761 691 789 quie
705 751 794 789 aliquo
816 761 876 779 casu
896 751 1000 779 contin-

262 804 329 835 gunt
343 819 349 832 ,
366 796 474 835 quando
488 796 584 825 0510οο
599 807 647 825 5110
663 798 816 826 transmisso
827 798 910 826 alium
922 805 1000 834 tenet,

261 843 396 881 quomodo
417 850 504 871 totum
519 853 615 882 corpus
640 843 732 881 laedit,
752 850 777 872 et
799 854 868 883 szepe
889 851 1001 872 mortem

261 889 340 917 affert
353 911 360 923 ‚
379 895 403 916 et
419 899 488 927 saepe
500 888 580 916 etiam
594 888 627 917 de
642 895 734 917 caetero
757 889 895 918 inventum
906 897 945 918 est
959 890 1002 918 in-

261 935 376 973 dignum
387 933 460 972 quod
477 934 643 962 retineatur?
656 934 732 963 multi
744 934 814 963 0111111
826 946 895 974 sa‘pe
909 946 939 964 00
950 946 1001 964 ex—

262 980 316 1008 ciso
327 1002 336 1014 ,
352 979 442 1008 locum
456 980 575 1008 fecerunt
586 990 710 1009 vacuum.
723 981 833 1019 Semper
855 981 926 1010 enim
946 992 1002 1010 ma-

262 1025 319 1054 lum
333 1032 373 1054 est
387 1025 415 1053 id
426 1047 434 1061 ,
453 1024 525 1062 quod
540 1025 681 1055 redundat.
696 1026 732 1054 Et
747 1027 774 1054 in
789 1027 924 1055 elementis
937 1038 1003 1066 quo-

262 1081 315 1108 que
330 1070 437 1109 quando
452 1081 498 1098 5113
514 1070 605 1098 relicta
620 1071 775 1110 symmetria
787 1072 849 1110 plus
863 1083 944 1110 quam
957 1072 1004 1101 de-

263 1124 303 1145 cet
317 1116 513 1145 abundaverfnt
523 1139 530 1153 ,
541 1117 709 1145 universitati
722 1118 866 1157 perniciem
875 1119 1001 1147 asserunt.

263 1163 321 1192 Hoc
347 1171 385 1192 est
409 1174 464 1192 esse
489 1170 658 1202 compactum
683 1171 708 1192 et
733 1175 891 1193 connexum.
915 1167 1006 1202 Quare

265 1209 475 1247 unumquodque
489 1209 516 1237 in
529 1220 576 1237 suo
589 1209 647 1238 1000
658 1220 777 1244 manere,
792 1221 840 1238 nee
853 1211 879 1239 in
891 1211 1005 1240 alterum

266 1254 393 1283 excedere
406 1265 457 1283 non
473 1255 670 1284 convenientem
684 1279 691 1291 ,
711 1263 841 1293 quantum
854 1257 888 1285 sit
909 1257 1004 1296 cogita.

266 1303 309 1331 Tu
322 1302 441 1331 membra
457 1303 612 1342 componis;
627 1303 672 1331 ille
693 1303 807 1342 desuper
821 1304 1006 1333 subministrat

265 1359 296 1377 ac
310 1348 475 1387 suppeditat.
491 1350 528 1377 [t
541 1349 613 1377 enim
628 1349 654 1377 in
669 1359 778 1387 corpore
798 1357 859 1378 sunt
873 1351 1006 1389 ejusmodi

265 1395 442 1424 instrumenta
464 1402 525 1434 apta
545 1394 580 1423 ad
595 1395 812 1434 suscipiendum,
828 1397 864 1425 1ι3
883 1398 963 1426 etiam
979 1399 1006 1427 in

266 1440 362 1479 spiritu
375 1463 381 1475 ,
395 1451 456 1468 eum
476 1441 511 1469 sit
526 1440 641 1480 desuper
661 1441 785 1470 universa
801 1442 880 1471 radix
893 1455 899 1470 :
921 1450 948 1472 ut
962 1454 1006 1473 cor

269 1493 307 1514 est
322 1485 402 1514 radix
415 1486 526 1525 spiritus
537 1509 544 1522 ‚
556 1487 633 1525 jecur
646 1487 784 1525 sanguinis
793 1510 801 1524 ,
820 1488 872 1517 11011
885 1488 949 1518 111115
959 1512 966 1526 ,
982 1497 1007 1519 et

268 1533 320 1561 alia
332 1533 459 1561 alterius:
475 1533 532 1561 11ωο
547 1540 636 1561 autem
657 1533 745 1562 omnia
759 1534 857 1563 habent
873 1546 980 1564 causam
993 1547 1007 1565 3

267 1578 376 1607 cerebro
390 1590 395 1605 ε
411 1578 450 1607 510
464 1579 538 1606 Deus
551 1589 656 1616 quoque
676 1579 738 1607 fecit
749 1601 757 1615 ,
772 1579 907 1608 hominem
929 1581 1009 1610 valde

268 1624 401 1653 honorans
412 1646 419 1660 ‚
434 1631 459 1652 et
469 1624 560 1652 nolens
573 1624 608 1652 ab
618 1634 648 1652 00
661 1624 752 1652 abesse
762 1647 769 1661 ‚
781 1632 810 1653 ut
824 1626 870 1663 qui
881 1626 938 1665 ipse
948 1628 1009 1666 qui-

269 1669 331 1698 dem
347 1680 453 1698 causam
468 1680 483 1697 a
497 1680 524 1698 se
547 1669 662 1709 pendere
686 1670 820 1706 voluerit,
841 1672 894 1700 sibi
919 1680 1009 1702 autem

274 1715 409 1755 adjutores
423 1715 609 1753 constituerit3
625 1722 650 1743 et
666 1715 744 1744 illum
759 1716 868 1753 quidem
884 1717 918 1746 ad
936 1718 987 1747 1100
998 1742 1006 1755 ,

270 1761 342 1790 1111110
352 1772 416 1790 vero
435 1760 469 1789 ad
483 1761 552 1789 illud
566 1761 692 1800 posuerit.
707 1761 833 1801 Exempli
849 1773 926 1792 causa
944 1776 1011 1804 apo-

271 1805 354 1834 stolus
370 1812 408 1834 est
423 1816 469 1834 vas
485 1805 606 1834 omnium
631 1806 750 1844 corporis
770 1807 935 1846 praecipuum
949 1831 957 1845 ,
976 1809 1010 1837 ab

271 1852 329 1890 ipso
344 1851 432 1880 omnia
455 1851 598 1890 accipiens,
615 1851 798 1886 Quamobrem
813 1858 949 1890 tamquam
964 1865 1011 1893 per

271 1907 352 1926 venas
362 1904 387 1925 et
400 1897 509 1925 arterias
522 1919 529 1931 ‚
544 1896 620 1925 verbi
636 1897 745 1934 inquam
757 1920 764 1933 ,
778 1897 841 1926 facit
863 1898 899 1927 ad
921 1910 1011 1928 omnes

272 1954 378 1972 currere
390 1943 475 1971 vitam
486 1949 621 1970 aeternam.
635 1943 768 1981 Propheta
777 1943 899 1982 praedicit
909 1945 1011 1982 futura,

272 1990 365 2028 etipse
377 1987 469 2017 eadem
483 1987 608 2016 adstruit.
627 1988 661 2016 Et
678 1988 723 2016 1110
737 1988 844 2026 quidem
860 2000 916 2018 0553
938 2001 1012 2019 00111-

273 2037 366 2076 poni13
382 2037 438 2076 ipse
452 2035 489 2064 eis
506 2036 590 2064 vitam
612 2035 767 2075 suppeditat
789 2037 843 2064 Ad
859 2039 1012 2077 perfectio-

275 2094 339 2111 nem
367 2089 549 2118 sanctorum,
573 2082 614 2110 ad
639 2092 708 2120 opus
731 2084 893 2111 ministerii.
911 2084 1013 2112 Caritas

275 2130 391 2158 adificat
401 2137 425 2158 et
440 2129 521 2158 efficit
534 2136 562 2157 ut
575 2129 644 2157 inter
655 2140 682 2157 se
696 2130 930 2168 conglutinentur,
941 2141 1012 2160 00111-

276 2177 422 2215 pingantur
437 2183 461 2204 et
476 2176 683 2214 conjungantur.
701 2176 730 2205 Si
747 2176 870 2205 volumus
886 2187 948 2215 ergo
961 2177 1014 2205 [rui

277 2222 372 2260 spiritu
385 2222 431 2259 qui
444 2220 566 2260 procedit
577 2232 592 2249 a
604 2221 699 2260 eapite,
709 2222 776 2250 atter
786 2222 862 2250 alteri
874 2222 1015 2252 adhaerea-

278 2276 347 2293 mus.
365 2266 434 2293 Nam
456 2265 517 2294 duae
532 2272 593 2294 sunt
608 2265 753 2294 divisiones
771 2276 784 2293 a
806 2276 916 2305 corpore
931 2267 1015 2296 eccle-

279 2310 385 2339 siastico
397 2322 404 2346 ;
430 2321 482 2338 una
508 2310 616 2348 quidem
627 2333 635 2347 ‚
659 2311 767 2349 quando
791 2311 973 2341 resrixerimus
989 2313 1016 2342 in

280 2356 404 2393 caritat05
423 2356 536 2384 secunda
549 2363 636 2384 autem
651 2368 701 2395 qua
716 2357 773 2385 ausi
788 2357 917 2386 fuerimus
932 2369 961 2387 ea
975 2359 1016 2387 sa-

282 2413 339 2431 rcre
351 2425 358 2437 ‚
372 2412 430 2440 quae
444 2408 504 2429 sunt
516 2401 626 2440 indigna
644 2409 674 2431 ut
689 2403 771 2431 simus
784 2403 811 2432 111
825 2403 871 2433 1110
886 2415 997 2444 corpore
1009 2417 1015 2433 :

317 2513 328 2531 ὓ
347 2509 525 2543 {eluminat-g
541 2509 630 2540 Savil.j

1023 1129 1041 1152 E

1053 294 1115 322 αὐτὸ
1128 297 1232 331 πνεῦμα
1252 293 1355 330 ἔλαδεν,
1370 295 1422 323 ἀπὸ
1435 295 1482 328 τῆς
1496 295 1576 328 αὐτῆς
1590 294 1704 331 κεφαλῆς
1718 293 1816 329 ἐκπεμ-

1052 341 1176 378 πόμενον,
1190 340 1285 378 ὁμοίως
1296 342 1423 378 ἐνεργοῦν,
1438 339 1533 377 ὁμοίιος
1545 339 1700 376 ἁπτόμενον,
1715 338 1818 376 Συναρ-

1053 386 1244 424 μολογούμενον
1259 385 1303 413 καὶ
1321 385 1555 422 συμῧιὸαζόμενον,
1570 384 1705 419 τουτέστι,
1719 384 1818 417 πολλ’-ῆς

1053 433 1184 460 ἀπολαῦον
1199 434 1245 466 τῆς
1259 430 1419 468 ἐπιμελείας.
1434 433 1474 459 Οὐ
1487 430 1538 469 γὰρ
1553 432 1656 465 ἁπλῶς,
1670 429 1737 458 ἀλλὰ
1752 428 1818 467 σφό-

1053 478 1102 516 δρα
1114 479 1241 516 τεχνικῶς
1256 478 1293 505 δεῖ
1307 479 1409 505 κεῖσθαι
1423 476 1453 504 τὸ
1465 479 1555 513 σῶμα,
1565 478 1613 510 ὡς,
1626 475 1670 505 ἐὰν
1681 476 1724 504 τὸν
1738 474 1817 503 τόπον

1052 523 1133 561 ἐκὸῇ,
1148 523 1234 551 οὐκέτι
1253 527 1347 551 κεῖται.
1360 521 1447 550 ‘'Qu-te
1469 523 1518 560 οὔχ
1530 523 1646 556 ἡνῶσθαι
1661 523 1698 560 τῷ
1712 520 1817 558 σώματι

1053 571 1090 599 δεῖ
1106 570 1194 607 μόνον,
1212 568 1279 597 ἀλλὰ
1303 568 1348 596 καὶ
1364 568 1408 596 τὸν
1434 569 1526 596 οἰκεῖον
1549 566 1628 595 τόπον
1652 567 1766 605 ἐπέχειν,
1781 568 1817 598 ὡς

1051 615 1095 644 ἐὰν
1106 615 1238 654 ὓπερὸῇς,
1250 616 1299 653 οὐχ
1312 614 1413 649 ἥνωσαι
1423 636 1430 647 ,
1448 613 1505 642 οὐδὲ
1524 612 1587 651 δέχῃ
1603 612 1634 640 τὸ
1653 615 1765 649 πνεῦμα.
1778 610 1817 640 Ἢ

1052 663 1099 701 οὐχ
1114 664 1176 700 ὁρᾷς
1198 663 1223 689 ἐν
1245 665 1301 692 ταῖς
1323 661 1374 688 τῶν
1398 661 1480 688 ὀστῶν
1499 658 1653 697 μεταθέσεσι
1675 661 1732 690 ταῖς
1749 658 1820 686 κατά

1050 719 1109 736 τινα
1119 707 1272 746 περίστασιν
1293 704 1496 743 συμὲαινούσαις
1505 727 1512 740 ,
1524 705 1585 733 ὅταν
1598 703 1642 732 τὸν
1661 704 1754 732 οἰκεῖον
1773 704 1818 733 τό·

1051 765 1100 783 πον
1114 752 1239 792 ὑπερὸὰν,
1251 752 1294 780 τὸν
1314 751 1402 790 ἑτέρου
1416 750 1516 789 κατέχῃ
1526 772 1532 784 ,
1547 752 1603 782 πῶς
1616 751 1654 788 τῷ
1670 749 1749 778 παντὶ
1764 749 1818 778 σώ-

1054 812 1119 838 ματι
1132 798 1302 837 λυμαίνεται,
1325 798 1370 826 καὶ
1394 797 1502 826 θάνατον
1517 797 1644 829 πολλάκις
1666 795 1820 835 εἰργάσατο,

1053 845 1147 875 ἔστιδὲ
1161 845 1226 874 ὅπου
1244 845 1289 873 καὶ
1304 844 1407 877 ἀνάξιον
1423 843 1514 882 εὑρέθη
1529 843 1620 872 λοιπὸν
1641 845 1686 871 τοῦ
1705 842 1818 882 κατέχε·

1054 895 1129 927 σθαι,
1143 890 1235 920 πολλοὶ
1251 889 1302 929 γὰρ
1317 889 1445 921 πολλάκις
1466 889 1528 917 αὐτὸ
1542 888 1714 928 ἐκκόψαντες,
1729 888 1821 916 διάκε-

1260 935 1414 970 ιἐ’-ποίησαν.
1430 936 1573 973 Πανταχοῧ
1584 935 1635 973 γὰρ
1649 937 1666 969 ἠ
1685 934 1822 967 πλεονεξία

1054 983 1143 1011 κακόν,
1159 982 1212 1011 Καὶ
1226 981 1270 1009 ἐπὶ
1284 982 1335 1009 τῶν
1351 980 1486 1019 στοιχείων
1507 979 1550 1015 δὲ,
1571 979 1633 1009 ὅταν
1654 979 1702 1014 τὴν
1724 979 1823 1008 οἷκείαν

1053 950 1095 966 νον
1108 938 1152 966 τὸν
1166 937 1244 965 τόπον

1056 1028 1154 1066 ἀφέντα
1176 1026 1338 1065 συμμετρίαν
1358 1025 1507 1063 πλεονάσῃ,
1529 1026 1560 1054 τὸ
1581 1029 1633 1054 πᾶν
1655 1024 1820 1063 λυμαίνεται.

1055 1075 1080 1102 Τ
1082 1073 1142 1102 οῧτό
1153 1075 1208 1101 ἐστι
1221 1073 1251 1101 τὸ
1266 1071 1550 1110 συναρμολογούμενον,
1569 1070 1614 1100 καὶ
1628 1070 1824 1110 συμὸιόαζόμε-

1056 1130 1108 1147 νον.
1120 1118 1204 1148 “Ώστε
1217 1118 1326 1147 ἕκαστον
1343 1117 1387 1146 ἐπὶ
1398 1119 1445 1152 τῆς
1457 1117 1553 1149 οἰκείας
1565 1116 1651 1155 μένειν
1665 1116 1768 1156 χώρας,
1778 1117 1824 1146 καὶ

1059 1165 1095 1202 μὴ
1116 1167 1163 1199 τῆς
1177 1164 1267 1203 ἑτέρας
1282 1163 1327 1192 καὶ
1347 1163 1428 1201 μηδὲν
1444 1164 1514 1201 αὐτῷ
1526 1162 1709 1201 προσηκούσης
1720 1162 1824 1192 {meat-

1057 1223 1120 1247 νειν,
1133 1210 1254 1246 ἐννόησον
1269 1209 1328 1238 ὅσον
1349 1209 1414 1238 ἐστί.
1428 1208 1465 1238 Σὺ
1479 1208 1513 1237 τὰ
1529 1209 1596 1246 με’λη
1609 1212 1749 1243 συν-τιθεῖς,
1759 1210 1825 1237 ε’κεῖν

1057 1269 1099 1289 νος
1115 1256 1211 1284 ἄνωθεν
1227 1258 1392 1295 ἐπιχορηγεῖ.
1405 1255 1532 1293 Καθάπερ
1543 1254 1593 1295 γὰρ
1608 1255 1651 1284 ἐπὶ
1667 1258 1712 1284 τοῦ
1728 1254 1825 1293 σώμα-

1058 1303 1100 1335 τός
1115 1304 1184 1331 ἐστιν
1210 1303 1308 1341 ὄργανα
1328 1304 1436 1330 τοιαῦτα
1455 1301 1577 1337 δεκτικὰ,
1600 1301 1681 1334 οὕτως
1701 1302 1756 1330 ἐστὶ
1780 1301 1827 1330 καὶ

1058 1348 1102 1376 ἐπὶ
1116 1350 1160 1376 τοῦ
1173 1347 1335 1385 πνεύματος,
1349 1349 1396 1381 τῆς
1416 1347 1487 1386 ῥίζης
1499 1347 1596 1375 ἄνωθεν
1619 1346 1698 1382 οὔσης
1719 1347 1808 1382 πάσης
1817 1358 1824 1365 ·

1059 1390 1110 1422 οἷον
1125 1396 1141 1429 ἡ
1157 1393 1251 1432 καρδία
1261 1415 1268 1428 ,
1283 1396 1327 1422 τοῦ
1349 1392 1513 1431 πνεύματος·
1528 1393 1559 1422 τὸ
1572 1388 1662 1432 ἧπαρ,
1678 1396 1723 1422 τοῦ
1742 1393 1825 1431 αἵμα-

1059 1451 1114 1472 τος·
1130 1443 1143 1469 ὁ
1157 1440 1253 1475 σπλὴν,
1267 1441 1313 1474 τῆς
1327 1439 1424 1477 χολῆς,
1441 1439 1485 1467 καὶ
1501 1439 1568 1467 ἄλλα
1583 1439 1676 1467 ἄλλου·
1693 1439 1780 1468 πάντα
1798 1439 1826 1468 δὲ

1060 1488 1144 1513 ταῦτα
1157 1485 1209 1513 ἀπὸ
1223 1488 1267 1513 τοῦ
1280 1484 1424 1523 ἐγκεφάλου
1441 1484 1488 1519 τὴν
1511 1484 1597 1512 αἰτίαν
1612 1483 1681 1523 ἔχει·
1694 1484 1762 1513 οὕτω
1781 1484 1827 1513 καὶ

1061 1533 1074 1560 ὃ
1089 1531 1156 1563 Θεὸς
1168 1530 1289 1565 ἐποίησε,
1304 1530 1347 1558 τὸν
1360 1530 1496 1568 ἄνθρωπον
1515 1529 1614 1569 σφόδρα
1633 1532 1728 1568 τιμῶν,
1743 1530 1787 1559 καὶ
1798 1531 1828 1560 οὔ

1063 1577 1220 1615 βουλόμενος
1248 1579 1324 1605 αὐτοῦ
1352 1576 1470 1615 ἀπέχειν,
1491 1576 1538 1611 τὴν
1565 1576 1612 1614 μὲν
1642 1576 1728 1605 αἰτίαν
1753 1577 1830 1609 αὐτὸς

1062 1622 1275 1661 ἀναρτησάμενος
1283 1645 1290 1658 ,
1306 1622 1442 1662 συνεργοὺς
1454 1621 1480 1650 δὲ
1492 1623 1578 1661 ἑαυτῷ
1589 1622 1758 1657 καταστήσας
1767 1634 1773 1640 ·
1785 1622 1832 1652 καὶ

1061 1668 1104 1697 τὸν
1121 1668 1167 1707 μὲν
1179 1668 1270 1703 ἔθηκεν
1282 1670 1318 1700 εἷς
1328 1671 1403 1697 τοῦτο
1411 1691 1418 1704 ,
1433 1668 1476 1697 τὸν
1495 1667 1522 1696 δὲ
1540 1669 1575 1701 εἷς
1587 1668 1679 1697 ἐκεῖνο.
1688 1664 1752 1697 Οἷον
1762 1669 1829 1698 ἀπό-

1063 1715 1152 1747 στολος
1164 1716 1266 1753 ἀγγεῖον
1281 1717 1325 1742 τοῦ
1338 1712 1458 1751 σώματός
1473 1715 1528 1742 ἐστι
1547 1713 1576 1742 τὸ
1596 1712 1775 1754 καιριώτερον,
1789 1715 1831 1743 δε-

1062 1760 1173 1800 χόμενος
1187 1762 1250 1798 παρ’
1265 1761 1343 1788 αὐτοῦ
1354 1759 1388 1787 τὰ
1403 1759 1500 1787 πάντα.
1510 1757 1597 1788 “ssa-:s
1611 1758 1701 1798 ὥσπερ
1713 1759 1755 1788 διὰ
1768 1761 1831 1799 φλε-

1064 1806 1116 1835 ὃῶν
1130 1806 1174 1834 καὶ
1188 1807 1329 1844 ἀρτηριῶν,
1351 1807 1395 1833 τοῧ
1417 1804 1494 1843 λόγου
1507 1805 1576 1843 λέγω
1585 1827 1594 1839 ,
1609 1806 1645 1837 εἷς
1659 1805 1761 1838 πάντας
1774 1806 1832 1834 δια·

1063 1855 1166 1894 τρέχειν
1188 1858 1257 1882 ποιεῖ
1278 1853 1326 1888 τὴν
1348 1853 1417 1887 ζωὴν
1437 1853 1485 1887 τὴν
1508 1852 1620 1882 αἰώνιον.
1638 1853 1672 1882 ‘O
1695 1854 1833 1894 προφήτης

1064 1903 1187 1941 προλέγει
1198 1902 1230 1930 τὰ
1242 1902 1383 1940 μέλλοντα,
1398 1901 1443 1929 καὶ
1458 1901 1533 1933 αὐτὸς
1543 1900 1576 1928 τὰ
1590 1901 1657 1930 αὐτὰ
1668 1902 1832 1931 κατασκευά-

1066 1955 1112 1986 ζει.
1128 1953 1180 1982 Καὶ
1191 1954 1287 1985 ἐκεῖνος
1305 1952 1351 1990 μὲν
1365 1951 1501 1986 συντίθησι
1512 1951 1545 1980 τὰ
1559 1953 1639 1986 ὀστᾶ,
1653 1952 1729 1984 αὐτὸς
1746 1951 1773 1980 δὲ
1785 1953 1832 1980 αὖ·

1066 2009 1119 2036 τοῖς
1128 2003 1196 2038 ζωὴν
1210 2007 1334 2042 χορηγεῖ,
1349 2002 1420 2041 Πρὸς
1435 2002 1613 2041 καταρτισμὸν
1628 2005 1680 2031 τῶν
1695 2002 1785 2041 ἁγίων,
1797 2003 1835 2035 εἷς

1067 2053 1141 2091 ἔργον
1156 2052 1299 2084 διακονίας.
1314 2051 1346 2080 Ἠ
1364 2051 1454 2090 ἀγάπη
1475 2053 1655 2090 ἀνοικοδομεῖ,
1667 2052 1713 2081 καὶ
1726 2052 1756 2080 τὸ
1773 2063 1835 2090 συγ-

1067 2105 1211 2133 κολλᾶσθαι
1224 2102 1347 2137 ἀλλήλοις
1366 2102 1412 2130 καὶ
1433 2102 1636 2140 συμπήγνυσθαι
1658 2102 1704 2130 καὶ
1725 2102 1837 2140 ἁρμόζε-

1069 2158 1146 2189 σθαι,
1160 2156 1236 2182 τοῦτο
1252 2157 1330 2181 ποιεῖ.
1344 2153 1376 2181 Εἰ
1390 2152 1474 2180 τοίνυν
1498 2151 1643 2190 βουλόμεθα
1657 2155 1702 2180 τοῦ
1715 2152 1837 2190 πνεύμα-

1069 2216 1111 2237 τος
1127 2203 1268 2232 ἀπολαύειν
1284 2206 1328 2231 τοῦ
1348 2202 1400 2231 ἀπὸ
1420 2204 1467 2236 τῆς
1485 2203 1617 2240 κεφαλῆς,
1633 2201 1755 2236 ἀλλήλων
1771 2202 1839 2241 ἐχώ-

1071 2257 1147 2293 μεθα.
1161 2253 1214 2282 Δύο
1229 2253 1280 2291 γάρ
1296 2254 1346 2281 εἰσι
1361 2252 1501 2291 διαιρέσεις
1514 2251 1566 2280 ἀπὸ
1586 2255 1631 2281 τοῦ
1652 2251 1774 2290 σώματος
1794 2255 1840 2281 τοῦ

1071 2305 1290 2339 ἐκκλησιαστικοῦ
1301 2314 1306 2319 ·
1323 2302 1372 2339 μία
1386 2302 1444 2339 μὲν,
1458 2302 1518 2330 ὅταν
1531 2300 1653 2340 Ιξμύξωμεν
1664 2302 1712 2337 τὴν
1725 2302 1840 2340 ἀγάπην,

1072 2355 1178 2392 δευτέρα
1190 2353 1230 2389 δὲ,
1246 2353 1306 2381 ὅταν
1322 2352 1414 2385 ἀνάξια
1426 2354 1471 2380 τοῦ
1484 2354 1566 2380 τελεῖν
1582 2354 1617 2384 εἷς
1629 2354 1711 2381 ἐκεῖνο
1722 2352 1751 2380 τὸ
1763 2353 1841 2390 σῶμα

1072 2404 1247 2442 τολμήσωμεν
1260 2414 1265 2420 ·
1282 2402 1414 2441 ἑκατέρως
1434 2401 1485 2440 γὰρ
1509 2402 1654 2441 χωρίζομεν
1674 2401 1778 2434 ἑαυτοὺς
1797 2404 1842 2430 τοῦ
