1893 2860
74 459 172 480 ’1.Γον.
189 466 222 480 10,

89 497 122 510 10.

79 2205 158 2225 Contra

80 2244 214 2257 ΠΙΙΙΓΠΓ-Ιῐ-ΙῙΓ

80 2275 118 2288 ivs.

79 2310 130 2330 Jnla
141 2317 189 2339 ²·9·

239 158 306 206 298
570 168 594 189 s.
618 166 756 190 somn-{s
782 164 959 189 cnnvsosr.

235 231 414 259 unionibus?
427 235 517 257 utrum
538 228 637 256 bonum
654 234 690 255 cst
702 249 711 264 ,
727 237 760 255 an
776 226 910 254 mininie?
932 226 971 254 Ne

237 277 262 304 iu
278 275 486 314 disputationem
498 295 504 304 ,
521 272 608 310 inquit
618 295 625 307 ,
637 283 692 300 rem
706 271 857 307 adducatis,
867 269 971 299 etiamsi

235 321 311 350 labor
323 343 329 355 ,
347 319 448 348 cti-nusi
465 318 584 346 molestia
598 318 631 345 sit
646 317 718 355 quod
733 317 899 356 proponitur.
913 316 972 344 Non

235 367 324 400 dixit,
357 366 391 393 [ι
409 375 439 392 ne
456 363 621 402 puniamini5
646 363 689 391 isti
713 363 784 391 enim
810 362 848 390 rei
871 361 974 400 suppli—

236 412 306 439 cium
322 417 359 438 est
373 410 539 449 propositum
553 421 558 436 z
575 408 646 446 quod
662 409 687 436 in
697 408 818 448 Epistola
833 407 868 436 ad
881 407 973 435 Corin—

237 458 306 486 thios
318 457 464 490 iudicarim
477 454 523 483 sed
533 455 576 483 hic
588 455 658 483 nihil
672 453 803 494 ejusmodi
818 453 906 491 dixit;
919 452 974 489 sed,

240 506 277 532 l't
288 506 351 532 sitis
362 525 369 539 ,
386 502 484 539 inquit,
499 503 562 529 sine
572 501 691 540 querela
704 507 731 529 ez
742 500 886 538 sitnplices
896 522 903 535 ‚
915 499 975 536 filii
991 507 1008 529 C

235 551 292 578 Dei
316 552 378 578 siue
401 549 643 587 reprehensione,
672 549 702 575 in
728 547 821 574 medio
847 546 974 573 nationis

234 607 333 634 prat-te
359 602 385 623 et
405 604 567 633 perversae,
589 596 666 622 inter
681 603 752 631 quos
776 592 878 620 lucetis
901 593 975 620 sicut

234 644 395 671 luminaria
406 643 436 669 in
453 641 570 676 mundo,
581 641 701 668 verbum
714 641 783 667 ‘vita’
794 639 974 667 continentes

235 691 275 719 ad
288 691 412 729 gloriam
436 698 530 716 meam
551 689 581 715 in
595 688 671 715 diem
691 687 811 715 Christi.
826 685 911 713 Vides
924 684 974 713 lios

234 747 248 764 a
265 736 347 764 Paulo
362 734 467 763 institui
482 744 515 761 ne
528 732 757 761 obmurmurcnt?
774 731 821 760 Est
834 731 904 759 enim
918 730 973 758 ini-

233 782 279 820 qui
294 793 324 810 ac
334 780 435 820 stupidi
449 780 518 808 servi
535 780 752 808 obmurmurare.
769 777 869 816 Ecquis
881 777 969 812 enim,

232 828 276 856 dic
291 827 356 856 mihi
371 849 380 863 ,
394 826 468 854 filius
482 832 520 853 cst
530 847 537 861 ,
551 825 597 863 qui
626 825 652 854 in
667 824 744 852 bonis
758 823 874 863 paternis
894 822 972 851 labo—

233 884 308 908 rans,
322 884 353 901 ac
369 872 420 900 sibi
436 872 487 910 ipsi
504 870 628 899 laborans
639 892 648 907 ,
666 869 875 898 obmurmuret?
891 868 971 906 Cogi-

234 926 259 947 ta
271 941 280 955 ,
297 919 382 956 inquit
393 940 402 952 ‚
419 925 444 945 te
457 916 506 944 tibi
524 916 575 955 ipsi
598 916 720 944 laborare
735 938 742 951 ,
758 915 808 943 tibi
825 915 875 953 ipsi
891 914 970 942 colli-

233 975 302 1003 gere.
317 964 431 992 Illorum
454 972 518 990 vero
542 962 684 1001 proprium
710 968 748 990 est
769 961 972 989 obmurmurare

232 1008 278 1046 qui
294 1007 354 1035 aliis
369 1007 510 1042 laborant,
537 1005 596 1033 aliis
609 1004 725 1033 sudant:
743 1005 790 1042 qui
812 1011 901 1033 autem
921 1004 972 1032 sibi

233 1053 289 1092 ipse
310 1051 433 1090 colligit,
449 1061 497 1079 cur
513 1050 723 1079 obmurmurat?
739 1049 811 1088 quod
826 1049 912 1088 ipsius
927 1049 970 1078 di-

232 1098 304 1126 vitize
327 1108 379 1126 non
401 1095 552 1125 crescunt?
577 1095 692 1124 Minime
717 1094 746 1123 id
769 1094 887 1133 quidem.
917 1095 974 1132 Qui

232 1151 325 1184 sponte
339 1143 412 1172 nulla
429 1142 553 1181 imposita
577 1141 732 1170 necessitate
746 1141 809 1170 facit
820 1164 829 1179 7
853 1152 900 1170 cur
924 1142 973 1170 ob-

233 1190 406 1220 murmurat?
422 1189 512 1219 Satius
527 1195 566 1217 est
581 1188 651 1216 nihil
671 1198 767 1227 agere,
791 1199 873 1226 quam
894 1199 971 1217 mur-

234 1235 365 1265 murando
386 1245 464 1274 agere
483 1245 488 1260 :
506 1244 569 1262 nam
591 1240 617 1262 et
630 1233 682 1262 hoc
704 1233 810 1273 ipsum,
832 1233 905 1272 quod
921 1234 972 1271 fit,

232 1281 310 1321 perit.
328 1283 422 1309 Annon
436 1279 512 1308 vides
537 1279 565 1307 in
580 1279 701 1318 ipsismet
723 1278 849 1308 domibus
873 1279 970 1308 nostris

233 1328 289 1356 haee
301 1327 376 1356 nobis
389 1336 492 1365 semper
509 1325 537 1353 in
557 1335 602 1353 ore
625 1335 697 1353 esse:
714 1325 805 1354 Satius
817 1333 856 1354 est
876 1326 970 1355 isthaec

233 1373 344 1402 minime
354 1372 422 1408 fieri,
435 1381 514 1409 quam
523 1370 752 1399 obmurmurando
767 1371 825 1399 fieri
835 1371 848 1399 ἶ)
860 1382 891 1400 ac
902 1381 972 1411 saepe

233 1419 371 1447 malumus
387 1417 535 1446 ministerio
546 1439 553 1453 ,
571 1416 644 1454 quod
659 1416 735 1444 nohis
750 1416 908 1454 exhibetur,
923 1427 971 1445 ca-

234 1474 310 1502 rere,
334 1473 415 1502 quam
437 1468 650 1490 murmurantem
671 1461 748 1490 serre.
773 1459 873 1491 Gr'avis
901 1462 972 1491 enim

234 1518 292 1544 res,
307 1507 397 1547 gravis
419 1513 457 1535 est
482 1505 674 1541 murmuratio,
695 1516 726 1534 ac
744 1516 827 1545 prope
849 1506 884 1534 ad
909 1506 971 1534 bla—

234 1552 384 1592 sphemiam
409 1551 532 1580 accedit:
554 1550 656 1589 alioqui
679 1561 726 1579 cur
750 1557 854 1579 tantum
866 1550 900 1580 de
915 1551 972 1580 illis

232 1599 359 1640 supplicii
379 1605 499 1628 sumtum
519 1597 754 1627 fuisset?Viti11m
778 1597 850 1626 istud
872 1598 971 1637 ingrati

232 1645 315 1674 animi
340 1651 386 1674 est.
415 1644 470 1679 Qui
494 1650 665 1679 murmurat,
694 1643 815 1682 ingratus
842 1650 881 1672 est
908 1654 971 1683 erga

233 1693 320 1720 Deum
342 1704 349 1719 :
379 1690 426 1728 qui
454 1700 519 1718 vero
549 1700 611 1728 erga
637 1690 724 1718 Deum
751 1689 872 1728 ingratus
907 1697 946 1718 est
961 1713 970 1728 ,

234 1737 350 1776 profecto
385 1735 558 1774 blasphemus
586 1735 667 1763 etiam
697 1742 745 1763 est.
783 1737 822 1762 Ac
852 1745 914 1764 sane
940 1746 971 1765 eo

232 1783 351 1811 maxime
371 1788 490 1820 tempore
512 1781 674 1809 continentes
695 1780 852 1809 tentationes
877 1788 971 1817 erant,

231 1835 256 1856 et
281 1827 427 1866 frequentia
449 1826 591 1866 pericula;
609 1825 684 1854 nulla
708 1825 824 1854 dabatur
848 1826 970 1864 requies,

232 1874 306 1902 nulla
329 1872 438 1902 cessatio
451 1884 459 1909 ;
485 1871 603 1909 undique
631 1871 837 1899 innumerabilia
856 1871 970 1910 ingrue-

230 1920 295 1948 bant
314 1919 384 1948 mala
401 1930 406 1947 :
430 1929 500 1947 nunc
515 1928 579 1947 vero
597 1928 702 1946 summa
724 1928 779 1957 pax
795 1928 825 1946 ac
839 1919 970 1957 tranquil-

230 1967 300 1996 litas.

269 2015 297 2042 5.
323 2014 376 2042 Cur
393 2012 477 2052 igitur
499 2022 651 2040 murmuras
666 2011 679 2039 Ξ)
694 2011 766 2050 quod
786 2022 889 2052 pauper
907 2014 968 2044 est?

231 2060 285 2089 Job
309 2059 387 2088 illum
410 2059 507 2097 cogita.
531 2058 629 2087 Morbo
648 2058 774 2086 laboras?
789 2058 863 2093 Quid
885 2060 970 2098 igitur

231 2106 344 2141 faceres,
360 2105 382 2133 si
397 2111 532 2133 tantorum
546 2103 595 2132 tibi
607 2103 739 2132 bonorum
756 2114 788 2132 ac
802 2111 908 2134 sanctus
922 2105 969 2135 ille

232 2158 311 2180 rector
319 2161 416 2188 umque
439 2150 571 2178 factorum
586 2149 718 2187 conscius,
735 2149 761 2177 in
783 2150 908 2179 morbum
926 2152 968 2181 in·
984 2161 1002 2183 E

233 2197 365 2226 cidisses?
378 2197 480 2224 Rursus
496 2195 573 2223 illum
588 2195 674 2233 cogita
684 2218 692 2231 ,
705 2194 777 2233 quod
792 2206 840 2235 per
857 2196 969 2236 longum

232 2249 337 2281 tempus
352 2241 491 2270 vermibus
511 2247 566 2269 erat
582 2240 710 2280 repletus,
727 2240 754 2269 in
766 2248 880 2271 stercore
894 2243 968 2272 sede-

232 2288 287 2324 hat,
296 2288 410 2316 scabiem
424 2287 549 2315 continuo
565 2286 687 2314 fricabat.
701 2287 906 2316 postmultum
917 2300 968 2318 ve-

233 2345 265 2362 ro
279 2333 583 2371 tempus,inquit‚dirit
597 2333 638 2360 ad
649 2343 714 2360 eum
721 2333 842 2362 mulier.-
857 2334 967 2372 Quous-

233 2391 290 2418 que
297 2381 493 2418 perseverabis
512 2379 619 2415 dicens,
626 2378 736 2407 Adhuc
746 2380 870 2418 paulum
882 2383 966 2420 quiti-

233 2427 302 2455 dam
323 2426 457 2463 temporis
473 2427 625 2462 exspecto?
637 2425 684 2453 dic
706 2427 830 2455 verbum
844 2427 968 2467 aliquod

265 2520 279 2535 ’θ
297 2519 372 2550 [Leg.
387 2524 465 2543 πωῶ-ι.
480 2517 606 2550 Dua-eus]

985 165 1001 187 Α
1008 165 1125 189 Rctimp
1132 181 1139 188 .
1168 166 1422 190 CONSTAN'HNOP
1429 181 1435 189 ·

1025 228 1108 265 ἑαυτῷ
1123 228 1207 255 πονῶν
1228 227 1360 266 γογγύζει;
1380 227 1530 264 Ἐννόησον,
1543 227 1630 266 φησὶν,
1647 226 1686 256 ὅτι
1703 228 1790 265 σαυτῷ

1024 276 1128 307 πονεῖς,
1146 272 1186 301 ὅτι
1204 275 1292 311 σαυτῷ
1309 273 1438 311 συνάγεις.
1454 273 1579 302 Ἔκείνων
1596 273 1659 301 ἴδιον
1682 272 1712 301 τὸ
1724 284 1789 310 γογ-

1024 317 1108 355 γύζειν
1120 318 1199 352 ἐστὶν,
1214 317 1276 345 ὅταν
1291 318 1386 356 ἑτέροις
1405 321 1528 355 πονῶσιν,
1545 318 1606 347 ὅταν
1627 318 1723 357 ἑτέροις
1738 317 1791 345 κά-

1026 375 1134 400 μνωσιν.
1148 363 1182 391 ‘O
1197 363 1223 392 δὲ
1233 365 1318 402 ἑαυτῷ
1332 364 1474 402 συλλέγων,
1484 364 1550 397 τίνος
1562 364 1646 392 ἕνεκεν
1659 363 1791 401 γογγύζει;

1025 408 1065 437 ὅτι
1077 411 1090 437 ὁ
1105 410 1215 441 πλοῦτος
1230 410 1307 438 αὐτοῦ
1318 410 1364 437 οὐκ
1374 409 1492 446 αὔξεται;
1503 409 1571 438 Ἀλλ’
1583 411 1630 438 οὐκ
1640 409 1694 438 ἔστι
1705 413 1791 437 τοῦτο.

1026 453 1060 482 ‘O
1077 455 1160 483 ἑκοντὶ
1171 455 1216 483 καὶ
1233 454 1270 492 μὴ
1285 456 1342 483 κατ’
1360 455 1475 493 ἀνάγκην
1496 456 1610 490 ’‘a-roffi»,
1624 455 1692 487 τίνος
1706 455 1790 483 ἕνεκεν

1025 499 1158 538 γογγύζει;
1177 500 1283 528 Βέλτιον
1299 500 1380 537 μηδὲν
1394 500 1569 539 ἐργάσασθαι,
1584 500 1600 535 ἢ
1614 499 1680 538 μετὰ
1695 512 1792 539 γογγυ-

1026 549 1093 583 σμοῦ
1106 557 1111 562 ·
1128 545 1273 574 ἀπόλλυται
1288 545 1339 585 γὰρ
1361 546 1405 574 καὶ
1420 545 1482 574 αὐτὸ
1493 545 1523 574 τὸ
1540 546 1683 585 γινόμενον.
1694 544 1732 574 'fl
1743 546 1792 584 οὐχ

1025 593 1101 630 ὁρᾷς,
1117 593 1157 620 ὅτι
1171 591 1216 620 καὶ
1239 593 1265 620 ἐν
1289 596 1347 624 ταῖς
1362 591 1456 624 οἰκίαις
1479 596 1536 625 ταῖς
1556 592 1697 630 ἡμετέραις
1710 594 1792 620 ταῦτα

1024 637 1134 675 λέγομεν
1149 638 1188 666 ἀεὶ
1197 659 1204 671 ,
1221 638 1321 675 βέλτιον
1334 640 1418 666 ταῦτα
1432 637 1469 675 μὴ
1481 638 1608 676 γίνεσθαι,
1619 637 1636 671 ἢ
1653 636 1720 674 μετὰ
1733 648 1793 674 γογ-

1024 686 1140 721 γυσμοῧ;
1161 683 1206 712 καὶ
1228 684 1356 716 πολλάκις
1372 683 1494 722 εἱλόμεθα
1514 687 1561 719 τῆς
1582 682 1712 715 διακονίας
1727 684 1793 711 ἀπο-

1024 731 1180 768 στερηθῆναι
1188 730 1234 763 τῆς
1248 729 1391 769 ἡμετέρας,
1406 729 1422 763 ἢ
1438 730 1606 768 γογγύζοντος
1622 727 1793 768 ἀνασχέσθαι.

1022 775 1111 803 Δεινὸν
1131 774 1196 813 γὰρ,
1218 776 1298 804 δεινὸν
1311 778 1325 803 ὁ
1343 775 1502 814 γογγυσμός·
1527 774 1602 813 ἐγγὺς
1622 773 1792 813 βλασφημίας

1021 820 1090 849 ἐστίν
1099 833 1104 838 ·
1113 821 1169 849 ἐπεὶ
1180 821 1247 853 τίνος
1256 820 1341 849 ἕνεκεν
1352 820 1480 855 τοσαύτην
1490 821 1582 849 ἐκεῖνοι
1593 821 1693 850 ἔδωκαν
1703 820 1791 861 ὃίκην;

1022 866 1175 906 Ἀχαριστία
1189 867 1218 895 τὸ
1236 867 1348 905 πρᾶγμά
1363 867 1442 895 ἐστιν.
1453 865 1487 895 ‘O
1505 866 1636 904 γογγύζων
1652 868 1791 906 ἀχαριστεὶ

1022 914 1059 950 τῷ
1075 913 1136 950 Θεῷ
1149 924 1154 929 ·
1167 914 1181 940 ὁ
1193 911 1219 941 δὲ
1234 914 1384 951 ἀχαριστῶν
1403 913 1441 950 τῷ
1453 914 1514 950 Θεῷ
1523 935 1531 947 ,
1554 912 1605 950 ἄρα
1626 913 1790 951 βλάσφημος.

1024 957 1147 986 Μάλιστα
1161 957 1208 994 μὲν
1222 958 1273 996 γὰρ
1287 958 1346 986 τότε
1366 957 1508 996 πειρασμοὶ
1527 961 1642 996 συνεχεῖς
1653 953 1791 992 {cannati

1023 1003 1168 1037 ἐπάλληλοι
1183 1002 1307 1037 κίνδυνοι,
1319 1002 1427 1040 οὐδεμία
1441 1002 1597 1036 ἀνάπαυσις,
1609 1001 1716 1040 οὐδεμία
1731 1001 1790 1030 ἄνε-

1024 1059 1074 1082 σις,
1097 1046 1177 1087 μυρία
1201 1047 1327 1076 πάντοθεν
1347 1047 1450 1087 ἐπέρρει
1473 1047 1545 1076 δεινοί
1558 1059 1564 1065 ·
1579 1050 1624 1076 νῦν
1646 1047 1675 1076 δὲ
1699 1049 1789 1088 εἰρήνη

1025 1095 1130 1131 βαθεῖα,
1143 1096 1186 1122 νῦν
1197 1093 1334 1133 εὐμάρεια.

1062 2015 1140 2049 Τίνος
1151 2012 1194 2045 οὖν
1209 2016 1295 2045 ἕνεκεν
1309 2016 1458 2056 γογγύζεις;
1473 2015 1601 2057 ὅτιπένῃς
1623 2019 1692 2048 Ἀλλ’
1708 2019 1788 2049 ἐννόει

1021 2062 1065 2091 τὸν
1080 2062 1151 2092 Ἰώδ.
1162 2062 1231 2091 Ἀλλ’
1240 2062 1279 2091 ὅτι
1289 2065 1418 2099 νοσεὶς;Τ
1421 2063 1428 2091 ί
1439 2059 1491 2099 οὖν,
1502 2065 1525 2092 εἰ
1538 2067 1653 2093 τοσαῦτα
1665 2065 1789 2098 συνειδὼς

1022 2108 1107 2146 ἀγαθὰ
1118 2111 1207 2147 σαυτῷ
1220 2108 1264 2137 καὶ
1279 2109 1488 2148 κατορθώματα,
1501 2109 1550 2139 ὅσα
1562 2112 1576 2139 ὁ
1589 2110 1662 2148 ἅγιος
1672 2112 1786 2145 ἐκεῖνος,

1020 2155 1182 2191 “evomi-,cufi
1202 2155 1302 2184 Ἐννόει
1331 2155 1409 2184 πάλιν
1433 2156 1540 2189 ἐκεῖνον,
1560 2155 1600 2184 ὅτι
1626 2157 1722 2189 ἐκεῖνος
1743 2157 1787 2186 ἐπὶ

1020 2201 1101 2231 πολὺν
1121 2201 1215 2240 χρόνον
1234 2200 1375 2237 σκώληκας
1392 2201 1488 2240 βρύων,
1503 2201 1548 2230 καὶ
1565 2201 1608 2231 ἐπὶ
1619 2203 1666 2237 τῆς
1677 2202 1788 2243 κοπρίας

1020 2248 1182 2286 καθήμενος,
1202 2247 1247 2276 καὶ
1272 2247 1315 2275 τὸν
1345 2248 1430 2285 ἰχῶρα
1459 2247 1522 2280 ξέων
1548 2247 1671 2276 διετέλει·
1686 2248 1788 2287 Χρόνου

1020 2293 1080 2332 γὰρ,
1097 2292 1174 2332 φησὶ,
1195 2293 1292 2321 πολλοῦ
1316 2292 1522 2331 παρῳχηκότος,
1547 2289 1604 2321 εἶπε
1625 2293 1690 2332 πρὸς
1709 2293 1787 2322 αὐτὸν

1019 2341 1035 2374 ἠ
1047 2339 1124 2377 γυνή·
1135 2338 1214 2377 μέχρι
1221 2337 1288 2370 τίνος
1298 2338 1469 2377 καρτερήσεις
1482 2338 1576 2377 λέγων,
1589 2339 1711 2378 ἀναμένω
1723 2339 1788 2378 χρό·

1018 2396 1061 2413 νον
1073 2384 1110 2413 ἔτι
1130 2383 1236 2423 μικρόν;
1254 2383 1326 2412 εἶπόν
1342 2395 1368 2412 τι
1389 2385 1462 2422 ῥῆμα
1476 2384 1540 2423 πρὸς
1559 2384 1666 2425 Κύριον,
1681 2384 1727 2414 καὶ
1740 2395 1786 2413 τε-

1018 2430 1105 2459 λεύτα.
1120 2429 1198 2459 Ἀλλὰ
1216 2433 1277 2462 παῖς
1299 2440 1344 2458 σου
1368 2429 1497 2466 ἇπέθανε;
1513 2430 1550 2459 Τί
1571 2425 1625 2468 οὖν,
1641 2431 1664 2460 εἰ
1686 2429 1787 2462 πάντας

1066 2531 1075 2542 ²
1094 2523 1181 2555 [Fon.
1195 2527 1298 2553 ἐνόσησας
1310 2524 1357 2555 iim]
