1893 2860
77 511 161 530 Gnatia<
170 518 217 533 age-

77 550 98 561 n·
110 542 196 567 qnamln

78 577 184 600 ,Ὶιωίι-Δι,

54 2203 165 2230 [gamma

54 2237 161 2262 supersti-

51 2270 116 2286 [tusa.

236 155 253 193 „²4
260 153 304 197 ,¹46
573 168 601 189 S.

239 225 421 265 quodjustuin
439 234 492 255 cst:
508 234 534 255 tu
549 228 626 256 illum
637 236 736 267 patere,
754 237 778 258 ct
792 230 835 259 ille
846 237 871 259 tc
883 243 888 258 :
902 232 973 269 quod

82 281 135 300 και.
148 278 168 300 6.
185 286 204 300 2.
236 272 343 309 quidem
356 273 420 300 dicit
436 273 461 300 in
475 272 595 312 Epistola
609 274 643 302 ad
655 275 784 304 Galatas:
796 277 885 305 Alter
899 278 972 306 alle-

80 331 121 350 (η
142 330 163 351 3,
185 329 219 351 ,5,
234 320 293 346 rius
307 329 395 346 onera
408 325 532 355 portate.
546 320 586 347 Et
594 323 682 359 grati,
692 321 789 359 inquit,
799 329 898 352 estote.
911 324 971 351 Ma-

235 363 305 391 ximo
315 364 384 391 enim
398 364 497 402 ubique
511 364 561 394 hoc
575 366 804 406 quaerit‚11tquod
818 368 851 397 sit
867 379 970 398 summa

231 408 370 436 bonorum.

272 460 299 487 5.
313 459 422 487 Gratias
443 470 506 498 crgo
517 471 627 499 agninus
645 462 671 490 in
689 463 814 492 omnibus
834 464 969 503 quidquid

230 505 347 532 evenerit
363 517 368 531 :
387 505 437 533 hoc
451 505 520 533 ouini
535 513 573 534 est
595 507 743 545 gratiarum
765 509 844 537 actio.
858 511 926 538 Nam
940 511 966 539 in

230 551 308 580 rebus
323 552 444 580 secundis
459 553 508 581 hoc
522 564 600 592 agere
610 576 617 589 ‚
630 565 681 583 non
696 562 734 584 est
747 566 873 595 magnum
886 569 893 593 ;
909 558 965 597 ipsa

227 597 298 625 enim
313 608 402 626 rerum
418 605 511 627 natura
531 610 577 627 nos
592 599 626 627 ad
647 600 697 629 hoc
719 601 832 641 impellit
844 604 965 640 :quando

225 651 313 673 antem
329 656 389 673 cuin
404 645 438 674 ad
453 653 571 675 extrema
587 654 696 676 ventum
721 655 770 685 est,
787 649 886 687 gratias
902 651 964 689 agi—

225 700 295 727 mus,
312 698 375 719 tunc
395 698 433 719 est
450 691 648 721 admirandum.
663 694 778 728 Quando
803 696 873 723 enim
896 707 962 735 pro-

223 742 282 774 pter
296 747 324 764 ea
341 747 398 774 qum
411 737 456 764 alii
470 737 616 766 maledictis
630 738 794 767 insectantur
809 747 833 768 et
846 751 914 779 aegrc
927 742 962 770 fe-

223 791 295 821 runt,
311 784 408 822 gratias
421 785 534 822 agimus,
548 785 611 814 vide
620 793 718 823 quanta
729 787 763 815 sit
778 787 958 827 philosophia.

223 830 313 858 Primo
336 831 422 858 Deum
440 831 592 867 exhilaras;
608 832 724 861 secundo
744 833 882 862 diabolum
906 846 960 874 pu—

220 872 285 901 dore
299 874 400 909 afficis3
419 874 494 902 tertio
509 881 533 902 et
546 874 618 912 quod
632 875 731 904 factum
755 883 793 904 cst
817 877 884 905 nihil
907 889 962 907 csse

220 919 483 956 pronuntias:siuml
507 920 577 947 enim
601 927 627 948 tu
644 921 742 957 gratias
756 922 825 959 agis,
841 929 866 950 et
889 924 961 953 Deus

219 963 338 992 dolorem
347 971 477 1003 amputat,
490 971 514 992 et
525 964 623 993 recedit
633 965 766 995 diabolus.
776 968 845 995 Nam
857 967 877 995 si
890 979 960 1007 aegre

219 1008 311 1036 tuleris
324 1031 331 1043 ,
346 1009 378 1044 is,
391 1015 419 1036 ut
433 1008 480 1046 qui
496 1009 569 1046 quod
590 1010 696 1038 volebat
717 1011 844 1046 effecerit,
865 1012 956 1051 adest;

217 1060 242 1081 et
262 1054 343 1087 Deus,
361 1060 389 1081 ut
402 1053 446 1091 qui
462 1053 495 1081 sit
512 1054 679 1093 blasphemia
695 1062 720 1084 et
735 1056 878 1086 maledicto
893 1059 957 1088 asfe-

216 1106 289 1135 ctus,
306 1099 443 1137 relinquit,
463 1106 489 1128 et
514 1100 616 1128 malum
631 1101 745 1130 intendit
762 1108 787 1130 ct
801 1110 881 1141 auget
896 1115 901 1131 ε
914 1105 955 1133 sin

215 1153 304 1174 autem
318 1146 416 1185 gratias
427 1146 523 1184 egeris,
539 1154 568 1175 ut
582 1147 628 1185 qui
645 1147 712 1176 nihil
728 1149 851 1187 proficiat
863 1173 871 1187 ,
886 1162 957 1180 rece-

214 1191 270 1228 dit3
284 1199 308 1220 et
323 1194 411 1227 Deus,
423 1199 452 1220 ut
465 1192 512 1229 qni
526 1192 558 1220 sit
576 1193 676 1221 honore
689 1194 817 1231 affectus,
828 1195 956 1226 honorem

215 1238 300 1276 magis
312 1238 444 1277 rependit.
454 1238 509 1266 Nec
525 1238 584 1267 fieri
597 1246 683 1278 potest
698 1246 727 1268 ut
742 1240 822 1269 homo
833 1242 879 1280 qui
892 1254 957 1282 pro-

214 1290 273 1322 pter
287 1283 356 1311 mala
371 1284 426 1322 agit
438 1283 548 1322 gratiaS,
558 1284 628 1312 mala
638 1285 741 1313 sentiat.
754 1286 874 1315 Laetatur
885 1289 956 1318 enim

213 1329 313 1365 anima,
330 1337 359 1358 ut
374 1341 432 1368 quae
447 1337 517 1358 recte
528 1341 555 1358 se
564 1332 751 1368 geratzstatim
763 1332 823 1361 laeta
837 1341 875 1362 est
893 1346 954 1364 con-

214 1375 332 1411 scientia,
345 1382 370 1403 et
385 1375 440 1404 suis
455 1375 533 1413 gestit
555 1382 580 1404 et
601 1376 717 1405 exsultat
742 1377 869 1408 laudibus
882 1392 955 1419 :quae

213 1429 276 1447 vero
288 1418 349 1446 laeta
366 1425 413 1452 est,
429 1429 480 1446 non
503 1426 588 1458 potest
602 1430 656 1447 esse
677 1421 770 1449 tristis.
790 1422 850 1450 Illic
864 1431 953 1453 autem

213 1474 273 1492 cum
284 1463 432 1492 calamitate
446 1471 521 1502 urget
533 1464 613 1492 etiam
627 1464 764 1503 flagellans
778 1468 951 1506 conscientia;

213 1511 257 1539 hic
272 1517 379 1539 coronat
392 1517 417 1539 et
431 1517 569 1549 tamquam
584 1512 718 1550 praeconio
732 1514 888 1552 proclamat.
904 1516 953 1545 Ni-

213 1556 251 1584 hil
263 1564 301 1585 est
316 1556 408 1594 lingua
423 1556 468 1584 illa
483 1557 611 1593 sanctius,
621 1568 680 1595 quae
695 1558 722 1586 in
739 1559 815 1588 malis
830 1561 886 1589 Deo
897 1562 952 1601 agit

211 1602 310 1640 gratias
323 1615 328 1630 :
343 1613 435 1630 revera
447 1613 476 1630 ea
491 1602 558 1630 nihil
569 1602 649 1631 distat
658 1614 673 1631 a
685 1604 776 1642 lingua
788 1613 950 1646 martyrum:

211 1647 335 1676 similiter
349 1654 374 1675 et
389 1647 445 1686 ipsa
460 1654 485 1675 ct
498 1647 543 1675 ille
555 1655 704 1677 coronatur.
715 1650 783 1678 Nam
807 1662 864 1679 eam
884 1664 952 1690 quo—

211 1704 262 1730 que
278 1700 353 1731 urget
366 1693 454 1727 lictor,
470 1693 516 1731 qui
532 1693 602 1731 cogit
613 1695 699 1722 Deum
714 1705 808 1734 negare
825 1708 873 1736 per
890 1699 951 1727 bla—

211 1738 360 1777 sphemiam
372 1750 377 1765 ε
390 1738 468 1766 instat
480 1745 505 1766 et
516 1738 641 1767 diabolus
651 1741 842 1778 cogitationum
856 1754 952 1783 urgens

211 1783 388 1818 carnificinis,
416 1790 440 1811 et
469 1784 588 1811 tenebras
614 1784 755 1814 offundens
769 1787 858 1817 animo
872 1790 951 1827 aegri-

211 1828 360 1856 tudinibus.
376 1828 404 1857 Si
425 1828 485 1866 quis
499 1838 562 1866 ergo
576 1828 681 1858 dolores
694 1831 795 1869 tulerit,
812 1840 837 1861 et
851 1835 951 1872 gratias

210 1875 302 1911 egerit,
319 1884 442 1902 coronam
459 1874 555 1913 accipit
570 1875 692 1914 martyrii
706 1878 838 1916 :exempli
855 1880 950 1917 gratia,

209 1918 295 1947 infans
309 1924 430 1956 aegrotat,
447 1924 471 1946 ct
485 1919 542 1946 Deo
552 1918 608 1957 agit
619 1919 732 1957 gratia33
746 1920 797 1949 hoc
811 1922 889 1950 matri
902 1934 949 1952 co-

210 1975 273 1992 rona
288 1970 334 1992 est.
350 1964 410 1998 Quo
437 1970 567 1992 tormento
592 1974 643 1993 non
667 1972 705 1993 est
726 1965 842 1996 deterior
867 1969 950 1999 animi

210 2009 340 2048 aegritudo
348 2009 362 2037 Ρ
372 2009 417 2037 sed
426 2020 455 2038 ea
466 2020 517 2038 non
530 2010 601 2049 cogit
612 2011 722 2039 verbum
734 2013 861 2042 acerbum
871 2015 949 2044 emit-

210 2062 271 2084 tere.
282 2055 402 2084 Moritur
416 2067 421 2082 :
434 2066 527 2084 rursus
543 2056 598 2094 agit
613 2057 735 2094 gratias?
747 2059 827 2087 Facta
839 2067 877 2088 est
892 2061 949 2091 filia

210 2100 366 2129 Abrahami.
382 2101 451 2129 Nam
476 2100 525 2129 etsi
540 2101 648 2140 propria
669 2113 749 2131 manu
765 2114 817 2132 non
831 2106 948 2143 occidit,

209 2143 254 2171 sed
269 2150 355 2171 tamen
373 2143 461 2172 laetata
482 2150 520 2172 est
546 2152 655 2183 propter
678 2146 856 2185 sacrificium,
876 2150 946 2188 quod

210 2196 295 2226 parest
312 2201 317 2216 :
342 2199 393 2217 non
409 2190 559 2218 succensuit
578 2201 639 2218 cum
662 2191 763 2221 donum
783 2194 943 2224 auferretur.

210 2234 311 2262 Rursus
325 2234 466 2272 aegrotavit
480 2246 485 2261 :
497 2245 548 2263 non
559 2235 621 2263 fecit
635 2236 784 2274 ligamina?
795 2240 946 2279 Reputatur

207 2279 230 2307 ci
253 2279 431 2318 martyrium3
455 2287 541 2308 mente
563 2281 634 2309 enim
661 2283 824 2313 sacrificavit
843 2285 942 2314 filium.

208 2324 282 2359 Quid
307 2325 377 2352 enim
390 2347 397 2359 ,
421 2325 442 2352 si
468 2325 513 2353 illa
546 2326 614 2354 nihil
645 2335 776 2366 prosunt,
806 2329 853 2358 sed
884 2338 946 2360 sunt

208 2369 317 2398 l'allacize
341 2377 365 2398 ct
387 2370 505 2399 ludibria
521 2371 534 2398 ἶ)
555 2379 628 2400 erant
652 2380 739 2402 tamen
762 2375 808 2413 qui
832 2376 944 2406 suadent

238 2480 246 2489 ι
266 2471 408 2503 Legendum
424 2473 521 2498 videtur
533 2480 569 2501 aad
585 2480 641 2506 αὕτη
659 2483 755 2507 κάκείνη.
772 2479 847 2513 [Quae
860 2488 896 2506 cst
910 2482 954 2507 Sa-

203 2510 254 2535 vilii
266 2531 271 2541 ,
285 2510 327 2534 scd
340 2510 431 2535 inutilis
441 2531 446 2538 ,
461 2514 601 2545 conjectura
618 2516 624 2546 J

630 168 769 192 Joxxxls
795 170 975 194 CHRYSOST.
1006 173 1160 198 Ancuissi‘.
1191 178 1456 204 CONSTAM‘iNOt‘.

1027 235 1121 274 ἀνέχου
1138 236 1169 265 σὺ
1184 238 1292 275 ἐκείνου,
1304 242 1348 269 καὶ
1364 244 1459 276 ἐκεῖνός
1475 255 1520 273 σου
1535 256 1539 261 ·
1555 244 1618 284 ὅπερ
1636 246 1661 272 ἐν
1676 247 1707 282 τῇ
1724 245 1789 283 πρὸς

1028 280 1149 314 Γαλάτας
1169 283 1260 321 φησὶν,
1274 284 1406 321 Ἀλλήλων
1428 288 1460 317 τὰ
1481 289 1549 328 βοίρη
1570 290 1719 328 βαστάζετε.
1738 291 1789 319 Καὶ

1027 325 1189 365 εὐχάριστοι,
1212 330 1291 367 φησὶ,
1315 331 1423 368 γίνεσθε.
1438 335 1563 363 Μάλιστα
1585 335 1632 372 μὲν
1654 339 1789 374 πανταχοῦ

1025 373 1101 399 τοῦτο
1123 373 1212 407 ζητεῖ·
1234 374 1263 402 τὸ
1282 376 1421 414 κεφάλαιον
1445 381 1496 407 τῶν
1520 381 1623 418 ἀγαθῶν
1645 380 1695 419 γὰρ
1714 381 1790 409 τοῦτό

1022 425 1102 445 εστιν.

1065 464 1273 503 Εὐχαριστῶμεν
1287 466 1372 495 τοίνυν
1390 469 1415 495 ἐν
1429 473 1522 505 πᾶσιν,
1535 469 1599 511 ὅπερ
1619 471 1648 500 ἂν
1662 472 1769 511 γένηται
1781 486 1785 490 ·

1020 510 1096 537 τοῦτο
1112 509 1163 548 γὰρ
1183 511 1344 549 εὐχαριστία.
1357 512 1396 541 Τὸ
1413 512 1459 550 μὲν
1481 514 1531 553 γὰρ
1554 517 1578 544 ἐν
1604 518 1636 555 τῇ
1656 519 1784 557 εὐπραγίᾳ

1020 555 1096 581 τοῦτο
1110 559 1193 583 ποιεῖν
1203 579 1210 592 ‚
1230 558 1258 584 οὐ
1275 557 1356 595 μέγα·
1372 557 1437 593 αὐτὴ
1454 559 1504 598 γὰρ
1518 563 1568 589 τῶν
1589 563 1752 601 πραγμάτιον
1767 567 1783 598 ἡ

1021 598 1097 637 φύσις
1111 601 1154 629 ἐπὶ
1169 605 1243 630 τοῦτο
1258 603 1317 631 ὠθεῖ
1330 615 1335 620 ·
1351 602 1412 632 ὅταν
1428 604 1454 633 δὲ
1474 606 1499 633 ἐν
1514 611 1566 638 τοῖς
1579 608 1698 646 ἐσχάτοις
1713 609 1783 641 ὄντες

1019 645 1230 683 εὐχαριστῶμεν,
1242 647 1300 675 τότε
1322 647 1377 676 ἐστὶ
1393 649 1552 686 θαυμαστόν.
1563 649 1649 679 ϋΟταν
1669 652 1719 691 γὰρ
1741 655 1781 692 ἐφ’

1018 685 1054 721 οἷς
1070 690 1154 728 ἕτεροι
1176 693 1360 730 βλασφημοῦσι
1383 694 1428 722 καὶ
1445 696 1685 731 ἀποδυσπετοῦσιν,
1706 700 1781 736 ἡμεῖς

1017 736 1227 774 εὖχαριστῶμεν,
1248 737 1295 777 ὅρα
1317 739 1386 773 πόση
1401 742 1417 774 ἡ
1440 741 1588 779 φιλοσοφία,
1604 743 1723 781 Πρῶτον,
1738 744 1782 773 τὸν

1016 781 1084 809 (θεὸν
1098 781 1231 820 ηὔφρανας
1243 795 1248 800 ·
1262 784 1394 823 δεύτερον,
1409 785 1451 813 τὸν
1465 786 1585 815 διαῧολον
1599 787 1781 827 κατῄσχυνας·

1015 826 1118 863 τρίτον,
1134 828 1179 855 καὶ
1195 828 1225 856 τὸ
1239 828 1376 866 γενόμενον
1391 830 1463 858 οὐδὲν
1484 832 1619 871 ἀπέφηνας
1629 845 1634 850 ·
1647 836 1711 871 ὁμοῦ
1730 835 1780 873 γὰρ

1016 870 1046 899 σύ
1068 883 1095 899 τε
1114 873 1291 911 εὐχαριστεῖς,
1307 874 1351 902 καὶ
1366 877 1378 902 ὁ
1393 875 1460 907 Θεὸς
1471 876 1519 910 τὴν
1534 877 1625 912 ὀδύνην
1639 880 1780 917 ὑποτέμνε-

1015 928 1074 951 ται,
1087 917 1131 946 καὶ
1146 920 1159 945 ὁ
1174 918 1293 951 διάὸολος
1310 919 1460 957 ἀφίσταται.
1474 921 1520 949 Ἂν
1534 921 1580 959 μὲν
1594 923 1644 962 γὰρ
1663 926 1778 954 ἀποδυσ-

1014 962 1146 999 πετήσῃς,
1161 962 1206 990 ἅτε
1221 963 1316 995 ἀνύσας
1338 964 1402 1003 ὅπερ
1425 966 1515 1000 ἤθελεν
1525 988 1532 1001 ,
1553 968 1692 1005 ἐφέστηκε,
1708 969 1751 998 καὶ
1766 973 1781 999 ὁ

1013 1007 1081 1039 Θεὸς
1102 1007 1146 1035 ἅτε
1164 1009 1378 1047 βλασφημηθεὶς,
1398 1012 1638 1049 ἐγκαταλιμποίνει,
1656 1014 1700 1042 καὶ
1720 1017 1778 1044 ἐπι-

1012 1052 1123 1081 τείνεται
1136 1054 1166 1082 τὸ
1189 1054 1270 1082 δεινόν
1283 1066 1288 1071 ·
1305 1055 1348 1083 ἐὰν
1364 1055 1391 1084 δὲ
1406 1057 1611 1096 εὐχαριστήσῃς,
1629 1059 1675 1088 ἅτε
1697 1060 1778 1097 μηδὲν

1011 1099 1118 1137 ὠφελῶν
1128 1122 1135 1135 ,
1150 1099 1305 1138 ἀφίσταται,
1324 1101 1369 1128 καὶ
1384 1104 1396 1129 ὁ
1409 1102 1475 1134 Θεὸς
1497 1102 1542 1131 ἅτε
1561 1104 1695 1140 τιμηθεὶς,
1708 1108 1778 1135 ἀντι-

1010 1149 1076 1182 τιμᾷ
1099 1145 1240 1182 μειζόνως·
1271 1146 1316 1174 καὶ
1346 1147 1392 1175 οὐκ
1417 1147 1486 1175 ἔστιν
1513 1148 1648 1187 ἄνθρωπον
1671 1152 1775 1190 εὔχαρι-

1011 1193 1120 1219 στοῧντα
1133 1191 1176 1219 ἐπὶ
1188 1195 1241 1223 τοῖς
1252 1196 1341 1224 κακοῖς
1357 1192 1491 1221 αἰσθέσθαι
1502 1195 1554 1222 τῶν
1568 1196 1665 1223 κακῶν.
1681 1196 1776 1236 Χαίρει

1010 1236 1061 1274 γὰρ
1078 1238 1093 1270 ἡ
1109 1236 1180 1275 ψυχὴ
1197 1237 1242 1265 ἅτε
1255 1240 1432 1276 κατορθοῦσα,
1449 1239 1542 1272 εὐθέως
1557 1241 1664 1281 φαιδρὸν
1677 1241 1732 1280 ἔχει
1746 1243 1776 1272 τὸ

1011 1281 1134 1317 συνειδὸς,
1149 1282 1273 1319 γάννυται
1284 1287 1336 1315 τοῖς
1351 1283 1489 1321 ἐγκωμίοις
1499 1289 1552 1318 τοῖς
1565 1287 1659 1320 ἑαυτῆς
1668 1298 1674 1304 ·
1687 1287 1734 1322 τὴν
1749 1288 1776 1317 δὲ

1010 1327 1121 1366 φαιδρὰν
1136 1329 1182 1356 οὐκ
1197 1328 1234 1356 ἔνι
1248 1329 1405 1367 σκυθρωπὴν
1419 1325 1494 1358 εἶναι.
1508 1330 1582 1359 Ἐκεῖ
1601 1331 1627 1360 δὲ
1640 1332 1706 1369 μετὰ
1728 1336 1775 1369 τῆς

1010 1378 1144 1412 συμφορᾶς
1166 1374 1210 1402 καὶ
1231 1374 1260 1402 τὸ
1281 1374 1395 1407 συνειδὸς
1419 1375 1548 1404 ἐπίκειται
1570 1377 1694 1414 μαστίζον
1707 1391 1713 1396 ·
1730 1382 1773 1408 ἐν-

1008 1421 1090 1446 ταῦθα
1104 1418 1130 1447 δὲ
1143 1423 1264 1458 στεφανοῖ
1276 1420 1320 1447 καὶ
1335 1420 1519 1459 ἀνακηρύττει.
1533 1422 1617 1451 Οὐδὲν
1631 1425 1677 1458 τῆς
1689 1425 1774 1462 γλώτ-

1007 1476 1053 1499 της
1065 1464 1164 1498 ἐκείνης
1178 1464 1319 1504 ἁγιώτερον
1336 1468 1382 1500 τῆς
1395 1467 1421 1494 ἐν
1434 1471 1487 1499 τοῖς
1498 1472 1588 1500 κακοῖς
1604 1469 1772 1509 εὐχαριστού-

1007 1519 1054 1543 σης
1067 1511 1105 1547 τῷ
1116 1511 1177 1548 Θεῷ
1188 1521 1193 1526 ·
1206 1509 1285 1542 ὅντως
1298 1513 1345 1545 τ’ῆς
1359 1513 1410 1539 τῶν
1427 1511 1567 1552 μαρτύρων
1581 1514 1651 1542 οὐδὲν
1668 1516 1772 1545 ἀποδεῖ’

1006 1555 1101 1592 ὁμοίως
1120 1555 1186 1583 “καὶ
1206 1556 1286 1591 αὕτη,
1308 1559 1426 1589 κάκεῖνος
1448 1561 1629 1596 στεφανοῦται.
1649 1561 1701 1589 Καὶ
1721 1562 1773 1601 γὰρ

1006 1600 1050 1629 καὶ
1069 1600 1152 1639 ταύτῃ
1174 1602 1300 1640 ἐφέστηκε
1321 1602 1413 1640 δήμιος
1436 1604 1589 1640 ἀναγκάζων
1609 1606 1770 1645 ἀρνήσασθαι

1006 1646 1049 1674 τὸν
1066 1646 1133 1674 Θεὸν
1149 1646 1191 1675 διὰ
1206 1650 1252 1682 τῆς
1272 1648 1449 1686 βλασφημίας,
1466 1649 1608 1687 ἐφέστηκεν
1623 1653 1636 1680 ὁ
1651 1652 1772 1686 διάὸολος

1007 1691 1109 1728 δημίοις
1123 1693 1257 1730 λογισμοῖς
1270 1693 1448 1728 καταξαίνων,
1462 1695 1583 1732 ἀθυμίαις
1598 1700 1707 1726 σκοτῶν.
1725 1698 1770 1728 Ἂν

1005 1737 1089 1765 τοίνυν
1106 1738 1197 1777 ἐνέγκῃ
1217 1738 1263 1770 τὰς
1278 1739 1422 1776 ἀλγηδόνας
1437 1751 1491 1775 τις,
1508 1741 1552 1769 καὶ
1573 1743 1770 1783 εὐχαριστῆσῃ,

1007 1782 1150 1821 μαρτυρίου
1171 1783 1296 1822 στέφανον
1309 1784 1412 1822 ἔλαχεν.
1426 1780 1502 1820 Οἶον,
1518 1785 1548 1813 τὸ
1562 1788 1665 1816 παιδίον
1683 1794 1769 1826 νοσεῖ,

1005 1828 1048 1856 καὶ
1064 1830 1213 1867 εὐχαριστεῖ
1226 1831 1263 1867 τῷ
1278 1830 1339 1868 Θεῷ
1351 1841 1355 1845 ·
1371 1833 1446 1858 τοῦτο
1460 1831 1525 1869 αὐτῇ
1545 1832 1678 1870 στέφανος.
1690 1834 1702 1849 ¹³
1713 1836 1770 1863 Πό-

1005 1884 1052 1906 σης
1068 1874 1181 1911 βασάνου
1195 1875 1223 1902 οὗ
1236 1874 1331 1913 χείρων
1354 1876 1370 1908 ἡ
1386 1875 1500 1913 ἀθυμία;
1516 1877 1574 1905 ἀλλ’
1591 1879 1638 1906 οὐκ
1654 1880 1768 1918 ἀναγκά-

1004 1919 1042 1950 ζει
1053 1920 1125 1957 ῥῆμα
1139 1919 1258 1947 ἐκὸαλεῖν
1270 1919 1372 1957 πικρόν.
1385 1920 1555 1955 Ἀποθνήσκει
1566 1934 1571 1939 ·
1584 1923 1663 1952 πάλιν
1677 1925 1767 1963 ⁷152<oe-

1006 1962 1129 2000 ρίστησε;
1145 1964 1239 2001 Γέγονε
1256 1964 1371 2003 Θυγάτηρ
1389 1968 1434 1993 τοῦ
1448 1964 1576 2004 Ἀδραάμ.
1599 1969 1633 1996 Εἰ
1655 1969 1705 2008 γὰρ
1730 1970 1766 2008 μὴ

1003 2010 1035 2045 τῇ
1050 2008 1102 2047 ἰδίᾳ
1117 2008 1211 2047 ἔσφαξε
1225 2009 1309 2048 χειρὶ,
1330 2010 1387 2038 ἀλλ’
1403 2011 1446 2039 ἐπὶ
1466 2013 1498 2050 τῇ
1519 2012 1594 2051 θυσίᾳ
1606 2014 1687 2049 ἥσθη,
1703 2015 1767 2054 ὅπερ

1004 2053 1058 2081 ἴσον
1082 2053 1169 2082 ἐστίν·
1187 2055 1215 2082 οὐ
1238 2054 1289 2092 γὰρ
1313 2055 1483 2093 ἠγανάκτησε
1503 2057 1704 2097 λαμβανομένου
1723 2066 1768 2091 τοῦ

1004 2099 1095 2139 δώρου.
1122 2100 1208 2128 Πάλιν
1240 2100 1361 2135 ἐνόσησεν
1384 2112 1389 2118 ·
1417 2102 1462 2130 οὐκ
1486 2103 1593 2138 ἐποίησε
1618 2105 1767 2144 περίαπτας

1002 2145 1153 2183 Μαρτύριον
1169 2147 1234 2184 αὐτῇ
1248 2145 1393 2184 λογίζεται·
1410 2147 1535 2176 κατέθυσε
1548 2148 1599 2188 γὰρ
1613 2150 1656 2179 τὸν
1670 2152 1724 2181 υἱὸν
1735 2155 1767 2191 τῇ

999 2190 1103 2229 γνώμῃ.
1125 2191 1160 2219 Τί
1174 2191 1242 2229 γὰρ,
1266 2193 1287 2219 εἷ
1307 2191 1352 2220 καὶ
1376 2192 1456 2229 μηδὲν
1472 2193 1567 2232 ὠφελεῖ
1590 2197 1691 2232 ἐκεῖνα,
1710 2199 1768 2227 ἀλλ’

1001 2237 1105 2271 ἀπάτης
1120 2236 1175 2265 ἐστὶ
1190 2236 1235 2264 καὶ
1246 2236 1356 2275 χλεύης;
1368 2238 1426 2265 ἀλλ’
1437 2237 1509 2276 ὅμως
1518 2235 1585 2274 ἦσαν
1600 2243 1623 2269 οἱ
1635 2242 1768 2276 πείθοντες

999 2281 1040 2309 ὅτι
1065 2282 1179 2320 ὠφελεῖ·
1200 2281 1245 2310 καὶ
1268 2281 1351 2311 εἵλετο
1377 2284 1476 2320 μᾶλλον
1500 2285 1590 2324 νεκρὸν
1611 2287 1640 2315 τὸ
1664 2288 1767 2318 παιδίον

1000 2329 1071 2365 ἰδεῖν,
1086 2328 1102 2363 ἢ
1116 2330 1330 2369 εἷδωλολατρείας
1346 2331 1514 2370 ἀνασχέσθαι.
1524 2332 1629 2372 ’Ὠσπερ
1641 2330 1685 2363 οὖν
1700 2336 1764 2372 αὕτη

965 2386 981 2409 F
1000 2379 1113 2417 μάρτυς,
1124 2379 1153 2408 ἄν
1167 2391 1195 2408 τε
1210 2379 1250 2418 ἐφ’
1267 2382 1370 2415 ἑαυτῆς,
1382 2381 1412 2409 ἄν
1428 2393 1456 2409 τε
1470 2382 1513 2411 ἐπὶ
1523 2387 1568 2412 τοῦ
1582 2384 1674 2418 παιδὸς
1688 2386 1764 2424 ἐργά-

1039 2484 1050 2501 1*
1069 2483 1106 2515 [Α.
1122 2495 1143 2509 τι.
1159 2487 1184 2515 β.
1197 2488 1278 2519 χείρων
1290 2488 1302 2513 ἡ
1313 2489 1349 2510 ἀθ.
1365 2489 1520 2517 ἀναγκάζουσα
1529 2487 1616 2520 ῥῆγμα]
