1887 2855
783 106 825 127 DF.
853 103 999 127 JEJUNIO.

112 167 225 201 τάνοιαν,
238 166 379 206 δράμωμεν
390 178 394 183 ·
405 166 480 201 ἐδόθη
492 168 555 203 ἡμῖν
570 167 658 205 καιρὸς
670 165 881 205 ἐξομολογήσει-ις

111 207 155 235 καὶ
167 206 274 238 πένθους
284 206 329 234 καὶ
346 207 512 244 στεναγμῶν,
526 205 583 244 οὐχὶ
596 206 623 234 δὲ
636 206 758 243 ἀμελείας
773 207 817 234 καὶ
836 208 880 244 ῥα-

111 246 212 283 θυμίας.
225 245 360 273 Μετάνοια
372 245 424 284 γάρ
441 248 497 274 ἐστι
509 245 632 284 πρόξενος
654 245 787 283 βασιλείας
802 237 880 283 οὐρα-

111 288 168 319 νοῦ,
183 284 228 312 καὶ
253 284 350 317 εἴσοδος
377 285 553 324 παραδείσου,
578 285 623 313 καὶ
648 287 748 323 τρυφῆς
773 285 879 314 αἰωνίου

112 323 266 357 ἀπόλαυσις.
289 323 353 353 Ἐὰν
381 325 522 363 νηστεύῃς,
547 324 685 362 ἀγαπητὲ,
709 324 810 359 πένητα
842 324 879 361 μὴ

110 363 242 401 περιίδῃ-ς,
257 364 354 402 γυμνὸν
366 363 508 400 πεοίὸαλε,
523 364 603 401 βλέπε
618 365 665 397 τῆς
684 363 771 402 χήρας
783 363 815 392 τὰ
830 364 879 391 δοί-

111 414 193 441 κρυα,
211 403 291 440 βλέπε
301 404 427 443 ὀρφανους
439 403 617 436 στενάζοντας.
633 402 697 431 Ἐὰν
710 403 774 441 ἔχῃς
784 426 791 438 ,
803 403 880 437 ἐλέη-

112 453 172 470 σον·
188 443 210 471 εἷ
223 442 250 471 δὲ
261 444 307 471 οὐκ
319 443 404 481 ἔχεις,
416 443 465 471 κᾶν
490 442 526 480 μὴ
548 441 668 480 ἁρπάζῃς
689 441 722 470 τὰ
744 442 879 480 ἀλλότρια.

112 481 268 517 Νηστεύεις,
283 485 382 511 παῦσον
396 482 444 517 τὴν
456 481 579 520 γλῶσσάν
595 491 641 510 σου
652 480 705 509 ἀπὸ
721 484 820 517 κακοῦ,
834 482 879 509 καὶ

110 521 187 560 χείλη
203 532 249 550 σου
264 524 309 550 τοῦ
326 521 363 559 μὴ
375 523 490 557 λαλῆσαι
504 521 577 550 δόλον
588 532 594 538 ·
610 521 685 559 ἀρκεῖ
698 532 740 548 σοι
753 521 818 558 πρὸς
829 532 878 548 σω-

110 561 213 609 τηρίαν.
223 560 289 589 Ἐὰν
301 561 444 598 νηστεύῃς,
458 561 538 599 βλέπε
555 560 591 598 μὴ
607 559 728 598 δανείσῃς
749 559 779 588 τὸ
796 560 879 598 ἀργύ-

112 611 165 639 ριον
181 611 226 628 σου
240 601 283 629 ἐπὶ
294 600 373 640 τόκῳ.
390 600 548 636 Νηστεύεις;
565 599 672 634 ἐλέησον
684 600 711 628 ὃν
730 599 859 634 ἠδίκησας
870 621 877 634 ,

111 639 148 678 μὴ
164 639 295 679 φθονήσῃς
309 639 371 668 ποτὲ
384 640 504 679 ἀδελφὸν,
520 640 587 677 μήτε
600 639 681 668 πάλιν
696 639 811 678 μισήσῃς
820 642 880 667 τινά

109 690 183 708 ποτε.
202 679 358 714 Νηστεύεις;
376 679 413 716 μὴ
430 679 609 717 κενοδοξῆσῃς.
633 679 792 714 Nnc-vetlem
814 678 879 717 φύγε

109 718 242 757 πορνείαν,
255 718 302 754 τὴν
314 719 476 757 χωρίζευσαν
489 720 559 755 ἡμᾶς
571 719 624 746 ἀπὸ
634 722 678 747 τοῦ
689 720 758 747 Θεοῦ
770 718 815 746 καὶ
827 718 880 747 ἀπὸ

110 759 162 786 τῶν
176 758 269 796 ἁγίων,
280 758 328 792 τὴν
351 757 474 797 πρόξενον
488 760 533 786 τοῦ
556 757 662 786 αἰωνίου
683 757 727 784 καὶ
751 757 879 786 oio-Cimon

109 797 200 836 πυρός.
219 796 372 832 Νηστεύεις;
385 798 477 835 θρέψον
493 799 649 831 πεινῶντας,
667 798 773 825 neb-mov
786 799 881 836 διψῶν-

109 848 169 872 τας,
182 837 353 869 ἀσθενοῦντας
368 836 524 875 ἐπίσκεψαι,
538 839 590 865 τῶν
605 837 630 865 ἐν
646 838 750 875 φυλακῇ
769 836 806 874 μὴ
819 839 876 866 ἐπι·

108 875 203 911 λάθου,
234 876 477 913 καταπονουμένους
500 876 617 910 ἐλέησον,
644 876 804 914 θλιὲομένων
834 876 879 905 καὶ

110 915 275 954 ὀδυρομένων
286 916 461 953 ἐπιμελήθητι
474 927 479 932 ·
491 919 566 954 γενοῦ
576 915 756 955 εὔσπλαγχνος
766 939 773 952 ,
783 921 879 955 πρᾶος,

110 955 222 993 ἀγαθὸς,
236 954 349 994 ἥμερος,
372 955 555 994 μακρόθυμος,
574 956 704 994 ἐλεήμων,
727 956 879 993 ἀμνησίκα-

110 1006 169 1030 κος,
190 994 316 1030 εὐλαὸὴς,
341 995 458 1033 ἄμαχος,
480 995 616 1030 ἀληθινὸς,
641 995 779 1031 θεοσεέἧς·
801 994 843 1024 ἵνα
866 998 879 1024 ὃ

110 1034 178 1067 Θεὸς
189 1033 234 1062 καὶ
248 1033 295 1069 τὴν
308 1034 430 1070 νηστείαν
447 1046 492 1063 σου
511 1035 685 1070 ἀποδέξηται,
704 1035 747 1063 καὶ
762 1038 809 1070 τῆς
830 1047 879 1073 με-

109 1074 215 1106 τανοίας
229 1073 258 1102 τὸ
272 1073 362 1113 κέρδος
385 1073 452 1112 μετὰ
467 1076 565 1109 πολλ’ἧς
581 1077 628 1109 τῆς
649 1074 802 1114 προσθήκης
823 1087 879 1104 πα-

111 1113 197 1153 ράσχῃ
214 1125 264 1142 σοι.
280 1113 344 1142 Ἐὰν
363 1113 506 1153 νηστεύῃς,
527 1114 663 1153 ἀγαπητὲ,
679 1114 745 1143 οὕτω
767 1115 878 1150 νήστευ-

109 1165 154 1182 σον
175 1155 209 1186 ὡς
228 1156 241 1182 ὁ
262 1153 377 1192 Χριστὸς
392 1153 536 1189 ἐκέλευσεν,
551 1153 592 1182 ἵνα
614 1154 651 1192 μὴ
672 1154 775 1183 καὶτὸν
799 1154 879 1183 κόπον

108 1193 256 1231 ὖπομένῃς,
279 1193 323 1221 καὶ
347 1192 390 1221 τὸν
417 1193 510 1230 μισθὸν
531 1194 672 1232 ἀπολέσῃς.
702 1195 795 1223 Ταῦτα
822 1206 879 1222 πα-

111 1234 234 1272 ρακαλῶ,
262 1232 366 1270 ἀδελφοὶ
377 1255 384 1268 ,
411 1232 454 1261 ἵνα
481 1234 606 1272 ἀσφαλῶς
634 1234 803 1273 τηρήσωμεν,
834 1234 879 1262 καὶ

111 1272 204 1309 μισθὸν
225 1271 397 1309 κομισώμεθα
417 1272 490 1312 παρὰ
505 1275 542 1312 τῷ
559 1274 635 1312 Θεῷ,
660 1274 705 1302 καὶ
725 1274 879 1312 ἀκούσωμεν

109 1312 157 1345 τῆς
180 1311 312 1350 μακαρίας
338 1311 438 1347 ἐκείνης
459 1314 546 1350 φωνῆς
573 1315 620 1347 ἰ-’ἧς
640 1313 781 1351 λεγούσης,
798 1315 879 1342 Δεῦτε

111 1351 135 1378 οἱ
162 1351 331 1388 εὐλογημένοι
361 1354 406 1379 τοῧ
440 1352 546 1391 Πατρός
578 1364 627 1390 μου
644 1364 650 1370 ·
680 1353 880 1392 κληρονομήσα-

110 1401 138 1418 τε
163 1389 212 1424 τὴν
231 1391 430 1428 ἡτοιμασμένην
444 1392 506 1428 ὑμῖν
532 1392 668 1429 βασιλείαν
691 1393 743 1421 ἀπὸ
764 1393 882 1422 καταδο-

110 1429 158 1464 λῆς
186 1430 296 1468 κόσμου.
322 1429 407 1458 Οὐδὲν
432 1430 494 1470 γὰρ,
525 1431 648 1470 ἀδελφοὶ,
678 1431 786 1460 δύναται
816 1434 881 1470 βοη-

111 1471 190 1504 θῆσαι
211 1472 276 1507 ἡμῖν
299 1470 324 1497 ἐν
344 1469 429 1509 ἐκείνῃ
459 1472 492 1508 τῇ
519 1471 619 1509 φοὸερᾷ
647 1471 733 1511 ἡμέρα
755 1473 802 1506 τ’ἧς
824 1472 881 1501 κοί-

108 1520 189 1543 σεως,
204 1509 250 1537 καὶ
263 1511 310 1543 τῆς
328 1512 416 1548 φωνῆς
431 1509 527 1545 ταύτης
541 1511 729 1549 προξενούσης,
747 1513 782 1544 ὡς
797 1502 879 1549 usiti-

106 1560 164 1577 νοια
186 1548 231 1577 καὶ
260 1549 431 1586 ἐλεημοσύνη.
455 1548 501 1582 Ὡς
524 1553 616 1579 πασῶν
641 1553 743 1590 τροφῶν
767 1553 780 1580 ὁ
803 1552 880 1591 ἄρτος

108 1588 323 1630 ἀναγκαιότερος,
338 1588 406 1617 οὕτω
419 1591 512 1617 πασῶν
529 1592 659 1629 ἐργασιῶν
674 1593 690 1626 ἡ
706 1593 751 1619 τοῧ
768 1592 878 1620 θανάτου

107 1628 201 1657 ἔννοια.
215 1629 302 1667 Πυρὸς
316 1629 421 1657 αἰωνίου
435 1629 527 1667 μνήμη
540 1632 598 1658 καθ’
611 1629 723 1669 ἑσπέραν
736 1643 879 1669 συγκοιμη-

107 1667 179 1702 θήτω
194 1679 251 1702 σοι,
264 1668 308 1696 καὶ
326 1669 514 1704 συναναστήτω
529 1681 586 1704 σοι,
609 1670 654 1698 καὶ
670 1671 698 1698 οὔ
713 1670 750 1708 μή
768 1683 813 1699 σου
831 1673 879 1710 ῥα-

107 1707 189 1744 θυμία
204 1709 229 1736 ἒν
244 1710 328 1747 καιρῷ
347 1709 503 1747 ψαλμῳδίας
519 1709 625 1749 κυριεύη
638 1709 712 1738 ποτέ.
727 1710 773 1742 Ὡς
796 1702 879 1749 φωτὸς

107 1748 247 1786 φανέντος,
262 1749 396 1787 ὑποχωρεῖ
409 1747 438 1776 τὸ
451 1748 557 1784 σκότος,
573 1743 641 1778 οὕτω
655 1750 700 1778 καὶ
716 1750 768 1779 ἀπὸ
782 1762 879 1779 ταπει-

107 1786 212 1819 νώσεως
225 1791 299 1815 πᾶσα
311 1788 406 1827 πικρία
417 1787 462 1816 καὶ
478 1789 557 1827 θυμὸς
571 1788 759 1827 ἐξαφανίζεται.
773 1790 880 1825 Δεθήτω

108 1827 199 1855 λοιπὸν
219 1826 312 1865 θυμὸς,
327 1828 362 1859 ὡς
379 1827 519 1866 τύραννος,
542 1830 568 1857 ἐν
589 1829 694 1866 δεσμοῖς
713 1829 878 1868 πραότητος·

110 1866 242 1902 μηδέποτε
251 1866 381 1906 καταδέξῃ
396 1868 440 1895 τὸν
458 1867 523 1906 πρὸς
535 1867 564 1896 σὲ
578 1868 622 1896 τὸν
639 1868 751 1903 πλησίον
762 1870 879 1898 καταλα-

109 1906 218 1938 λοῦντα,
231 1906 331 1942 μᾶλλον
343 1907 370 1934 δὲ
381 1906 441 1943 λέγε
460 1907 524 1945 πρὸς
536 1907 624 1942 αὐτὸν,
637 1910 753 1944 παῦσαι,
768 1908 862 1958 ἀδελῗὲ
871 1932 878 1945 ,

110 1943 162 1983 ἐγὼ
174 1946 232 1972 καθ’
248 1944 350 1983 ἡμέραν
363 1947 388 1974 ἐν
402 1946 599 1985 χαλεπωτέροις
614 1947 764 1984 πταίσμασι
774 1959 861 1976 πταιω
871 1972 878 1984 ,

110 1984 156 2012 καὶ
170 1986 225 2017 πῶς
238 1985 335 2012 ἐκεῖνον
350 1990 505 2024 κατακρῖναι
521 1986 669 2024 δυναίμεθα;
689 1987 796 2020 ῙΓεῧδός
808 1988 878 2016 ἔστιν

111 2023 216 2061 ἀγάπης
231 2025 391 2063 ἀφανισμὸς,
407 2024 528 2063 ἐπιορκία
543 2025 569 2054 δὲ
581 2027 650 2055 Θεοῦ
661 2026 782 2065 ἄρνησις·
798 2027 876 2067 φόὲον

110 2064 180 2092 Θεοῦ
197 2063 360 2100 κτησάμενος
372 2063 460 2098 ἐδίωξε
474 2065 579 2103 ψεῦδος,
601 2066 728 2100 δικαστὴν
746 2067 814 2106 ἔγων
829 2067 876 2102 τὴν

111 2102 178 2131 ἰδίαν
193 2103 351 2137 συνείδησιν.
366 2103 466 2133 Λέοντα
478 2107 491 2133 ὃ
506 2105 666 2138 κολακεύσας
677 2100 804 2140 πολλάκις
813 2108 876 2136 θυέ-

112 2154 204 2181 ρωσεν.
219 2142 253 2171 ‘0
272 2142 319 2178 τὴν
335 2145 428 2172 ἑαυτοῦ
439 2144 589 2183 θεραπεύων
603 2145 732 2185 γαστέρα,
744 2146 788 2174 καὶ
799 2136 877 2176 ⁷:523-

110 2194 149 2220 μα
160 2182 280 2221 πορνείας
294 2184 401 2217 νικῆσαι
417 2184 588 2221 βουλόμενος,
601 2185 689 2222 ὅμοιός
703 2186 774 2214 ἐστιν
786 2189 799 2215 ὁ
811 2187 877 2216 μετὰ

109 2222 197 2251 ἐλαίου
212 2222 340 2251 agemont
355 2223 414 2251 τινὰ
432 2224 598 2262 ἐμπρησμόν.
614 2226 756 2264 Νευροῧται
770 2215 878 2264 γλίῦσσα

108 2262 158 2290 ὑπὸ
170 2263 284 2296 πλήθους
296 2263 456 2300 ἐδεσμάτων.
472 2263 578 2293 Ἀνάθου
595 2265 683 2303 Κυρίω
706 2265 757 2301 τὴν
770 2269 817 2300 τῆς
831 2267 879 2296 ού-

111 2313 177 2334 σεως
197 2302 340 2336 ἀσθένειαν,
352 2302 488 2340 γινώσκων
506 2305 541 2337 εἰς
559 2304 628 2333 ἅπαν
642 2296 690 2338 τ’)ζν
704 2306 774 2334 ἰδίαν
787 2298 879 2334 ἀδυνα-

111 2342 183 2378 μίαν.
200 2342 245 2376 Μὴ
259 2342 336 2380 εὔχου
351 2344 376 2369 ἐν
400 2344 597 2391 σεσοῗισμένοις
619 2338 744 2383 ῥήμασιν,
769 2346 827 2374 ἀλλ’
853 2346 879 2379 ἐξ

110 2380 172 2415 ὅλης
186 2382 288 2419 ψυχῆς,
303 2381 346 2410 καὶ
359 2394 541 2416 ταπεινωσεως
556 2384 664 2423 καρδίας
675 2397 680 2402 ·
701 2386 752 2424 πρὸ
773 2386 878 2414 πάντων

112 2419 139 2448 δὲ
166 2420 242 2459 λέγε,
267 2421 394 2456 Ἐλέησόν
420 2434 466 2459 με,
492 2423 590 2462 Κύριε,
614 2424 653 2452 ὅτι
677 2426 787 2461 ἀσθενής
812 2427 875 2455 εἶμι.

112 2460 193 2498 Ἡμῖν
217 2460 306 2493 πίστις
319 2460 426 2497 ἀκλινὴς
448 2462 492 2491 καὶ
517 2464 607 2502 ἀγάπη
635 2466 705 2494 Θεοῦ
725 2455 878 2505 περικόπτει

256 2523 327 2541 Toni.
350 2524 391 2542 xi.

1606 97 1677 131 9¹9

936 163 1095 201 gemituum,
1111 171 1161 189 non
1176 158 1343 198 negligenti-c
1357 165 1381 186 et
1397 156 1528 195 segnitici.
1545 157 1678 185 l’oenitcn-

937 204 971 231 tia
987 202 1057 232 enirn
1071 212 1097 230 es
1115 200 1284 230 conciliatrix
1299 198 1373 236 regni
1388 198 1523 230 caelorum,
1535 203 1559 225 et
1575 196 1678 235 ingres-

935 253 982 271 sus
1004 240 1134 282 paradisi,
1156 251 1188 269 ac
1211 238 1357 277 voluptatis
1372 244 1475 266 :eterna¹
1491 236 1630 275 possessio.
1648 235 1676 264 Si

931 283 1048 321 jejunes,
1074 281 1180 315 dilecte,
1203 288 1346 318 pauperem
1370 288 1402 305 nc
1416 276 1557 316 despicias,
1575 275 1677 304 nudum

935 321 1026 358 induc,
1041 320 1131 349 viduae
1155 320 1210 347 laer
1223 329 1289 346 'mas
1303 317 1416 356 respice,
1433 316 1552 355 pupillos
1566 325 1677 354 gemen-

936 368 974 389 tes
999 360 1146 389 considera
1167 359 1196 388 Si
1230 368 1279 386 ona
1295 357 1387 393 habes,
1405 357 1547 389 miscrarc;
1560 356 1601 383 sin
1625 365 1678 383 non

934 400 1029 437 habes,
1055 410 1087 428 ne
1102 399 1190 438 rapias
1213 397 1307 426 aliena.
1333 396 1466 435 jejunas?
1483 395 1597 434 prohibe
1617 394 1678 422 lin-

934 450 1015 477 guam
1031 447 1104 468 tuam
1119 450 1132 467 a
1148 438 1229 473 malo,
1244 444 1269 465 et
1283 436 1353 464 labia
1368 443 1413 464 tuo
1427 445 1459 463 nc
1471 435 1616 473 loquantur
1627 433 1679 462 do-

933 479 990 507 lum
1005 490 1011 506 ι
1026 478 1127 507 sufficit
1141 477 1189 506 tibi
1203 476 1238 504 ad
1252 475 1376 504 salutem.
1393 475 1422 504 Si
1433 475 1548 514 jejunes,
1564 473 1627 502 vide
1646 484 1679 502 ne

932 517 979 546 des
997 517 1136 555 pecuniam
1161 523 1234 544 tuam
1257 515 1292 544 ad
1308 525 1426 544 usuram.
1451 513 1585 553 ⁸lcjunas?
1600 513 1678 541 misc-

933 566 990 585 rere
1001 557 1058 595 ejus
1068 566 1148 594 quem
1160 555 1261 588 laesisn',
1275 565 1307 583 ne
1319 554 1438 582 invideas
1450 564 1577 591 umquam
1591 553 1678 588 fratri,

933 606 980 624 nec
988 595 1141 634 quempiam
1150 594 1212 622 odio
1222 593 1328 622 habeas.
1337 593 1465 631 Jejunas?
1475 604 1507 621 ne
1516 603 1611 621 vanam
1621 592 1678 630 glo—

933 635 1001 663 riam
1011 635 1126 663 secteris.
1138 633 1266 672 Jejunas?
1277 633 1339 670 suge
1345 632 1621 669 fornicationem,qu:e
1631 642 1678 660 nos

934 681 1037 714 separat
1052 685 1066 702 a
1079 675 1137 702 Deo
1148 680 1172 701 et
1185 684 1200 701 a
1212 672 1320 708 sanctis,
1335 678 1360 699 et
1375 671 1451 700 nobis
1467 671 1537 710 parit
1550 671 1678 699 inexstin-

934 714 1065 752 guibilem
1090 713 1188 753 ignem.
1212 711 1344 751 Jejunasi‘
1359 710 1431 739 nutri
1453 711 1609 744 esurientes,
1628 721 1676 749 po-

933 761 991 782 tum
1012 753 1047 782 da
1062 752 1223 786 sitientibus,
1242 751 1363 779 insu-mos
1378 750 1466 785 visita,
1480 760 1571 778 eorum
1584 749 1630 788 qui
1650 749 1678 778 in

934 803 1037 822 carcere
1047 800 1108 821 sunt
1120 803 1153 820 ne
1164 791 1346 827 obliviscaris,
1360 790 1473 818 afflictos
1485 790 1619 825 miserare,
1631 799 1679 828 op-

935 843 1038 872 pressos
1059 839 1084 861 et
1099 838 1232 871 gementes
1247 841 1310 860 cura
1326 841 1332 857 ε
1347 836 1401 858 esto
1416 829 1577 865 misericors,
1595 829 1679 865 mitis,

933 873 1030 909 bonus,
1053 878 1218 906 mansuetus,
1246 870 1358 910 patiens,
1383 869 1533 904 miserator,
1560 869 1677 907 injuria-

932 923 993 941 rum
1003 913 1156 947 immemor,
1173 911 1243 950 pius,
1260 910 1400 949 pacificus,
1417 919 1511 945 verax,
1527 908 1678 947 religiosus,

932 959 962 981 ut
978 954 1050 981 Deus
1073 958 1099 980 et
1119 951 1253 990 jejunium
1274 957 1349 978 tuum
1366 955 1504 988 acceptum
1521 948 1627 982 babeat,
1653 955 1678 976 ct

932 991 1094 1031 poenitentiae
1107 991 1214 1019 lucrum
1228 1000 1290 1018 cum
1306 999 1403 1027 magna
1416 988 1540 1026 largitate
1551 988 1676 1027 praebeat.

932 1032 961 1061 Si
972 1033 1088 1072 jejunes,
1106 1030 1212 1066 dilecte,
1237 1029 1276 1058 sic
1287 1029 1379 1068 jejuna
1404 1035 1432 1056 ut
1447 1028 1570 1056 Christus
1581 1027 1674 1066 jussit,

933 1078 962 1100 ut
985 1083 1017 1100 ne
1037 1078 1062 1100 et
1086 1071 1206 1100 laborem
1220 1070 1326 1105 subeas,
1349 1075 1374 1097 et
1398 1067 1547 1096 mercedem
1570 1067 1675 1106 perdas.

934 1112 1006 1148 Haec,
1017 1121 1115 1150 qumso,
1130 1110 1236 1146 fratres,
1250 1116 1307 1138 tuto
1322 1118 1470 1143 servemuS,
1483 1114 1512 1136 ut
1526 1106 1676 1135 mercedem

932 1152 1097 1191 accipiamus
1109 1161 1122 1178 a
1136 1151 1207 1183 Deo,
1220 1149 1416 1186 audiamusque
1426 1147 1532 1175 beatam
1544 1147 1618 1175 illam
1630 1157 1677 1176 vo-

933 1201 990 1219 cem
1003 1191 1137 1219 dicentem
1157 1201 1163 1217 z

895 614 912 636 B

895 1248 912 1271 C
935 1273 1012 1299 tione
1027 1271 1135 1298 mundi.
1154 1269 1230 1297 Nihil
1255 1268 1338 1303 enim,
1364 1268 1470 1303 fratres,
1488 1273 1574 1305 potest
1599 1277 1676 1305 opem

935 1311 1002 1338 fcrre
1016 1310 1093 1339 nobis
1117 1310 1143 1337 in
1160 1308 1296 1337 tremenda
1311 1307 1357 1336 illa
1369 1306 1466 1346 judicii
1482 1306 1538 1343 dic,
1561 1312 1586 1334 et
1601 1306 1678 1335 illam

934 1350 1012 1378 nobis
1026 1349 1157 1378 attrahere
1171 1358 1273 1384 vocem,
1296 1354 1326 1375 ut
1349 1346 1502 1386 poenitentia
1524 1353 1549 1374 et
1565 1346 1678 1374 elecmo-

935 1400 1011 1429 syna.
1039 1391 1077 1419 [t
1100 1389 1169 1417 inter
1182 1398 1273 1416 omncs
1288 1387 1361 1415 cibos
1378 1386 1453 1426 panis
1474 1392 1511 1414 cst
1528 1385 1614 1424 magis
1628 1396 1677 1414 ne—

935 1429 1074 1465 cessarius,
1087 1429 1125 1457 sic
1148 1429 1217 1457 inter
1236 1427 1324 1456 omnia
1341 1437 1419 1466 opera
1434 1426 1527 1454 mortis
1542 1426 1678 1464 cogitatio.

935 1469 1009 1508 Ignis
1032 1469 1123 1497 aeterni
1141 1468 1268 1497 memoria
1291 1477 1401 1506 vespere
1412 1473 1500 1494 tecum
1523 1465 1678 1502 decumbat,

935 1516 959 1537 et
975 1515 1060 1537 tecum
1074 1515 1182 1546 surgat;
1197 1514 1281 1536 necte
1297 1516 1425 1544 umquam
1441 1505 1598 1545 psalmodiae
1613 1512 1680 1533 tem-

935 1558 999 1588 pore
1022 1548 1146 1587 segnities
1160 1553 1279 1585 occupet.
1298 1547 1333 1575 Ut
1356 1552 1500 1585 apparente
1515 1545 1584 1579 luce,
1606 1555 1678 1573 rece-

935 1588 1004 1616 dunt
1017 1588 1142 1623 tenebrae,
1155 1587 1193 1616 sic
1213 1587 1247 1615 ab
1264 1586 1452 1614 humiliatione
1471 1585 1557 1613 omnis
1571 1585 1678 1613 acerbi-

935 1635 974 1657 tas
991 1634 1015 1656 et
1030 1628 1070 1656 ira
1084 1627 1197 1656 deletur⁴
1211 1626 1356 1656 vinciatur
1371 1625 1496 1664 deinceps
1517 1624 1573 1660 ira,
1587 1631 1616 1652 ut
1629 1631 1677 1664 ty-

934 1678 1043 1703 rannus,
1058 1667 1175 1696 vinculis
1191 1665 1404 1695 mansuetudinis
1418 1677 1424 1692 :
1442 1675 1473 1692 ne
1488 1675 1615 1702 umquam
1629 1664 1677 1693 ad-

934 1708 1025 1736 mittas
1041 1707 1192 1745 loquentem
1209 1712 1299 1734 contra
1316 1704 1494 1744 proximum5
1511 1705 1566 1732 imo
1580 1703 1624 1732 dic
1640 1704 1677 1731 il—

933 1748 952 1776 li
966 1759 972 1775 :
989 1748 1079 1783 Cossa,
1096 1747 1197 1775 frater:
1211 1756 1260 1784 ego
1277 1744 1399 1783 quotidie
1420 1743 1446 1772 in
1462 1744 1587 1781 graviora
1610 1743 1677 1771 deli-

934 1794 973 1815 cta
989 1787 1076 1819 labor,
1090 1793 1116 1815 et
1128 1785 1264 1824 quomodo
1278 1785 1356 1813 illum
1368 1784 1497 1812 damnare
1511 1779 1678 1823 possumus?5

933 1826 1107 1855 Mendacium
1129 1832 1166 1854 est
1190 1825 1309 1853 caritatis
1331 1823 1500 1860 destructi05
1527 1823 1676 1868 perjurium

895 1869 914 1891 D
933 1877 996 1895 vero
1007 1866 1058 1895 Dei
1073 1866 1176 1905 negatio
1189 1877 1194 1892 :
1208 1864 1378 1894 mendacium
1392 1864 1514 1892 timorem
1530 1864 1579 1892 Dei
1593 1863 1677 1901 sugat,

929 1907 1104 1944 judicemque
1127 1905 1208 1934 habet
1230 1905 1369 1944 propriam
1393 1903 1594 1932 conscientiam.
1624 1904 1677 1931 Leo

932 1946 1072 1975 blanditiis
1087 1956 1156 1985 saepe
1170 1945 1305 1974 cicuratus
1317 1951 1364 1972 est.
1392 1943 1448 1978 Qui
1464 1943 1552 1972 ventri
1567 1942 1676 1971 deditus

932 1993 980 2023 est,
993 1993 1018 2015 et
1032 1986 1157 2025 spiritum
1172 1984 1355 2014 fornicationis
1369 1983 1429 2012 vult
1445 1983 1562 2017 vincere,
1579 1982 1676 2011 similis

932 2033 970 2055 est
990 2026 1024 2057 ei.
1041 2026 1085 2064 qui
1101 2036 1162 2054 cuin
1177 2025 1234 2054 oleo
1249 2024 1307 2053 vult
1325 2023 1479 2052 incendium
1495 2023 1675 2061 exstinguere.

932 2066 1036 2105 Lingua
1062 2064 1237 2094 multitudine
1253 2064 1374 2092 ciborum
1391 2063 1541 2092 roboratur.
1566 2063 1675 2090 Naturae

932 2106 1116 2134 infirmitatem
1142 2107 1198 2134 Deo
1222 2104 1389 2137 commenda,
1407 2113 1551 2141 agnoscens
1566 2102 1675 2130 omnino

932 2153 1006 2175 tuam
1028 2145 1246 2174 imbecillitatem.
1269 2144 1331 2172 Noli
1347 2143 1449 2182 precari
1467 2142 1561 2171 fucatis
1576 2142 1674 2178 verbis,

933 2186 979 2215 scd
992 2196 1038 2214 ora
1051 2196 1083 2214 ex
1099 2191 1152 2214 tota
1168 2184 1268 2219 anima,
1281 2190 1305 2211 et
1319 2183 1345 2211 in
1361 2183 1514 2210 humilitate
1527 2182 1614 2210 cordis
1627 2192 1674 2210 an-

933 2233 958 2254 te
975 2226 1063 2254 omnia
1076 2225 1131 2262 dic,
1147 2226 1286 2253 Miserere
1301 2225 1366 2257 mei,
1383 2223 1520 2256 Domine,
1535 2224 1672 2261 quoniam

934 2266 1068 2304 infirmas
1092 2275 1166 2294 snm.
1183 2263 1268 2293 Nobis
1284 2263 1351 2291 fides
1375 2262 1453 2290 firma
1475 2269 1499 2290 et
1523 2272 1599 2290 amor
1623 2262 1672 2290 Dci

934 2305 1127 2334 sollicitudines
1151 2303 1285 2332 abscindit
1311 2315 1317 2330 ε
1343 2302 1435 2330 mortis
1457 2312 1520 2330 vcro
1544 2301 1671 2330 memoria

934 2345 1013 2374 etiam
1029 2356 1124 2384 eorpus
1137 2344 1262 2382 abnegat.
1277 2342 1386 2372 Modico
1398 2342 1459 2381 igne
1475 2351 1599 2379 magnam
1615 2342 1673 2381 syl-

897 2387 914 2410 E
934 2396 995 2413 vam
1009 2384 1119 2422 quidam
1134 2384 1347 2418 combusserunt,
1361 2389 1386 2410 et
1401 2392 1453 2410 una
1468 2382 1569 2410 virtute
1584 2382 1673 2410 omnia

934 2425 998 2454 vitia
1014 2425 1152 2463 fugarunt.
1179 2423 1207 2452 Si
1227 2424 1283 2451 Deo
1308 2422 1413 2451 adstare
1437 2421 1538 2459 cogitas
1554 2420 1580 2449 in
1596 2431 1675 2450 sensu

934 2464 1027 2500 animi,
1054 2465 1080 2493 in
1105 2463 1251 2493 orationem
1274 2462 1398 2491 columna
1423 2461 1458 2490 sis
1474 2461 1633 2496 immobilis,
1661 2472 1675 2489 a

1519 2516 1557 2543 05

1191 1191 1303 1222 lenite,
1331 1188 1475 1217 benedicti
1491 1189 1592 1216 Patris
1608 1189 1675 1224 mei,
1688 1199 1773 1221 snauh,
1791 1199 1829 1221 25,

931 1232 1075 1270 possidete
1088 1235 1227 1269 paratum
1249 1230 1334 1257 vohis
1355 1238 1475 1266 regnum
1497 1237 1516 1255 (ι
1531 1228 1674 1255 constitu-
1688 1229 1727 1260 34.

1689 2225 1751 2246 I‘snI.
1766 2225 1788 2247 (ἰ.
1808 2231 1831 2246 2.
