1893 2860
234 160 304 201 642
574 172 604 194 s.
632 172 771 194 somnis
797 172 976 195 cuavsos'r.

237 233 344 265 fruaris,
361 233 472 260 istorum
487 232 604 271 inopiam
625 242 676 260 non
698 232 807 271 indigne
819 233 911 269 forres,
927 243 971 261 ne-

238 289 290 315 11110
301 278 368 305 hanc
378 288 465 305 rerum
478 278 581 316 copiam
593 278 755 315 exquireres,
769 278 790 307 si
802 279 878 307 illam
887 289 973 317 10111111-

239 323 339 350 litatem
351 332 447 350 nosses.
461 322 695 357 Quemadmodum
708 323 778 351 enim
790 323 916 359 famulus,
927 323 974 362 qui

235 369 270 397 ab
284 369 346 397 hero
360 379 441 404 escas,
457 369 612 398 indumenta
630 377 655 399 et
669 370 852 399 habitaculum
866 371 973 410 accipit,

236 421 260 443 ct
274 425 334 443 cum
355 415 415 443 aliis
429 416 554 444 omnibus
574 416 616 444 his
630 427 703 454 :eque
717 416 826 453 fruitur,
849 417 871 445 si
886 417 970 446 crines

236 460 261 488 in
286 461 371 499 capite
385 462 534 500 superfluos
549 462 655 499 habeat,
680 472 834 501 unguesque
849 464 970 502 majores,
987 469 1004 491 E

234 517 261 534 se
273 506 333 545 plus
350 507 446 536 habere
460 514 533 546 putet
546 518 626 546 qnam
640 507 686 536 alii
700 520 707 536 z
724 508 815 537 eodem
831 509 910 538 medo
923 510 970 548 qui

232 559 270 580 est
293 553 449 592 hujusmodi
472 554 570 582 frustra
591 554 675 582 altum
699 554 778 593 sapit,
801 562 910 594 propter
931 566 969 592 ca,

232 598 306 636 queis
328 598 363 627 ad
379 606 483 638 tempus
506 599 612 628 [ruitur.
629 599 734 629 Idcirco
749 601 822 629 Deus
843 611 890 630 nos
914 602 968 630 illis

231 644 332 681 privat,
357 651 386 673 ut
410 645 479 673 hanc
494 646 629 674 vesaniam
647 647 810 685 exstinguat,
831 654 855 675 et
872 647 968 676 harum

231 700 319 717 rorum
334 689 496 719 desiderium
509 691 544 719 ad
559 691 672 720 caelestia
687 692 834 721 transferat.
848 694 902 721 Nos
921 703 969 721 au-

229 741 282 763 tem
295 746 328 764 ne
338 736 377 765 sic
393 736 500 774 quidem
515 737 704 776 resipiscimus.
720 739 795 767 Sicut
810 738 881 767 enim
897 750 966 778 pue-

228 781 314 817 rulus,
326 782 348 809 si
363 782 429 819 quid
444 782 545 821 puerile
560 783 666 818 lrabeat,
681 783 761 821 idque
781 784 860 812 rebus
876 795 967 813 neces-

227 827 305 855 sariis
320 827 453 866 prrcserat,
470 834 544 865 pater
558 828 645 866 ipsum
667 839 682 856 a
700 829 849 867 puerilibus
864 830 964 869 privat,

228 878 256 899 ut
269 872 309 900 vel
326 872 441 900 invitum
452 873 486 900 ad
502 874 656 911 perfectiora
672 875 810 903 transforat
822 887 828 902 z
842 876 880 904 sic
893 877 965 904 Deus

225 918 312 946 omnia
326 918 389 946 facit
402 925 430 946 ut
445 929 492 946 1105
505 919 531 946 111
546 920 640 948 caelum
655 921 803 949 transferat.
819 922 874 950 Cur
888 933 961 961 ergo,

224 963 339 1001 inquies,
356 964 449 997 malos,
467 964 564 993 divites
578 976 632 993 0550
648 966 733 994 sinit?
748 966 818 1000 Quia
830 967 891 996 illos
909 978 961 997 non
981 973 996 995 F

224 1009 339 1037 multum
361 1016 446 1038 curat.
467 1011 609 1045 Quomodo
621 1011 700 1039 etiam
712 1012 799 1050 justos
812 1012 910 1042 divites
922 1014 961 1042 sa-

223 1055 275 1082 cit.
269 1055 282 1072 ⁰
297 1055 377 1083 Νο11
370 1066 427 1094 ipse
441 1057 514 1093 facit,
536 1056 583 1085 sed
598 1057 684 1084 solum
698 1057 838 1095 peimittit.
853 1057 888 1087 Et
902 1059 960 1088 haec

222 1099 333 1136 quidem
349 1101 463 1140 carptim
485 1112 555 1130 nunc
577 1113 591 1130 a
615 1102 690 1130 nobis
705 1102 863 1141 dictasunt,
886 1111 1002 1149 tam·55

219 1155 300 1182 quam
319 1145 353 1174 ad
375 1156 418 1174 eos
433 1147 479 1185 qui
503 1147 656 1186 Scripturas
682 1148 815 1186 ignmant.
831 1150 913 1186 Quod
935 1151 958 1179 si
978 1160 993 1181 Α

219 1190 326 1219 cr·ede1e
344 1191 447 1220 velletis
470 1200 494 1221 et
510 1192 610 1222 divinis
632 1194 721 1222 verbis
738 1194 882 1233 attendeie,
900 1196 958 1225 haec

218 1235 306 1264 dicere
318 1247 369 1265 non
383 1248 450 1276 opus
461 1238 569 1275 fuisset3
581 1249 614 1268 ex
627 1239 773 1279 Scripturis
786 1241 857 1270 enim
868 1243 957 1271 omnia

217 1293 361 1312 nossemus.
378 1285 415 1313 Ut
429 1285 499 1314 enim
515 1285 603 1315 discas
616 1286 686 1315 nihil
704 1297 758 1315 0550
778 1287 896 1325 divitias,
908 1297 953 1318 aut

215 1328 366 1364 sanitatem,
383 1337 428 1358 aut
443 1331 569 1369 gloriam,
587 1331 638 1360 tibi
657 1343 705 1371 ego
721 1333 851 1371 plurimos
866 1342 954 1364 osten-

215 1375 287 1411 dam,
301 1375 347 1413 qui
363 1386 425 1404 011111
441 1377 539 1406 lucrari
555 1385 672 1416 possent,
685 1389 737 1407 non
753 1380 849 1408 lucrati
869 1389 951 1419 sunt3

214 1420 260 1457 qui
282 1431 343 1449 cum
358 1432 469 1461 corpore
482 1423 551 1452 bene
575 1424 692 1461 valeant,
715 1425 785 1454 illud
800 1435 951 1465 macerant5

214 1465 260 1502 qui
284 1476 346 1494 cum
365 1468 448 1505 gloria
472 1469 525 1497 frui
540 1470 652 1508 possint,
669 1471 737 1499 nihil
758 1482 810 1500 non
824 1481 908 1511 agunt
923 1481 951 1502 ut

214 1518 425 1541 contemnantur.
442 1515 526 1542 Nemo
542 1521 611 1543 certe
627 1515 713 1544 11011115
726 1518 813 1546 malus
825 1529 880 1547 0550
895 1526 950 1548 stu-

213 1558 266 1587 det.
285 1559 377 1588 Finem
390 1571 451 1599 eigo
465 1562 594 1590 faciamus
608 1569 710 1591 terrena
721 1564 790 1592 bona
803 1567 950 1603 quaerendi,
969 1576 984 1597 u

212 1611 237 1632 rt
252 1605 364 1634 caelestia
379 1617 538 1644 (1111111·.ῑ1111115
555 1608 601 1636 sie
616 1609 687 1637 enim
700 1609 748 1639 illa
763 1613 887 1650 consequi
902 1624 948 1651 po-

213 1650 334 1688 terimus,
358 1659 383 1680 et
399 1653 566 1691 sempiternis
586 1653 691 1682 deliciis
713 1656 737 1683 fi
740 1667 843 1694 110111111,
862 1659 950 1709 gratia

212 1703 237 1724 et
259 1696 422 1735 benignitate
444 1699 553 1727 Domini
578 1700 659 1728 nostri
678 1703 739 1730 Jcsu
757 1702 867 1738 Cluisti,
888 1705 948 1742 qui-

212 1752 273 1769 cum
286 1743 358 1770 Patri
370 1750 393 1771 et
407 1744 519 1782 Spiritui
531 1752 621 1773 sancto
632 1746 725 1784 gloria,
738 1747 889 1786 imperium,
901 1749 948 1777 110-

213 1798 270 1823 nor,
294 1798 362 1817 1111110
384 1796 409 1817 01
432 1800 546 1828 sempor,
570 1797 594 1818 et
616 1791 642 1819 in
663 1793 759 1821 smeula
776 1794 946 1824 saeculorum.

212 1835 303 1861 Amen.

1006 173 1026 194 Α
1032 174 1147 196 uenter)
1154 189 1161 196 -
1191 176 1316 200 CONSTA
1323 178 1456 201 NT1N011.

1027 235 1099 267 ζονας
1108 257 1115 270 ,
1127 236 1205 264 πλέον
1221 237 1288 276 ἔχειν
1302 239 1402 276 νομίζοι
1415 241 1466 267 τῶν
1482 239 1567 268 ἄλλων
1576 250 1581 256 ·
1602 237 1645 267 τὸν
1663 237 1738 266 αὐτὸν
1753 236 1785 271 δὴ

1027 280 1121 318 τρόπον
1141 281 1185 309 καὶ
1200 285 1213 310 ὑ
1226 287 1338 316 τοιοῦτος
1361 285 1446 322 μάτην
1467 285 1511 313 ἐπὶ
1526 284 1624 316 τούτοις
1640 284 1707 321 μέγα
1722 293 1786 321 φρο-

1026 328 1063 353 νεῖ
1074 347 1081 359 ,
1099 327 1139 364 ἐφ’
1151 322 1187 358 οἷς
1199 328 1244 362 τὴν
1257 328 1399 358 ἀπόλαυσιν
1409 330 1567 368 πρόσκαιρον
1580 330 1645 368 ἔχει.
1660 328 1711 357 Διὰ
1723 329 1786 355 ταῦ-

1025 382 1057 398 τα
1077 374 1147 409 ἡμᾶς
1169 372 1310 411 ἀφίστησιν
1331 375 1432 409 αὐτῶν,
1446 374 1488 403 ἵνα
1509 375 1556 411 τὴν
1580 374 1674 413 μανίαν
1688 372 1786 407 ταύτην

1025 416 1120 455 σὸέσῃ,
1135 417 1177 446 ἵνα
1189 418 1325 456 μεταγάγῃ
1337 419 1380 447 τὸν
1393 419 1457 458 πρὸς
1471 420 1537 449 αὐτὰ
1550 421 1626 449 πόθον
1640 421 1675 452 εἷς
1689 418 1732 446 τὸν
1744 418 1786 446 οὗ·

1025 463 1110 500 ρανόν.
1130 463 1223 501 Ἡμεῖς
1241 464 1268 492 δὲ
1282 464 1339 493 οὐδὲ
1353 464 1421 492 οὕτω
1438 465 1654 504 σωφρονιζόμεθα.
1675 464 1721 497 Ὡ.ς
1734 462 1784 502 γὰρ

1023 508 1051 536 τὸ
1070 509 1173 537 παιδίον
1196 509 1220 537 εἴ
1233 521 1259 537 τι
1280 509 1401 538 παιδικὸν
1421 509 1490 548 ἔχοι,
1511 510 1555 538 καὶ
1573 514 1689 549 προτιμᾷ
1708 511 1786 538 τοῦτο

1021 556 1072 582 τῶν
1095 555 1257 592 ἀναγκαίων,
1279 556 1417 595 ἀποστερεῖ
1442 555 1505 584 αὐτὸ
1522 558 1535 584 ὃ
1548 555 1635 594 πατὴρ
1652 558 1703 584 τῶν
1723 565 1784 583 παιυ

1021 599 1098 627 δικῶν
1110 621 1118 635 ,
1140 600 1182 628 ἵνα
1203 601 1247 628 καὶ
1267 601 1363 629 ἄκοντα
1386 600 1522 639 μεταγάγῃ
1541 601 1606 639 πρὸς
1622 601 1651 629 τὸ
1671 601 1783 629 τέλειον·

1020 644 1087 673 οὕτω
1105 645 1149 674 καὶ
1165 648 1178 674 ὁ
1193 646 1259 678 Θεὸς
1279 646 1367 675 πάντα
1388 651 1472 681 ποιεῖ,
1495 645 1537 674 ἵνα
1555 649 1627 684 ἡμᾶς,
1647 646 1782 685 μεταγάγῃ

1020 693 1055 723 εἷς
1069 692 1112 719 τὸν
1127 690 1243 730 οὐρανόν.
1255 693 1316 725 Πῶς
1331 687 1374 720 οὖν
1389 704 1447 726 τους
1462 691 1589 730 πονηρους
1601 691 1693 731 ἀφίησι
1703 692 1783 720 πλου-

1019 741 1089 773 τεῖν,
1114 737 1210 774 φησίνς
1237 737 1300 767 υΟτι
1322 740 1350 767 οὐ
1372 737 1451 771 πολυς
1473 740 1544 767 αὐτο)
1567 738 1642 777 λόγος
1666 735 1782 765 ἐκείνων.

1020 782 1081 814 Πως
1095 784 1138 810 οὖν
1152 795 1195 811 χαι
1209 795 1267 816 τους
1283 783 1410 819 δικαίους;
1433 785 1489 813 Οὐκ
1505 783 1579 816 αὐτὸς
1589 805 1596 818 ,
1618 783 1676 811 ἀλλ’
1692 781 1782 813 ἁπλῶς

1018 831 1156 867 συγχωρεῖ.
1179 828 1232 857 Και
1244 831 1326 858 ταῦτα
1338 829 1384 867 μὲν
1399 832 1443 857 νῦν
1456 829 1615 861 ἐπιπολαίως
1629 830 1692 865 ἡμῖν
1709 827 1781 866 εἴρη-

1017 883 1072 907 ται,
1084 874 1119 904 ὡς
1132 873 1196 911 πρὸς
1206 875 1358 911 ἀγνοοῦντας
1370 874 1416 906 τὰς
1430 875 1536 913 Γραφάς
1545 886 1551 891 ·
1563 875 1585 902 εἷ
1597 873 1623 902 δὲ
1638 872 1779 902 ἑὸούλεσθε

1016 917 1147 946 πιστεύειν
1163 918 1207 947 καὶ
1226 920 1364 958 προσέχειν
1385 925 1437 953 τοῖς
1452 919 1528 952 Θείοις
1541 919 1640 957 λόγοις,
1657 917 1729 947 οὗδὲν
1748 916 1778 945 ἂν

1015 965 1077 999 ἡμῖν
1090 963 1187 992 τούτων
1201 964 1291 999 ἐδέησε
1305 967 1355 993 τῶν
1367 965 1451 1004 λόγων
1461 976 1467 982 ·
1480 967 1509 993 ἐκ
1521 964 1616 993 τούτων
1628 963 1679 1002 γὰρ
1693 962 1779 992 πάντα

1014 1008 1043 1036 ἂν
1056 1009 1171 1046 ᾔδειμεν.
1191 1008 1250 1038 Ἵνα
1263 1010 1314 1050 γὰρ
1331 1010 1413 1049 μάθῃς
1423 1033 1430 1046 ‚
1443 1010 1483 1040 ὅτι
1498 1010 1570 1039 οὐδέν
1585 1011 1654 1038 ἐστιν
1666 1011 1680 1038 ὁ
1696 1010 1776 1037 πλοῦ-

1013 1065 1065 1089 τος,
1078 1054 1135 1083 οὔτε
1150 1057 1166 1089 ἡ
1171 1055 1261 1111 υγεία,
1276 1056 1334 1084 οὔτε
1346 1059 1362 1091 ἡ
1379 1056 1419 1084 δόζ
1409 1068 1447 1092 α,
1462 1055 1514 1094 ἐγώ
1526 1068 1567 1085 σοι
1579 1055 1697 1094 δείκνυμι
1711 1056 1776 1084 πολ-

1012 1099 1086 1134 λους,
1111 1103 1147 1133 οῖς
1167 1100 1222 1134 ἐξὸν
1241 1101 1402 1140 κερδαίνειν,
1417 1104 1446 1130 οὐ
1462 1101 1654 1141 κερδαίνουσιν,
1672 1102 1733 1135 οῖς
1722 1101 1776 1135 εξὸν

1012 1145 1150 1209 ὑγιαίνειν,
1163 1158 1355 1181 κατατηκουσιν
1367 1149 1467 1175 εαυτῶν
1480 1147 1513 1176 τὰ
1526 1146 1652 1185 σώματα,
1673 1147 1732 1179 οἱς
1721 1146 1775 1180 εξὸν

1012 1190 1086 1226 δόξης
1107 1192 1263 1229 ἀπολαυειν,
1283 1193 1369 1222 πάντα
1389 1193 1548 1231 πράττουσιν
1562 1193 1629 1222 ὥστε
1644 1204 1775 1231 καταφρο-

1010 1239 1118 1265 νεῖσθαι.
1140 1238 1233 1270 Οὐδεις
1254 1238 1342 1275 μέντοι
1363 1239 1458 1277 ἀγαθος
1477 1250 1527 1274 ων,
1552 1239 1690 1271 σπουδάζει
1709 1241 1775 1266 εἰναι

1010 1282 1098 1315 κακός.
1119 1285 1221 1312 Οὔκουν
1243 1284 1405 1322 παυσώμεθα
1430 1287 1474 1313 τοῦ
1498 1286 1582 1318 ζητεῖν
1605 1283 1638 1313 τὰ
1665 1286 1774 1313 ἐνταῦθα

1010 1329 1108 1366 ἀγαθὰ,
1124 1330 1168 1358 καὶ
1182 1330 1334 1368 ζητήσωμεν
1350 1330 1382 1358 τὰ
1397 1332 1422 1359 ἐν
1433 1332 1558 1370 οὐρανοῖς.
1579 1330 1656 1359 Οὕτω
1667 1329 1718 1370 γὰρ
1728 1331 1774 1358 αὐ-

1009 1375 1060 1402 τῶν
1081 1375 1125 1403 καὶ
1139 1380 1225 1414 τυχεῖν
1243 1375 1421 1413 δυνησόμεθα,
1442 1376 1487 1404 καὶ
1506 1378 1553 1410 τῆς
1578 1376 1660 1404 ἀϊδίου
1675 1377 1771 1415 τροφῆς

1009 1420 1210 1458 ἀπολαύσομεν,
1231 1421 1321 1460 χάριτι
1340 1421 1384 1449 καὶ
1404 1421 1585 1461 φιλανθρωπία
1607 1425 1651 1450 τοῦ
1672 1421 1769 1461 Κυρίω

1005 1468 1080 1503 ἡμῶν
1105 1466 1190 1501 Ἰησοῦ
1215 1468 1342 1505 Χριστοῦ,
1364 1469 1419 1505 μεθ’
1439 1465 1467 1496 οἷ
1488 1469 1526 1506 τῷ
1548 1468 1635 1507 Πατρὶ
1656 1468 1712 1505 ἅμα
1732 1469 1770 1506 τῷ

1005 1513 1071 1552 ἁγίῳ
1087 1513 1222 1550 Πνεύματι
1237 1513 1296 1545 δόξα
1306 1535 1313 1548 ,
1329 1514 1437 1552 κράτος,
1449 1513 1529 1551 τιμὴ,
1541 1516 1584 1542 νῦν
1598 1514 1641 1542 καὶ
1655 1514 1711 1550 ἀεὶ,
1725 1514 1771 1542 καὶ

1005 1560 1039 1590 εἰς
1066 1558 1125 1590 τοὺς
1146 1559 1241 1590 αἰῶνας
1263 1560 1314 1587 τῶν
1337 1558 1447 1587 αἰώνων.
1472 1558 1562 1597 Ἀμήν.

213 1931 1757 1950 Μυ-

472 2007 629 2037 HOMILIA
651 2010 688 2038 ΙΙ.

208 2083 274 2110 (lar.
288 2082 309 2110 1.
328 2093 355 2111 v.
369 2084 396 2112 5.
409 2085 494 2113 Finis
514 2092 611 2114 autem
630 2091 766 2126 praecepti
783 2096 824 2118 est
838 2094 947 2121 caritas

247 2138 283 2155 ex
298 2129 384 2156 corde
401 2139 474 2167 puro
488 2137 515 2158 et
540 2134 720 2162 conscientia
741 2135 818 2163 hona
838 2143 866 2165 et
878 2138 909 2177 s
899 2139 946 2167 de

246 2184 305 2200 non
311 2173 411 2212 ficta:
427 2175 456 2203 6.
473 2186 492 2203 a
509 2178 615 2214 quibus
639 2179 759 2216 quidam
774 2182 943 2212 aberrantes

245 2221 377 2248 conversi
386 2227 453 2248 sunt
468 2223 499 2248 in
520 2223 737 2261 vaniloquium,
761 2227 788 2254 7.
810 2228 943 2258 volentes

244 2275 304 2292 esse
322 2265 392 2303 legis
407 2266 548 2303 doctores,
570 2270 832 2309 nonintelligentes
850 2284 943 2312 neque

244 2319 278 2337 ea
289 2320 353 2348 quae
366 2311 477 2346 dicunt,
490 2322 581 2351 neque
594 2315 630 2342 de
640 2317 743 2353 quibus
756 2317 920 2356 affirmant.
959 2332 976 2355 C

245 2389 270 2415 1.
285 2388 359 2416 Ν11111
374 2389 409 2417 ita
425 2390 541 2420 humano
551 2393 639 2430 generi
654 2402 738 2432 nocet,
755 2403 782 2424 ut
793 2397 938 2427 amicitiam

202 2439 376 2468 rontemnere,
394 2445 476 2473 neque
489 2437 564 2466 illam
581 2449 641 2468 cum
664 2451 760 2480 magno
775 2444 864 2473 studio
884 2456 936 2474 ser-

202 2489 263 2506 vare
281 2490 286 2505 ε
305 2485 333 2506 ιιι
345 2486 432 2508 contra
444 2481 511 2510 nihil
524 2491 561 2511 est
577 2486 647 2522 quod
661 2486 695 2515 ita
716 2495 784 2516 recte
799 2489 880 2518 vitam
892 2491 935 2519 di-

197 2523 277 2561 iigat,
306 2530 333 2551 ut
355 2524 429 2553 illam
457 2527 516 2555 totis
553 2529 654 2559 viribus
678 2535 801 2571 persequi
828 2547 834 2562 ι
861 2537 932 2574 quod

1281 2018 1414 2046 omnm
1430 2017 1465 2056 β’.

1000 2095 1065 2123 ΓΝΓὸ
1051 2094 1077 2124 οὲ
1089 2094 1162 2128 τέλος
1175 2097 1222 2130 τ’ἥς
1234 2096 1434 2135 παραγγελίας’
1423 2109 1492 2126 εστιν
1503 2098 1592 2136 ἀγάπη
1606 2100 1634 2127 ἐκ
1648 2101 1762 2138 καθαρᾶς

1041 2140 1148 2179 καρδίας
1161 2153 1206 2169 και
1206 2141 1392 2188 Νσυνειδήσεως
1408 2143 1505 2180 ἀγαθῆς
1520 2143 1564 2171 καὶ
1578 2143 1690 2177 πίστεως
1703 2146 1762 2173 ἀνυ-

1038 2186 1178 2225 ποκρίτου
1202 2190 1238 2215 ὡν
1261 2199 1328 2220 τινες
1350 2188 1558 2226 ἀστοχήσαντες,
1581 2189 1761 2229 ἐξετράπησαν

1038 2234 1074 2265 εἰς
1092 2233 1295 2271 ματαιολογίας,
1321 2233 1435 2266 θέλοντες
1452 2230 1519 2263 εἶναι
1532 2235 1760 2272 νομοδιδάσκαλοι,

1037 2278 1074 2315 μὴ
1089 2290 1203 2310 νοουντες
1215 2278 1282 2316 μήτε
1298 2278 1315 2306 ἃ
1329 2278 1473 2317 λέγουσι,μ
1454 2291 1520 2315 αητε
1533 2291 1594 2318 περι
1607 2280 1683 2309 τίνων
1699 2282 1759 2310 δια-

1036 2323 1212 2352 ὅεὸαιοῧνται.

1033 2401 1101 2431 Οὐδὲ
1092 2415 1116 2430 εν
1140 2402 1207 2431 οὕτω
1230 2403 1384 2441 λυμαινεται
1403 2405 1433 2433 τὸ
1452 2406 1503 2433 τῶν
1518 2405 1661 2444 ἀνθρώπιον
1675 2407 1756 2444 γένος,

992 2448 1025 2479 ὡς
1041 2447 1070 2476 τὸ
1084 2447 1171 2486 φιλίας
1183 2453 1363 2503 καταφρονεῖν,
1377 2450 1421 2478 καὶ
1435 2449 1471 2487 μὴ
1483 2450 1549 2487 μετὰ
1561 2452 1659 2485 πολλῆς
1673 2451 1755 2486 αὐτὴν

991 2495 1130 2530 κατορθουν
1143 2495 1189 2528 τῆς
1201 2495 1330 2529 σπουδῆς·
1344 2494 1432 2533 ὥσπερ
1445 2507 1488 2523 ουν
1500 2495 1572 2525 οὐδὲν
1585 2496 1639 2525 πάλ
1643 2508 1664 2524 ιν
1674 2499 1753 2536 ὀρθοῖ,

989 2540 1022 2570 ὡς
1046 2550 1073 2567 το
1096 2550 1163 2567 παντ
1168 2552 1173 2567 ι
1197 2539 1242 2568 005¹
1243 2551 1267 2568 ν;
1274 2552 1279 2567 1
1306 2540 1477 2577 μεταδιώκειν
1496 2541 1586 2577 αυτήν
1613 2542 1665 2571 Και
1681 2545 1754 2571 τοιῬο
