1893 2860
94 571 198 598 thpp.
217 577 234 592 ι.

93 757 164 779 Num.
179 764 215 779 ιι.

92 848 154 868 ,Fon-1
167 856 205 876 pro

96 879 157 898 mal-5
171 880 221 900 red-

93 909 173 929 denda.

98 1713 165 1732 Jtmn.
185 1717 220 1740 17.

242 175 331 212 652b

242 250 298 288 ipsc
309 248 434 279 medendi
451 246 606 274 facultatem
617 256 669 275 non
684 246 802 282 haberet,
816 245 901 274 alium
915 254 978 274 vero

242 293 372 321 inveniret
386 291 432 328 qui
441 300 532 318 curare
545 296 642 329 posset,
655 299 720 317 num
730 288 807 317 illum
817 288 955 328 repelleret
967 288 980 316 3'

242 339 425 374 Nequaquam,
447 334 492 363 sed
508 335 561 362 scre
586 334 624 362 sic
648 334 689 362 illi
710 334 864 371 loqueretur
888 345 894 360 z
919 333 982 362 Sive

242 392 290 421 per
305 392 359 418 mc,
374 381 431 410 sive
448 391 495 419 per
510 387 534 408 tc
548 386 669 415 curetur,
684 379 752 407 nibil
766 379 855 408 refert.
870 379 982 414 Quare?

243 426 315 461 Quia
327 436 379 455 non
389 424 462 464 quod
477 425 539 460 sibi,
551 423 597 453 sed
611 423 684 462 quod
699 424 757 452 filio
769 424 889 452 conferre
901 424 984 463 possit

244 471 362 510 respicit.
375 472 414 499 lta
428 477 453 499 et
465 480 512 498 nos
522 493 529 507 ‚
545 470 568 498 si
582 480 642 508 quae
657 469 796 498 Christum
809 476 928 508 spectant
939 476 983 498 at-

246 516 430 551 tenderemus,
451 515 600 544 diceremus
614 527 620 543 :
637 515 700 545 Sive
722 525 768 554 per
788 524 847 552 nos,
862 514 920 543 sive
938 525 984 554 per

246 563 342 598 alium,
357 561 428 601 quod
439 561 504 590 utile
517 568 556 590 est
569 561 658 589 veniat
674 573 679 588 :
693 561 758 590 Sive
774 562 910 595 veritate,
925 563 985 589 sive

246 610 407 642 occasione,
424 607 528 644 inquit,
544 607 676 635 Christus
690 607 894 636 annuntiatur.
912 605 983 634 Audi

246 653 316 682 enim
330 654 453 692 Moysem
465 651 596 680 dicentem
608 651 641 680 iis
652 651 700 689 qui
714 651 802 690 ipsum
816 651 922 680 irritare
936 661 984 679 vo-

246 699 349 735 lebant,
365 698 472 737 quando
491 697 581 727 Eldad
598 704 623 726 et
643 696 745 726 Modad
762 696 956 736 prophetabant
977 709 981 723 :

246 746 317 774 lt‘oli
335 755 387 780 pro
412 755 457 773 me
475 744 607 772 aemulari
630 755 639 770 :
660 746 724 782 quis
744 744 855 771 dederit
872 753 984 771 omnem

245 790 384 829 populum
402 791 525 818 Domini
541 789 698 827 prophetas
715 791 796 817 esse?
813 787 875 816 Haec
895 787 983 815 omnia

246 847 281 866 cx
295 837 386 875 gloriae
401 845 490 864 amore
508 835 723 873 proficiscuntur.
741 834 814 872 Ergo
828 844 914 863 nonne
928 834 985 862 hoec

246 881 416 910 inimicorum
430 887 455 909 et
468 880 587 908 hostium
599 880 682 908 suut?
696 879 840 908 Maledixit
850 879 899 907 tibi
911 879 985 917 quis-

245 927 340 967 piam?
359 934 389 955 tu
408 927 487 968 illum
499 925 592 964 dilige.
606 925 639 954 Et
657 925 791 963 quomodo
805 925 862 953 fieri
877 925 985 964 potest?

244 974 333 1002 Potest
347 979 372 1001 et
387 970 534 1000 admodum
547 977 642 1010 potest,
657 971 680 998 si
697 970 773 999 velis.
789 969 870 1004 Quod
883 970 905 999 si
919 970 986 998 bene

243 1019 278 1047 de
297 1025 323 1046 te
340 1018 493 1055 loquentem
510 1015 618 1054 diligas,
636 1025 688 1043 non
705 1015 756 1043 tibi
777 1015 862 1054 gratia
886 1022 924 1043 est
937 1014 987 1043 ha-

243 1063 350 1100 benda5
367 1073 419 1091 non
431 1061 502 1090 enim
518 1067 629 1100 propter
642 1060 802 1096 Dominum,
817 1060 861 1089 sed
877 1066 985 1100 propter

243 1108 351 1137 laudem
368 1114 443 1136 tuam
458 1107 487 1135 id
505 1107 579 1135 sacis.
595 1106 694 1135 Nocuit
712 1106 761 1134 tibi
783 1106 917 1145 quispiam
929 1106 942 1133 ,⁰
957 1111 986 1133 tu

243 1153 403 1182 beneficium
422 1153 463 1181 illi
483 1159 578 1191 praesta
602 1164 608 1179 ε
630 1151 653 1180 si
671 1158 761 1180 autem
782 1151 913 1180 beneficia
936 1161 986 1190 pro

243 1198 382 1227 beneficiis
396 1197 558 1237 rependeris,
569 1197 638 1226 nihil
653 1197 743 1235 magni
754 1197 850 1225 fecisti.
868 1197 985 1236 Injurias

244 1251 269 1272 et
283 1244 382 1272 damna
394 1243 513 1272 maxima
527 1253 621 1282 passus
635 1253 662 1271 es
672 1242 685 1270 Ρ
697 1242 828 1270 contraria
841 1241 986 1281 rependere

243 1289 331 1318 stude.
343 1289 397 1325 lta,
411 1298 512 1327 quaeso,
524 1289 561 1317 ita
574 1287 749 1327 disponamus
761 1294 849 1316 nostra
859 1299 866 1322 3
878 1286 985 1315 desina-

243 1345 302 1363 mus
321 1334 449 1373 injuriam
466 1333 562 1361 inferre
581 1339 606 1361 et
630 1332 753 1360 inimicos
770 1331 831 1361 odio
853 1332 951 1360 habere
976 1343 982 1359 :

243 1381 299 1419 ipse
311 1379 432 1408 inimicos
447 1378 559 1417 diligere
572 1379 649 1417 jubet
655 1400 664 1415 ‚
682 1384 707 1406 et
723 1388 770 1406 nos
784 1378 874 1416 ipsum
889 1387 984 1406 aman-

244 1432 298 1454 tem
315 1424 511 1464 persequimur.
530 1423 617 1460 Absit,
635 1422 749 1461 inquies.
772 1423 817 1451 Sic
839 1432 931 1450 omnes
945 1422 985 1450 lo-

243 1470 361 1508 quimur,
375 1469 419 1498 sed
434 1478 486 1498 non
503 1478 595 1496 omnes
622 1467 650 1495 id
673 1467 798 1506 operibus
817 1466 983 1495 exhibemus.

243 1516 332 1545 Tama
349 1520 388 1543 est
407 1512 509 1553 peccati
529 1512 626 1551 caligo,
646 1519 676 1540 ut
697 1522 756 1550 quae
771 1511 862 1540 verbis
883 1522 935 1539 non
946 1511 984 1539 fe-

243 1559 327 1588 renda
346 1565 420 1595 sunt,
443 1557 571 1597 operibus
595 1558 649 1586 sint
672 1556 791 1586 ferenda.
818 1557 986 1585 Absistamus

244 1605 288 1634 vel
300 1614 357 1633 sero
372 1603 479 1632 tandem
495 1603 529 1631 ab
545 1603 578 1631 iis
591 1612 652 1640 quae
667 1602 744 1630 nobis
760 1601 840 1630 noxia
854 1608 879 1630 et
894 1602 986 1641 perni-

245 1650 317 1678 ciosa
332 1655 395 1678 sunt
408 1655 504 1677 nostra:
519 1648 610 1683 saluti,
626 1654 655 1676 ut
670 1657 863 1685 consequamur
877 1657 917 1683 ea,
928 1657 986 1685 quae

247 1696 346 1724 amicos
363 1693 488 1732 consequi
504 1704 552 1733 par
568 1700 616 1721 est.
637 1693 708 1721 Volo
728 1693 816 1729 enim,
836 1692 934 1731 inquit,
955 1699 987 1722 ut

247 1743 297 1770 ubi
309 1751 360 1780 ego
377 1750 449 1777 sum,
464 1740 527 1767 illic
539 1741 595 1768 sint
609 1745 637 1767 et
651 1739 788 1776 discipuli
799 1740 870 1773 mei,
883 1739 983 1777 utglo—

245 1789 322 1815 riam
340 1796 434 1814 meam
451 1785 583 1813 videant.
598 1784 686 1819 Quam
705 1784 809 1812 utinam
829 1794 877 1812 nos
895 1794 985 1812 omnes

247 1841 456 1869 consequamur,
469 1829 554 1868 gratia
568 1836 593 1858 et
603 1829 768 1868 benignitate
778 1828 888 1857 Domini
903 1829 984 1857 nostri

246 1879 310 1907 Jesu
323 1875 436 1912 Christi,
449 1875 558 1913 quicum
571 1874 645 1903 Patri
657 1881 682 1903 et
694 1874 807 1913 Spiritui
821 1880 912 1903 sancto
926 1874 985 1913 glo-

248 1923 287 1950 ria
299 1944 308 1959 ,
323 1920 478 1960 imperium,
495 1920 590 1956 honor,
604 1930 675 1948 nunc
689 1926 713 1948 et
726 1929 837 1958 semper,
852 1926 879 1948 et
894 1919 920 1947 in
935 1929 984 1948 sae-

250 1968 309 1996 cula
323 1967 490 1996 saeculorum.
506 1968 600 1995 Amen.

286 2074 294 2084 ⁴
314 2064 322 2098 1
335 2066 394 2097 ch-
406 2068 494 2095 ἐξιςρεν

593 186 622 207 S.
649 185 788 208 JOANMS
814 184 994 207 CttttYsos'r.

1001 429 1019 451 E
1036 426 1068 454 τὰ
1089 428 1135 461 τ’ἥς
1162 426 1288 464 ὠφελείας
1317 425 1438 462 γινέσθω.

1022 184 1178 207 AttctttEP.
1206 184 1458 209 CONSTANTtNOP
1465 200 1472 207 .

1033 246 1158 283 φλοῒὶσθαι
1173 245 1303 282 μέλλοντα
1314 268 1322 282 ,
1334 246 1409 279 αὗτὸς
1419 245 1466 284 μὲν
1479 250 1489 262 “·“
1498 244 1662 280 ἐξασθενήσει
1673 244 1737 282 πρὸς
1748 244 1796 278 τὴν

1034 289 1160 328 ἰατρείαν,
1173 290 1259 328 ἕτερον
1271 291 1297 318 δὲ
1309 290 1377 328 εὕροι
1386 291 1528 328 δυνάμενον
1540 293 1615 319 τοῦτο
1630 289 1798 328 ἐργάζεσθαι,

1034 331 1085 374 ἆρα
1100 334 1130 362 ἂν
1149 334 1285 369 ἀπήλασεν
1308 335 1559 373 αὔτό“ι;οὖδαμῶς’
1580 335 1649 364 ἀλλὰ
1673 345 1797 372 μονονου-

1035 381 1063 420 χὶ
1083 383 1135 419 ἐρεῖ
1151 381 1214 419 πρὸς
1236 381 1327 409 αὐτόν’
1353 382 1406 409 εἴτε
1426 380 1469 409 διὰ
1493 384 1555 416 σοῦ,
1582 381 1634 409 εἴτε
1659 380 1693 408 δι’
1715 381 1778 416 ἐμοῦ
1791 401 1798 413 ,

1682 424 1746 453 ζὈτι
1770 425 1798 452 οὐ

1036 472 1065 500 τὸ
1079 474 1170 500 ἑαυτοῦ
1184 473 1247 510 ὁρᾷ,
1267 471 1335 500 ἀλλὰ
1353 470 1383 499 τὸ
1402 472 1439 509 τῷ
1464 470 1539 498 παιδὶ
1558 471 1698 509 συμφέρον.
1718 471 1798 499 Οὕτω

1037 517 1081 546 καὶ
1096 519 1193 554 ἡμεῖς,
1217 518 1240 544 εἷ
1262 516 1292 545 τὸ
1315 519 1360 544 τοῦ
1383 516 1498 555 Χριστοῦ
1526 516 1667 554 ἑωρῶμεν,
1691 515 1798 552 εἴπομεν

1038 564 1066 591 ἂν
1077 585 1084 597 ,
1108 563 1158 591 εἴτε
1174 563 1206 591 δι’
1220 565 1303 600 ἡμῶν,
1318 562 1370 590 εἴτε
1384 562 1417 589 δι’
1432 561 1520 599 ἑτέρου
1535 560 1602 592 τινὸς
1615 561 1646 589 τὸ
1668 560 1800 592 λυσιτελὲς

1036 609 1146 646 γινέσθω
1157 620 1163 625 ·
1196 607 1258 636 Εἴτε
1290 606 1400 645 ἀληθείᾳ
1411 628 1418 641 ,
1446 606 1498 634 εἴτε
1538 605 1686 645 προφάσει,
1716 605 1780 644 φησὶ
1792 627 1799 640 ,

1038 653 1151 691 Χριστὸς
1170 652 1387 691 καταγγέλλεται.
1403 650 1494 680 Ἄκουε
1520 650 1572 690 γὰρ
1599 652 1644 679 τοῦ
1666 650 1801 683 Μωῦσέως

1037 699 1155 737 λέγοντος
1176 698 1240 738 πρὸς
1262 698 1321 730 τοὺς
1341 697 1483 737 παροξῦναι
1509 696 1586 725 αὐτὸν
1612 694 1799 734 βουλομένους,

1037 745 1114 780 ἡνίκα
1140 745 1164 772 οἳ
1189 745 1250 782 περὶ
1263 743 1360 773 Ἐλόὰδ
1376 743 1421 772 καὶ
1435 742 1537 772 Μωδὰδ
1547 741 1737 781 προεφήτευον·
1753 740 1800 775 Μὴ

1039 792 1124 825 ζπλοῑς
1147 802 1178 818 συ
1191 790 1267 827 ἐμοί·
1287 801 1333 818 και
1346 789 1384 821 τίς
1399 789 1453 828 edm
1469 788 1556 817 πάντα
1569 787 1612 816 τὸν
1627 787 1690 815 λαὸν
1704 787 1801 826 Κυρίου

1037 847 1173 874 πρυφητας
1186 839 1268 864 εἶναι·
1263 857 1270 870 ,
1283 835 1400 864 Ταυτα
1387 834 1413 862 οὲ
1425 834 1512 863 πάντα
1520 833 1571 862 ἀπὸ
1582 831 1728 872 φιλοδοξίας
1735 831 1802 871 γίνε-

1473 424 1508 453 Ti
1541 425 1638 460 δήποτε
1652 437 1659 460 ;

1006 882 1021 903 F
1037 893 1089 910 ται.
1105 883 1167 920 ‘Apa
1178 882 1224 910 οὔκ
1235 881 1335 919 ἐχθρῶν
1347 891 1430 908 ταυτα
1440 878 1639 916 καιπολεμίων,
1647 873 1715 906 Εἶπε
1722 876 1752 905 σε’
1762 888 1802 908 τις

1038 928 1125 959 κακῶς
1131 927 1288 965 ,ἀγάπησον
1304 925 1381 954 αὗτὸν
1393 925 1434 953 σύ.
1447 924 1498 954 Και
1512 926 1569 957 πῶς
1580 923 1702 959 δυνατόν,
1717 924 1802 951 Δυνα-

1036 973 1091 1006 τὸν,
1102 984 1148 1000 και
1157 972 1255 1010 σφόδρα
1264 971 1404 1006 δυνατον,
1393 970 1437 1000 εὰν
1448 970 1537 1007 θέλῃς·
1550 969 1581 997 ἂν
1588 968 1616 997 δὲ
1624 970 1711 1000 καλῶς
1720 965 1802 996 εἶπόν-

1037 1030 1070 1046 τα
1083 1017 1196 1056 φιλήσῃς
1205 1039 1212 1053 ,
1223 1018 1270 1045 οὒκ
1280 1016 1318 1044 ἔτι
1328 1027 1368 1044 σοι
1382 1016 1471 1055 χάρις·
1487 1016 1516 1044 οὐ
1527 1013 1578 1053 γὰρ
1589 1013 1632 1042 διὰ
1642 1013 1686 1042 τὸν
1697 1013 1803 1051 Κύριον,

1045 1065 1064 1073 a*
1072 1065 1079 1072 ἱ
1092 1063 1099 1075 Χ
1123 1064 1135 1072 ἢ
1150 1063 1157 1075 x
1199 1062 1205 1073 ἱ
1256 1064 1263 1073 3
1332 1062 1338 1072 Ι
1413 1064 1430 1071 ’ν
1544 1059 1550 1070 Ι
1640 1058 1652 1068 1
1755 1057 1764 1068 Ι
1795 1058 1804 1067 Ι

996 1086 1031 1103 557
1038 1073 1105 1092 αΛΛα
1121 1074 1164 1091 etot
1177 1074 1225 1098 την
1241 1074 1371 1101 ευςρημιαν
1385 1072 1461 1090 τουτο
1471 1071 1627 1095 πεποιηκας.
1652 1058 1763 1097 Εὸλαψε
1773 1069 1803 1086 σε

1006 1115 1022 1134 Α
1036 1121 1090 1144 τις,
1105 1108 1272 1148 εὐεργέτησον
1282 1119 1288 1125 ·
1300 1108 1329 1135 ἂν
1343 1107 1370 1135 δὲ
1380 1106 1553 1146 ὠφελήσαντα
1563 1104 1715 1144 ὧφελήσῃς,
1729 1103 1802 1132 οὐδὲν

1039 1155 1106 1192 μέγα
1118 1153 1274 1189 πεποίηκας,
1290 1152 1435 1187 Ἢδικήθης
1460 1151 1505 1180 καὶ
1520 1149 1668 1189 ἐζημιώθης
1689 1149 1723 1178 τὰ
1750 1161 1802 1187 με·

1036 1201 1121 1238 γάλα,
1142 1204 1196 1232 τοῖς
1211 1198 1336 1231 ἐναντίοις
1363 1197 1527 1236 ἀμείψασθαι
1548 1196 1704 1225 σπούδασον.
1731 1194 1801 1228 Ναὶ,

1037 1245 1202 1283 παρακαλῶ,
1217 1243 1285 1272 οὕτω
1310 1244 1450 1280 διοικῶμεν
1466 1240 1499 1269 τὰ
1518 1241 1576 1269 καθ’
1594 1238 1713 1272 ἑαυτούς·
1729 1250 1802 1267 παυ-

1038 1290 1144 1327 σώμεθα
1169 1292 1214 1317 τοῦ
1242 1289 1340 1317 ἀδικεῖν
1361 1287 1405 1316 καὶ
1424 1290 1510 1325 μισεῖν
1532 1284 1592 1318 τοὺς
1609 1283 1730 1324 ἐχθρούς·
1754 1285 1803 1312 αὖ-

1037 1335 1079 1367 τὸς
1102 1334 1161 1366 τοὺς
1175 1333 1283 1372 ἐχθροὺς
1305 1332 1406 1361 κελεύει
1430 1333 1528 1371 φιλεῖν,
1550 1333 1627 1369 ἡμεῖς
1643 1331 1670 1359 δὲ
1689 1332 1735 1358 καὶ
1757 1331 1802 1358 αὖ·

1037 1381 1080 1409 τὸν
1110 1381 1234 1418 φιλοῦντα
1265 1377 1403 1415 διώκομεν.
1433 1377 1481 1411 Μὴ
1505 1376 1604 1414 γένοιτο
1615 1397 1624 1410 ,
1655 1374 1729 1414 φησί.
1754 1375 1803 1412 Τῷ

1039 1425 1137 1465 ῥήματι
1151 1427 1227 1453 τοῦτο
1242 1423 1336 1454 πάντες
1351 1422 1516 1461 φθεγγόμεθα
1526 1443 1534 1457 ,
1550 1421 1593 1450 διὰ
1608 1420 1635 1449 δὲ
1654 1423 1708 1449 τῶν
1720 1419 1802 1459 ἔργων

1037 1472 1066 1499 οὔ
1081 1470 1187 1502 πάντες.
1202 1469 1325 1503 Τοσαύτη
1341 1470 1357 1502 ἡ
1372 1470 1419 1502 τῆς
1441 1467 1571 1506 ἁμαρτίας
1597 1466 1741 1501 σκότωσις,
1762 1465 1804 1493 ὅτι

1038 1516 1104 1554 ἅπερ
1116 1516 1163 1544 οὐκ
1181 1515 1236 1543 ἔστι
1248 1514 1318 1553 λόγῳ
1334 1513 1450 1552 φορητὰ,
1467 1516 1550 1541 ταῦτα
1561 1513 1593 1541 δι’
1608 1511 1690 1550 ἔργων
1702 1510 1804 1550 φορητά

1038 1563 1117 1591 ἐστιν.
1127 1561 1317 1597 Ἀποστῶμεν’
1306 1558 1352 1598 οψὲ
1363 1562 1443 1616 γοῦν
1435 1570 1499 1587 ποτε
1510 1560 1562 1587 τῶν
1576 1557 1746 1596 βλαπτόντων
1757 1556 1805 1586 καὶ

1004 1613 1021 1634 Β
1037 1606 1237 1644 λυμαινομένων
1252 1606 1328 1643 ἡμῶν
1345 1604 1392 1639 τὴν
1410 1603 1553 1643 σωτνρίαν,
1569 1602 1612 1632 ἵνα
1632 1602 1754 1660 τύχωμεν
1766 1604 1802 1630 ὡν

1038 1665 1095 1685 τους
1106 1652 1196 1691 φίλους
1209 1652 1277 1683 εἰκὸς
1293 1655 1391 1690 τυχεῖν.
1414 1650 1493 1680 Θέλω
1507 1649 1570 1688 γὰρ,
1582 1649 1671 1688 φησὶν,
1682 1648 1725 1685 ιν’,
1736 1647 1802 1678 ὅπου

1039 1698 1092 1736 εἰμὶ
1105 1698 1170 1736 ἐγὼ,
1185 1700 1235 1726 ὠσι
1249 1697 1294 1725 καὶ
1321 1697 1345 1725 οἳ
1367 1694 1482 1734 μαθηταί
1505 1706 1572 1733 μου,
1586 1694 1630 1723 ἵνα
1654 1694 1702 1729 τὴν
1727 1693 1802 1727 δόξαν

1038 1746 1118 1782 δρῶσι
1129 1743 1176 1778 τὴν
1191 1742 1268 1781 ἐμήν.
1283 1738 1335 1774 ‘He
1350 1742 1449 1780 γένοιτο
1462 1741 1562 1773 πάντας
1575 1741 1672 1778 ἡμᾶς’
1660 1744 1805 1779 επιτυχεῖν,

1038 1789 1128 1828 χάριτι
1154 1788 1199 1817 καὶ
1224 1787 1405 1826 φιλανθρωπίᾳ
1424 1788 1468 1815 τοῦ
1494 1785 1592 1825 Κυρίου
1619 1787 1696 1823 ἡμῶν
1713 1784 1802 1820 Ἰησοῦ

1039 1836 1153 1874 Χριστοῦ
1162 1856 1170 1869 ,
1187 1833 1245 1871 μεθ’
1259 1829 1288 1862 οὗ
1308 1834 1345 1872 τῷ
1356 1832 1444 1871 Πατρὶ
1456 1831 1512 1869 ἅμα
1526 1833 1564 1870 τῷ
1580 1830 1647 1870 ἁγίῳ
1664 1829 1803 1867 Πνεύματι

1039 1878 1113 1915 δόξα,
1125 1878 1233 1916 κράτος,
1247 1877 1326 1915 τιμὴ,
1347 1879 1391 1905 νῦν
1405 1876 1449 1906 καὶ
1464 1876 1519 1912 ἀεὶ,
1530 1875 1574 1905 καὶ
1588 1877 1624 1908 εἷς
1639 1874 1698 1908 τοὺς
1707 1877 1803 1906 αἰῶνας

1039 1926 1090 1952 τῶν
1106 1924 1216 1953 αἰώνων.
1233 1923 1325 1961 Ἀμήν.

498 2070 552 2094 rjw.
563 2065 602 2088 Ita
617 2064 682 2088 enim
691 2063 769 2088 solent
779 2063 928 2088 recentiores
939 2062 1013 2086 futuri
1025 2062 1137 2094 optatixo
1151 2060 1209 2093 nihl
