<?xml version="1.0" encoding="UTF-8"?>
<!DOCTYPE html PUBLIC "-//W3C//DTD XHTML 1.0 Transitional//EN"
    "http://www.w3.org/TR/xhtml1/DTD/xhtml1-transitional.dtd">
<html xmlns="http://www.w3.org/1999/xhtml" xml:lang="en" lang="en">
 <head>
  <title>
</title>
<meta http-equiv="Content-Type" content="text/html;charset=utf-8" />
  <meta name='ocr-system' content='tesseract 3.04.00' />
  <meta name='ocr-capabilities' content='ocr_page ocr_carea ocr_par ocr_line ocrx_word'/>
</head>
<body>
  <div class='ocr_page' id='page_1' title='image "./operaomniaquaeex11johnuoft/operaomniaquaeex11johnuoft_0231.png"; bbox 0 0 1893 2860; ppageno 0'>
   <div class='ocr_carea' id='block_1_1' title="bbox 569 147 1661 184">
    <p class='ocr_par' dir='ltr' id='par_1_1' title="bbox 569 147 1661 184">
     <span class='ocr_line' id='line_1_1' title="bbox 569 147 1661 184; baseline 0 -12"><span class='ocrx_word' id='word_1_1' title='bbox 569 150 714 172; x_wconf 69' lang='lat' dir='ltr'>llOMlLlAE</span> <span class='ocrx_word' id='word_1_2' title='bbox 743 149 773 170; x_wconf 76' lang='lat' dir='ltr'>IN</span> <span class='ocrx_word' id='word_1_3' title='bbox 804 148 909 170; x_wconf 78' lang='lat' dir='ltr'>EPtsT-</span> <span class='ocrx_word' id='word_1_4' title='bbox 940 147 984 170; x_wconf 77' lang='lat' dir='ltr'>AD</span> <span class='ocrx_word' id='word_1_5' title='bbox 1012 148 1155 171; x_wconf 78' lang='lat' dir='ltr'>PtltLtt‘P.</span> <span class='ocrx_word' id='word_1_6' title='bbox 1594 151 1661 184; x_wconf 75' lang='lat'>217</span> 
     </span>
    </p>
   </div>
   <div class='ocr_carea' id='block_1_2' title="bbox 99 208 1669 764">
    <p class='ocr_par' dir='ltr' id='par_1_2' title="bbox 99 208 1663 295">
     <span class='ocr_line' id='line_1_2' title="bbox 100 208 1663 250; baseline 0.001 -13"><span class='ocrx_word' id='word_1_7' title='bbox 100 220 154 239; x_wconf 84' lang='lat' dir='ltr'>esse</span> <span class='ocrx_word' id='word_1_8' title='bbox 169 209 235 238; x_wconf 82' lang='lat' dir='ltr'>dicit</span> <span class='ocrx_word' id='word_1_9' title='bbox 246 221 251 237; x_wconf 90' lang='lat'><strong>:</strong></span> <span class='ocrx_word' id='word_1_10' title='bbox 262 208 332 237; x_wconf 83' lang='lat' dir='ltr'>unde</span> <span class='ocrx_word' id='word_1_11' title='bbox 341 209 464 248; x_wconf 77' lang='lat' dir='ltr'>arguitur</span> <span class='ocrx_word' id='word_1_12' title='bbox 478 209 557 237; x_wconf 91' lang='lat' dir='ltr'>illum</span> <span class='ocrx_word' id='word_1_13' title='bbox 568 219 703 237; x_wconf 86' lang='lat' dir='ltr'>summum</span> <span class='ocrx_word' id='word_1_14' title='bbox 719 208 865 236; x_wconf 70' lang='lat' dir='ltr'>antistitem</span> <span class='ocrx_word' id='word_1_15' title='bbox 881 215 905 236; x_wconf 88' lang='lat' dir='ltr'>et</span> <span class='ocrx_word' id='word_1_16' title='bbox 920 208 1076 248; x_wconf 81' lang='lat' dir='ltr'>episcopum</span> <span class='ocrx_word' id='word_1_17' title='bbox 1090 208 1187 245; x_wconf 76' lang='lat' dir='ltr'>fuisse5</span> <span class='ocrx_word' id='word_1_18' title='bbox 1198 216 1276 248; x_wconf 83' lang='lat' dir='ltr'>atque</span> <span class='ocrx_word' id='word_1_19' title='bbox 1290 209 1356 238; x_wconf 82' lang='lat' dir='ltr'>adeo</span> <span class='ocrx_word' id='word_1_20' title='bbox 1369 211 1599 250; x_wconf 69' lang='lat' dir='ltr'>Constantinopoli</span> <span class='ocrx_word' id='word_1_21' title='bbox 1616 211 1663 239; x_wconf 73' lang='lat' dir='ltr'>lias</span> 
     </span>
     <span class='ocr_line' id='line_1_3' title="bbox 99 255 1333 295; baseline -0.001 -11"><span class='ocrx_word' id='word_1_22' title='bbox 99 255 224 285; x_wconf 83' lang='lat' dir='ltr'>homilias</span> <span class='ocrx_word' id='word_1_23' title='bbox 237 255 342 283; x_wconf 83' lang='lat' dir='ltr'>habitas</span> <span class='ocrx_word' id='word_1_24' title='bbox 352 255 432 283; x_wconf 85' lang='lat' dir='ltr'>fuisse</span> <span class='ocrx_word' id='word_1_25' title='bbox 443 268 448 283; x_wconf 76' lang='grc' dir='ltr'><strong><em>ε</em></strong></span> <span class='ocrx_word' id='word_1_26' title='bbox 460 266 521 284; x_wconf 82' lang='lat' dir='ltr'>nam</span> <span class='ocrx_word' id='word_1_27' title='bbox 537 256 684 283; x_wconf 76' lang='lat' dir='ltr'>Antiochiae.</span> <span class='ocrx_word' id='word_1_28' title='bbox 704 255 844 295; x_wconf 77' lang='lat' dir='ltr'>presbyter</span> <span class='ocrx_word' id='word_1_29' title='bbox 861 261 964 283; x_wconf 86' lang='lat' dir='ltr'>tantum</span> <span class='ocrx_word' id='word_1_30' title='bbox 976 262 1041 284; x_wconf 79' lang='lat' dir='ltr'>erat.</span> <span class='ocrx_word' id='word_1_31' title='bbox 1329 282 1333 286; x_wconf 87' lang='grc'><strong>,</strong></span> 
     </span>
    </p>

    <p class='ocr_par' dir='ltr' id='par_1_3' title="bbox 99 302 1664 436">
     <span class='ocr_line' id='line_1_4' title="bbox 137 302 1662 343; baseline 0.001 -12"><span class='ocrx_word' id='word_1_32' title='bbox 137 303 258 331; x_wconf 84' lang='lat' dir='ltr'>Plurima</span> <span class='ocrx_word' id='word_1_33' title='bbox 271 303 298 331; x_wconf 91' lang='lat' dir='ltr'>in</span> <span class='ocrx_word' id='word_1_34' title='bbox 310 302 382 330; x_wconf 82' lang='lat' dir='ltr'>hisce</span> <span class='ocrx_word' id='word_1_35' title='bbox 398 302 517 331; x_wconf 85' lang='lat' dir='ltr'>homiliis</span> <span class='ocrx_word' id='word_1_36' title='bbox 532 303 675 331; x_wconf 76' lang='lat' dir='ltr'>observatu</span> <span class='ocrx_word' id='word_1_37' title='bbox 689 302 846 340; x_wconf 77' lang='lat' dir='ltr'>dignissima</span> <span class='ocrx_word' id='word_1_38' title='bbox 863 309 1016 330; x_wconf 76' lang='lat' dir='ltr'>occurrunt.</span> <span class='ocrx_word' id='word_1_39' title='bbox 1027 302 1107 331; x_wconf 88' lang='lat' dir='ltr'>Initio</span> <span class='ocrx_word' id='word_1_40' title='bbox 1124 302 1242 331; x_wconf 69' lang='lat' dir='ltr'>homilia:</span> <span class='ocrx_word' id='word_1_41' title='bbox 1254 304 1348 342; x_wconf 84' lang='lat' dir='ltr'>primae</span> <span class='ocrx_word' id='word_1_42' title='bbox 1360 303 1427 333; x_wconf 89' lang='lat' dir='ltr'>dicit.</span> <span class='ocrx_word' id='word_1_43' title='bbox 1442 303 1662 343; x_wconf 63' lang='lat' dir='ltr'>Cln‘ysostomus‚</span> 
     </span>
     <span class='ocr_line' id='line_1_5' title="bbox 99 349 1664 390; baseline 0.003 -15"><span class='ocrx_word' id='word_1_44' title='bbox 99 349 265 388; x_wconf 78' lang='lat' dir='ltr'>temporibus</span> <span class='ocrx_word' id='word_1_45' title='bbox 279 349 432 386; x_wconf 81' lang='lat' dir='ltr'>apostolicis</span> <span class='ocrx_word' id='word_1_46' title='bbox 444 350 552 379; x_wconf 85' lang='lat' dir='ltr'>nomina</span> <span class='ocrx_word' id='word_1_47' title='bbox 569 350 696 390; x_wconf 86' lang='lat' dir='ltr'>episcopi,</span> <span class='ocrx_word' id='word_1_48' title='bbox 707 349 857 388; x_wconf 86' lang='lat' dir='ltr'>presbyteri</span> <span class='ocrx_word' id='word_1_49' title='bbox 873 356 897 376; x_wconf 76' lang='lat' dir='ltr'>et</span> <span class='ocrx_word' id='word_1_50' title='bbox 910 349 1017 377; x_wconf 83' lang='lat' dir='ltr'>diaconi</span> <span class='ocrx_word' id='word_1_51' title='bbox 1031 350 1184 378; x_wconf 80' lang='lat' dir='ltr'>communia</span> <span class='ocrx_word' id='word_1_52' title='bbox 1198 351 1290 387; x_wconf 83' lang='lat' dir='ltr'>fuisse,</span> <span class='ocrx_word' id='word_1_53' title='bbox 1303 351 1512 390; x_wconf 88' lang='lat' dir='ltr'>episcopumque</span> <span class='ocrx_word' id='word_1_54' title='bbox 1526 351 1664 390; x_wconf 84' lang='lat' dir='ltr'>presbyte-</span> 
     </span>
     <span class='ocr_line' id='line_1_6' title="bbox 99 396 1532 436; baseline 0.003 -14"><span class='ocrx_word' id='word_1_55' title='bbox 99 406 168 431; x_wconf 80' lang='lat' dir='ltr'>rum,</span> <span class='ocrx_word' id='word_1_56' title='bbox 184 396 238 424; x_wconf 86' lang='lat' dir='ltr'>imo</span> <span class='ocrx_word' id='word_1_57' title='bbox 254 407 456 434; x_wconf 77' lang='lat' dir='ltr'>nonnumquam</span> <span class='ocrx_word' id='word_1_58' title='bbox 467 397 610 426; x_wconf 83' lang='lat' dir='ltr'>diaconum</span> <span class='ocrx_word' id='word_1_59' title='bbox 627 404 750 426; x_wconf 80' lang='lat' dir='ltr'>vocatum</span> <span class='ocrx_word' id='word_1_60' title='bbox 761 397 850 424; x_wconf 74' lang='lat' dir='ltr'>[uisse.</span> <span class='ocrx_word' id='word_1_61' title='bbox 863 396 1046 435; x_wconf 73' lang='lat' dir='ltr'>Exemplaque</span> <span class='ocrx_word' id='word_1_62' title='bbox 1059 397 1137 425; x_wconf 83' lang='lat' dir='ltr'>affert</span> <span class='ocrx_word' id='word_1_63' title='bbox 1151 408 1185 425; x_wconf 80' lang='lat' dir='ltr'>ex</span> <span class='ocrx_word' id='word_1_64' title='bbox 1198 397 1328 436; x_wconf 84' lang='lat' dir='ltr'>Epistolis</span> <span class='ocrx_word' id='word_1_65' title='bbox 1338 398 1415 426; x_wconf 86' lang='lat' dir='ltr'>Pauli</span> <span class='ocrx_word' id='word_1_66' title='bbox 1428 398 1532 427; x_wconf 76' lang='lat' dir='ltr'>educta.</span> 
     </span>
    </p>

    <p class='ocr_par' dir='ltr' id='par_1_4' title="bbox 100 442 1666 614">
     <span class='ocr_line' id='line_1_7' title="bbox 138 442 1663 484; baseline 0.002 -13"><span class='ocrx_word' id='word_1_67' title='bbox 138 442 256 471; x_wconf 88' lang='lat' dir='ltr'>Homilia</span> <span class='ocrx_word' id='word_1_68' title='bbox 273 444 349 472; x_wconf 77' lang='lat' dir='ltr'>tertia</span> <span class='ocrx_word' id='word_1_69' title='bbox 362 455 436 472; x_wconf 89' lang='lat' dir='ltr'>num.</span> <span class='ocrx_word' id='word_1_70' title='bbox 452 445 472 472; x_wconf 68' lang='grc'><em>4</em></span> <span class='ocrx_word' id='word_1_71' title='bbox 485 445 673 483; x_wconf 76' lang='lat' dir='ltr'>exsequiarum</span> <span class='ocrx_word' id='word_1_72' title='bbox 689 444 730 472; x_wconf 89' lang='lat' dir='ltr'>sui</span> <span class='ocrx_word' id='word_1_73' title='bbox 744 443 871 482; x_wconf 81' lang='lat' dir='ltr'>temporis</span> <span class='ocrx_word' id='word_1_74' title='bbox 884 443 994 472; x_wconf 88' lang='lat' dir='ltr'>modum</span> <span class='ocrx_word' id='word_1_75' title='bbox 1011 444 1106 482; x_wconf 80' lang='lat' dir='ltr'>carpit,</span> <span class='ocrx_word' id='word_1_76' title='bbox 1121 444 1168 472; x_wconf 88' lang='lat' dir='ltr'>ubi</span> <span class='ocrx_word' id='word_1_77' title='bbox 1181 445 1265 473; x_wconf 79' lang='lat' dir='ltr'>multa</span> <span class='ocrx_word' id='word_1_78' title='bbox 1280 445 1313 473; x_wconf 80' lang='lat' dir='ltr'>ad</span> <span class='ocrx_word' id='word_1_79' title='bbox 1329 446 1529 474; x_wconf 85' lang='lat' dir='ltr'>ostentationem</span> <span class='ocrx_word' id='word_1_80' title='bbox 1543 452 1569 474; x_wconf 87' lang='lat' dir='ltr'>et</span> <span class='ocrx_word' id='word_1_81' title='bbox 1583 455 1663 484; x_wconf 87' lang='lat' dir='ltr'>pom-</span> 
     </span>
     <span class='ocr_line' id='line_1_8' title="bbox 100 489 1664 530; baseline 0.003 -14"><span class='ocrx_word' id='word_1_82' title='bbox 100 499 162 527; x_wconf 84' lang='lat' dir='ltr'>pam</span> <span class='ocrx_word' id='word_1_83' title='bbox 175 489 382 527; x_wconf 80' lang='lat' dir='ltr'>adhibebantur,</span> <span class='ocrx_word' id='word_1_84' title='bbox 398 498 423 519; x_wconf 87' lang='lat' dir='ltr'>et</span> <span class='ocrx_word' id='word_1_85' title='bbox 438 492 554 530; x_wconf 80' lang='lat' dir='ltr'>praeficae</span> <span class='ocrx_word' id='word_1_86' title='bbox 578 492 668 520; x_wconf 83' lang='lat' dir='ltr'>adhuc</span> <span class='ocrx_word' id='word_1_87' title='bbox 681 498 802 520; x_wconf 73' lang='lat' dir='ltr'>veterum</span> <span class='ocrx_word' id='word_1_88' title='bbox 818 490 977 519; x_wconf 58' lang='lat' dir='ltr'>Grtccorum</span> <span class='ocrx_word' id='word_1_89' title='bbox 992 501 1065 520; x_wconf 85' lang='lat' dir='ltr'>more</span> <span class='ocrx_word' id='word_1_90' title='bbox 1080 491 1280 529; x_wconf 79' lang='lat' dir='ltr'>comparebant,</span> <span class='ocrx_word' id='word_1_91' title='bbox 1295 491 1332 520; x_wconf 85' lang='lat' dir='ltr'>ad</span> <span class='ocrx_word' id='word_1_92' title='bbox 1355 492 1537 530; x_wconf 81' lang='lat' dir='ltr'>spectaculum</span> <span class='ocrx_word' id='word_1_93' title='bbox 1551 499 1664 521; x_wconf 72' lang='lat' dir='ltr'>vocatae.</span> 
     </span>
     <span class='ocr_line' id='line_1_9' title="bbox 100 536 1666 578; baseline 0.003 -14"><span class='ocrx_word' id='word_1_94' title='bbox 100 536 175 564; x_wconf 77' lang='lat' dir='ltr'>Dicit</span> <span class='ocrx_word' id='word_1_95' title='bbox 189 544 279 566; x_wconf 89' lang='lat' dir='ltr'>autem</span> <span class='ocrx_word' id='word_1_96' title='bbox 294 537 339 566; x_wconf 91' lang='lat' dir='ltr'>ille</span> <span class='ocrx_word' id='word_1_97' title='bbox 349 560 357 575; x_wconf 84' lang='lat'>,</span> <span class='ocrx_word' id='word_1_98' title='bbox 373 538 445 575; x_wconf 88' lang='lat' dir='ltr'>quod</span> <span class='ocrx_word' id='word_1_99' title='bbox 458 545 496 567; x_wconf 87' lang='lat' dir='ltr'>est</span> <span class='ocrx_word' id='word_1_100' title='bbox 511 538 707 568; x_wconf 77' lang='lat' dir='ltr'>observandum</span> <span class='ocrx_word' id='word_1_101' title='bbox 718 561 726 575; x_wconf 83' lang='lat'><em>‚</em></span> <span class='ocrx_word' id='word_1_102' title='bbox 738 538 772 566; x_wconf 88' lang='lat' dir='ltr'>ab</span> <span class='ocrx_word' id='word_1_103' title='bbox 786 537 912 576; x_wconf 84' lang='lat' dir='ltr'>apostolis</span> <span class='ocrx_word' id='word_1_104' title='bbox 927 537 992 576; x_wconf 85' lang='lat' dir='ltr'>ipsis</span> <span class='ocrx_word' id='word_1_105' title='bbox 1007 537 1182 566; x_wconf 85' lang='lat' dir='ltr'>constitutum</span> <span class='ocrx_word' id='word_1_106' title='bbox 1195 538 1276 566; x_wconf 83' lang='lat' dir='ltr'>fuisse</span> <span class='ocrx_word' id='word_1_107' title='bbox 1290 545 1319 566; x_wconf 88' lang='lat' dir='ltr'>ut</span> <span class='ocrx_word' id='word_1_108' title='bbox 1335 538 1361 566; x_wconf 90' lang='lat' dir='ltr'>in</span> <span class='ocrx_word' id='word_1_109' title='bbox 1374 539 1519 567; x_wconf 76' lang='lat' dir='ltr'>tremendis</span> <span class='ocrx_word' id='word_1_110' title='bbox 1531 539 1666 578; x_wconf 82' lang='lat' dir='ltr'>mysteriis</span> 
     </span>
     <span class='ocr_line' id='line_1_10' title="bbox 100 584 524 614; baseline 0.007 -3"><span class='ocrx_word' id='word_1_111' title='bbox 100 584 227 612; x_wconf 85' lang='lat' dir='ltr'>memoria</span> <span class='ocrx_word' id='word_1_112' title='bbox 241 584 428 614; x_wconf 80' lang='lat' dir='ltr'>defunctorum</span> <span class='ocrx_word' id='word_1_113' title='bbox 438 585 524 614; x_wconf 82' lang='lat' dir='ltr'>fieret.</span> 
     </span>
    </p>

    <p class='ocr_par' dir='ltr' id='par_1_5' title="bbox 101 630 1669 764">
     <span class='ocr_line' id='line_1_11' title="bbox 140 630 1669 671; baseline 0.001 -13"><span class='ocrx_word' id='word_1_114' title='bbox 140 631 172 658; x_wconf 92' lang='lat' dir='ltr'>In</span> <span class='ocrx_word' id='word_1_115' title='bbox 188 630 246 659; x_wconf 75' lang='lat' dir='ltr'>haec</span> <span class='ocrx_word' id='word_1_116' title='bbox 261 631 374 671; x_wconf 83' lang='lat' dir='ltr'>apostoli</span> <span class='ocrx_word' id='word_1_117' title='bbox 390 632 483 667; x_wconf 77' lang='lat' dir='ltr'>verba,</span> <span class='ocrx_word' id='word_1_118' title='bbox 499 633 564 660; x_wconf 87' lang='lat' dir='ltr'>Iloc</span> <span class='ocrx_word' id='word_1_119' title='bbox 579 634 655 660; x_wconf 78' lang='lat' dir='ltr'>enim</span> <span class='ocrx_word' id='word_1_120' title='bbox 670 633 815 660; x_wconf 73' lang='lat' dir='ltr'>sentiatur</span> <span class='ocrx_word' id='word_1_121' title='bbox 826 633 857 658; x_wconf 81' lang='lat' dir='ltr'>in</span> <span class='ocrx_word' id='word_1_122' title='bbox 874 632 968 665; x_wconf 67' lang='lat' dir='ltr'>vohis,</span> <span class='ocrx_word' id='word_1_123' title='bbox 984 631 1064 668; x_wconf 76' lang='lat' dir='ltr'>quod</span> <span class='ocrx_word' id='word_1_124' title='bbox 1079 637 1107 659; x_wconf 83' lang='lat' dir='ltr'>et</span> <span class='ocrx_word' id='word_1_125' title='bbox 1118 633 1148 658; x_wconf 88' lang='lat' dir='ltr'>in</span> <span class='ocrx_word' id='word_1_126' title='bbox 1162 631 1279 659; x_wconf 78' lang='lat' dir='ltr'>Christo</span> <span class='ocrx_word' id='word_1_127' title='bbox 1292 632 1376 668; x_wconf 79' lang='lat' dir='ltr'>Iesu,</span> <span class='ocrx_word' id='word_1_128' title='bbox 1392 634 1442 670; x_wconf 83' lang='lat' dir='ltr'>qui</span> <span class='ocrx_word' id='word_1_129' title='bbox 1453 642 1517 660; x_wconf 80' lang='lat' dir='ltr'>cum</span> <span class='ocrx_word' id='word_1_130' title='bbox 1528 633 1669 670; x_wconf 80' lang='lat' dir='ltr'>informa</span> 
     </span>
     <span class='ocr_line' id='line_1_12' title="bbox 103 677 1668 717; baseline 0.001 -12"><span class='ocrx_word' id='word_1_131' title='bbox 103 678 160 705; x_wconf 76' lang='lat' dir='ltr'>Dei</span> <span class='ocrx_word' id='word_1_132' title='bbox 174 684 259 715; x_wconf 79' lang='lat' dir='ltr'>esset,</span> <span class='ocrx_word' id='word_1_133' title='bbox 277 689 334 706; x_wconf 84' lang='lat' dir='ltr'>non</span> <span class='ocrx_word' id='word_1_134' title='bbox 345 680 482 717; x_wconf 80' lang='lat' dir='ltr'>rapinam</span> <span class='ocrx_word' id='word_1_135' title='bbox 495 680 655 707; x_wconf 81' lang='lat' dir='ltr'>arbitratus</span> <span class='ocrx_word' id='word_1_136' title='bbox 677 684 718 706; x_wconf 84' lang='lat' dir='ltr'>est</span> <span class='ocrx_word' id='word_1_137' title='bbox 738 688 799 706; x_wconf 80' lang='lat' dir='ltr'>esse</span> <span class='ocrx_word' id='word_1_138' title='bbox 813 688 843 706; x_wconf 84' lang='lat' dir='ltr'>se</span> <span class='ocrx_word' id='word_1_139' title='bbox 855 678 999 716; x_wconf 78' lang='lat' dir='ltr'>oequalem</span> <span class='ocrx_word' id='word_1_140' title='bbox 1014 678 1090 717; x_wconf 71' lang='lat' dir='ltr'>Deo,</span> <span class='ocrx_word' id='word_1_141' title='bbox 1107 684 1156 705; x_wconf 87' lang='lat' dir='ltr'>etc.</span> <span class='ocrx_word' id='word_1_142' title='bbox 1173 677 1359 706; x_wconf 78' lang='lat' dir='ltr'>haereticorum</span> <span class='ocrx_word' id='word_1_143' title='bbox 1374 678 1555 716; x_wconf 84' lang='lat' dir='ltr'>primipilares</span> <span class='ocrx_word' id='word_1_144' title='bbox 1569 679 1668 706; x_wconf 83' lang='lat' dir='ltr'>multos</span> 
     </span>
     <span class='ocr_line' id='line_1_13' title="bbox 101 723 1669 764; baseline 0.001 -12"><span class='ocrx_word' id='word_1_145' title='bbox 101 723 224 761; x_wconf 75' lang='lat' dir='ltr'>adducit,</span> <span class='ocrx_word' id='word_1_146' title='bbox 240 725 286 762; x_wconf 89' lang='lat' dir='ltr'>qui</span> <span class='ocrx_word' id='word_1_147' title='bbox 302 725 371 753; x_wconf 88' lang='lat' dir='ltr'>hanc</span> <span class='ocrx_word' id='word_1_148' title='bbox 390 725 540 753; x_wconf 77' lang='lat' dir='ltr'>doctrinam</span> <span class='ocrx_word' id='word_1_149' title='bbox 551 725 712 753; x_wconf 78' lang='lat' dir='ltr'>labefactare</span> <span class='ocrx_word' id='word_1_150' title='bbox 727 724 812 753; x_wconf 81' lang='lat' dir='ltr'>conati</span> <span class='ocrx_word' id='word_1_151' title='bbox 824 732 900 761; x_wconf 82' lang='lat' dir='ltr'>snnt3</span> <span class='ocrx_word' id='word_1_152' title='bbox 917 724 1041 764; x_wconf 87' lang='lat' dir='ltr'>ipsosque</span> <span class='ocrx_word' id='word_1_153' title='bbox 1055 724 1224 763; x_wconf 76' lang='lat' dir='ltr'>paucissimis</span> <span class='ocrx_word' id='word_1_154' title='bbox 1235 724 1298 753; x_wconf 90' lang='lat' dir='ltr'>licet</span> <span class='ocrx_word' id='word_1_155' title='bbox 1312 724 1401 753; x_wconf 74' lang='lat' dir='ltr'>verbis</span> <span class='ocrx_word' id='word_1_156' title='bbox 1425 725 1530 763; x_wconf 77' lang='lat' dir='ltr'>egregie</span> <span class='ocrx_word' id='word_1_157' title='bbox 1550 725 1669 753; x_wconf 87' lang='lat' dir='ltr'>confutat</span> 
     </span>
    </p>
   </div>
   <div class='ocr_carea' id='block_1_3' title="bbox 100 770 1666 855">
    <p class='ocr_par' dir='ltr' id='par_1_6' title="bbox 100 770 1666 855">
     <span class='ocr_line' id='line_1_14' title="bbox 101 770 1666 810; baseline 0.001 -12"><span class='ocrx_word' id='word_1_158' title='bbox 101 777 126 798; x_wconf 90' lang='lat' dir='ltr'>et</span> <span class='ocrx_word' id='word_1_159' title='bbox 149 771 299 809; x_wconf 84' lang='lat' dir='ltr'>prosternit.</span> <span class='ocrx_word' id='word_1_160' title='bbox 316 771 382 806; x_wconf 81' lang='lat' dir='ltr'>Quae</span> <span class='ocrx_word' id='word_1_161' title='bbox 398 771 432 799; x_wconf 86' lang='lat' dir='ltr'>de</span> <span class='ocrx_word' id='word_1_162' title='bbox 446 771 594 800; x_wconf 82' lang='lat' dir='ltr'>haeresibus</span> <span class='ocrx_word' id='word_1_163' title='bbox 609 772 733 800; x_wconf 86' lang='lat' dir='ltr'>omnibus</span> <span class='ocrx_word' id='word_1_164' title='bbox 746 771 773 800; x_wconf 88' lang='lat' dir='ltr'>in</span> <span class='ocrx_word' id='word_1_165' title='bbox 789 771 839 799; x_wconf 91' lang='lat' dir='ltr'>hoc</span> <span class='ocrx_word' id='word_1_166' title='bbox 863 771 964 810; x_wconf 81' lang='lat' dir='ltr'>ingenti</span> <span class='ocrx_word' id='word_1_167' title='bbox 979 781 1090 810; x_wconf 88' lang='lat' dir='ltr'>operum</span> <span class='ocrx_word' id='word_1_168' title='bbox 1107 770 1222 799; x_wconf 79' lang='lat' dir='ltr'>decursu</span> <span class='ocrx_word' id='word_1_169' title='bbox 1238 771 1268 799; x_wconf 81' lang='lat' dir='ltr'>S.</span> <span class='ocrx_word' id='word_1_170' title='bbox 1284 770 1379 799; x_wconf 83' lang='lat' dir='ltr'>doctor</span> <span class='ocrx_word' id='word_1_171' title='bbox 1393 770 1475 807; x_wconf 81' lang='lat' dir='ltr'>dixit,</span> <span class='ocrx_word' id='word_1_172' title='bbox 1492 771 1520 799; x_wconf 86' lang='lat' dir='ltr'>in</span> <span class='ocrx_word' id='word_1_173' title='bbox 1547 770 1666 800; x_wconf 79' lang='lat' dir='ltr'>diatriba</span> 
     </span>
     <span class='ocr_line' id='line_1_15' title="bbox 100 815 603 855; baseline 0.004 -12"><span class='ocrx_word' id='word_1_174' title='bbox 100 815 232 854; x_wconf 84' lang='lat' dir='ltr'>singulari</span> <span class='ocrx_word' id='word_1_175' title='bbox 245 816 409 855; x_wconf 82' lang='lat' dir='ltr'>proferemus</span> <span class='ocrx_word' id='word_1_176' title='bbox 423 817 509 845; x_wconf 90' lang='lat' dir='ltr'>Tomo</span> <span class='ocrx_word' id='word_1_177' title='bbox 524 817 603 845; x_wconf 68' lang='lat' dir='ltr'>XIII.</span> 
     </span>
    </p>
   </div>
   <div class='ocr_carea' id='block_1_4' title="bbox 100 862 1673 1370">
    <p class='ocr_par' dir='ltr' id='par_1_7' title="bbox 100 862 1671 1031">
     <span class='ocr_line' id='line_1_16' title="bbox 141 862 1670 902; baseline 0.001 -12"><span class='ocrx_word' id='word_1_178' title='bbox 141 862 260 890; x_wconf 77' lang='lat' dir='ltr'>Humilia</span> <span class='ocrx_word' id='word_1_179' title='bbox 279 862 383 890; x_wconf 83' lang='lat' dir='ltr'>decima</span> <span class='ocrx_word' id='word_1_180' title='bbox 402 873 476 891; x_wconf 89' lang='lat' dir='ltr'>num.</span> <span class='ocrx_word' id='word_1_181' title='bbox 488 864 506 891; x_wconf 84' lang='lat'>5</span> <span class='ocrx_word' id='word_1_182' title='bbox 529 862 699 892; x_wconf 80' lang='lat' dir='ltr'>incredibilia</span> <span class='ocrx_word' id='word_1_183' title='bbox 714 873 781 902; x_wconf 83' lang='lat' dir='ltr'>pene</span> <span class='ocrx_word' id='word_1_184' title='bbox 794 862 860 891; x_wconf 83' lang='lat' dir='ltr'>dicit</span> <span class='ocrx_word' id='word_1_185' title='bbox 877 862 910 891; x_wconf 88' lang='lat' dir='ltr'>dc</span> <span class='ocrx_word' id='word_1_186' title='bbox 931 863 997 892; x_wconf 78' lang='lat' dir='ltr'>luxu</span> <span class='ocrx_word' id='word_1_187' title='bbox 1012 863 1053 892; x_wconf 88' lang='lat' dir='ltr'>sui</span> <span class='ocrx_word' id='word_1_188' title='bbox 1068 863 1209 902; x_wconf 83' lang='lat' dir='ltr'>temporis,</span> <span class='ocrx_word' id='word_1_189' title='bbox 1224 862 1258 891; x_wconf 85' lang='lat' dir='ltr'>de</span> <span class='ocrx_word' id='word_1_190' title='bbox 1273 863 1332 891; x_wconf 84' lang='lat' dir='ltr'>auri</span> <span class='ocrx_word' id='word_1_191' title='bbox 1348 863 1435 902; x_wconf 88' lang='lat' dir='ltr'>copia,</span> <span class='ocrx_word' id='word_1_192' title='bbox 1451 873 1503 901; x_wconf 87' lang='lat' dir='ltr'>qna</span> <span class='ocrx_word' id='word_1_193' title='bbox 1517 873 1570 891; x_wconf 89' lang='lat' dir='ltr'>non</span> <span class='ocrx_word' id='word_1_194' title='bbox 1589 862 1670 891; x_wconf 89' lang='lat' dir='ltr'>modo</span> 
     </span>
     <span class='ocr_line' id='line_1_17' title="bbox 100 907 1671 949; baseline 0.001 -13"><span class='ocrx_word' id='word_1_195' title='bbox 100 908 235 945; x_wconf 84' lang='lat' dir='ltr'>mulieres,</span> <span class='ocrx_word' id='word_1_196' title='bbox 251 907 296 937; x_wconf 86' lang='lat' dir='ltr'>sed</span> <span class='ocrx_word' id='word_1_197' title='bbox 312 909 391 937; x_wconf 83' lang='lat' dir='ltr'>etiam</span> <span class='ocrx_word' id='word_1_198' title='bbox 414 909 482 938; x_wconf 91' lang='lat' dir='ltr'>muli</span> <span class='ocrx_word' id='word_1_199' title='bbox 506 917 531 938; x_wconf 86' lang='lat' dir='ltr'>et</span> <span class='ocrx_word' id='word_1_200' title='bbox 555 910 616 948; x_wconf 86' lang='lat' dir='ltr'>equi</span> <span class='ocrx_word' id='word_1_201' title='bbox 642 909 876 945; x_wconf 78' lang='lat' dir='ltr'>ornabauiur;dc</span> <span class='ocrx_word' id='word_1_202' title='bbox 902 910 1003 939; x_wconf 71' lang='lat' dir='ltr'>aedium</span> <span class='ocrx_word' id='word_1_203' title='bbox 1018 910 1230 949; x_wconf 83' lang='lat' dir='ltr'>magnificentia,</span> <span class='ocrx_word' id='word_1_204' title='bbox 1244 921 1303 948; x_wconf 81' lang='lat' dir='ltr'>quae</span> <span class='ocrx_word' id='word_1_205' title='bbox 1326 920 1378 939; x_wconf 90' lang='lat' dir='ltr'>non</span> <span class='ocrx_word' id='word_1_206' title='bbox 1402 917 1507 938; x_wconf 84' lang='lat' dir='ltr'>tantum</span> <span class='ocrx_word' id='word_1_207' title='bbox 1528 910 1671 947; x_wconf 89' lang='lat' dir='ltr'>columnis,</span> 
     </span>
     <span class='ocr_line' id='line_1_18' title="bbox 103 955 1670 995; baseline 0.003 -13"><span class='ocrx_word' id='word_1_208' title='bbox 103 955 295 993; x_wconf 76' lang='lat' dir='ltr'>marmoribus,</span> <span class='ocrx_word' id='word_1_209' title='bbox 309 955 459 995; x_wconf 87' lang='lat' dir='ltr'>porticibus</span> <span class='ocrx_word' id='word_1_210' title='bbox 474 963 499 985; x_wconf 83' lang='lat' dir='ltr'>et</span> <span class='ocrx_word' id='word_1_211' title='bbox 513 957 608 985; x_wconf 82' lang='lat' dir='ltr'>statuis</span> <span class='ocrx_word' id='word_1_212' title='bbox 632 956 838 991; x_wconf 81' lang='lat' dir='ltr'>decorabantur,</span> <span class='ocrx_word' id='word_1_213' title='bbox 862 957 909 985; x_wconf 84' lang='lat' dir='ltr'>sed</span> <span class='ocrx_word' id='word_1_214' title='bbox 931 967 1047 995; x_wconf 87' lang='lat' dir='ltr'>quarum</span> <span class='ocrx_word' id='word_1_215' title='bbox 1068 957 1148 985; x_wconf 81' lang='lat' dir='ltr'>etiam</span> <span class='ocrx_word' id='word_1_216' title='bbox 1163 963 1231 986; x_wconf 79' lang='lat' dir='ltr'>tecta</span> <span class='ocrx_word' id='word_1_217' title='bbox 1248 967 1341 994; x_wconf 79' lang='lat' dir='ltr'>aurea,</span> <span class='ocrx_word' id='word_1_218' title='bbox 1357 957 1414 985; x_wconf 75' lang='lat' dir='ltr'>sive</span> <span class='ocrx_word' id='word_1_219' title='bbox 1424 979 1432 993; x_wconf 83' lang='lat'>‚</span> <span class='ocrx_word' id='word_1_220' title='bbox 1451 963 1481 985; x_wconf 91' lang='lat' dir='ltr'>ut</span> <span class='ocrx_word' id='word_1_221' title='bbox 1496 956 1603 986; x_wconf 89' lang='lat' dir='ltr'>credere</span> <span class='ocrx_word' id='word_1_222' title='bbox 1616 964 1670 994; x_wconf 83' lang='lat' dir='ltr'>est,</span> 
     </span>
     <span class='ocr_line' id='line_1_19' title="bbox 101 1001 329 1031; baseline 0.004 -1"><span class='ocrx_word' id='word_1_223' title='bbox 101 1001 230 1030; x_wconf 82' lang='lat' dir='ltr'>deaurata</span> <span class='ocrx_word' id='word_1_224' title='bbox 245 1010 329 1031; x_wconf 83' lang='lat' dir='ltr'>erant.</span> 
     </span>
    </p>

    <p class='ocr_par' dir='ltr' id='par_1_8' title="bbox 103 1049 1673 1323">
     <span class='ocr_line' id='line_1_20' title="bbox 143 1049 1673 1090; baseline 0.001 -12"><span class='ocrx_word' id='word_1_225' title='bbox 143 1049 203 1078; x_wconf 86' lang='lat' dir='ltr'>Sub</span> <span class='ocrx_word' id='word_1_226' title='bbox 217 1050 297 1078; x_wconf 85' lang='lat' dir='ltr'>finem</span> <span class='ocrx_word' id='word_1_227' title='bbox 313 1057 453 1089; x_wconf 69' lang='lat' dir='ltr'>posti-emat</span> <span class='ocrx_word' id='word_1_228' title='bbox 467 1050 578 1079; x_wconf 88' lang='lat' dir='ltr'>demum</span> <span class='ocrx_word' id='word_1_229' title='bbox 590 1050 723 1088; x_wconf 82' lang='lat' dir='ltr'>liomiliae,</span> <span class='ocrx_word' id='word_1_230' title='bbox 736 1058 766 1080; x_wconf 86' lang='lat' dir='ltr'>ut</span> <span class='ocrx_word' id='word_1_231' title='bbox 780 1062 861 1089; x_wconf 82' lang='lat' dir='ltr'>quam</span> <span class='ocrx_word' id='word_1_232' title='bbox 872 1052 963 1088; x_wconf 78' lang='lat' dir='ltr'>ssuxae,</span> <span class='ocrx_word' id='word_1_233' title='bbox 979 1062 1061 1090; x_wconf 85' lang='lat' dir='ltr'>quam</span> <span class='ocrx_word' id='word_1_234' title='bbox 1073 1050 1272 1080; x_wconf 82' lang='lat' dir='ltr'>calamitatibus</span> <span class='ocrx_word' id='word_1_235' title='bbox 1286 1049 1409 1079; x_wconf 67' lang='lat' dir='ltr'>obnoxiae</span> <span class='ocrx_word' id='word_1_236' title='bbox 1424 1061 1465 1079; x_wconf 89' lang='lat' dir='ltr'>res</span> <span class='ocrx_word' id='word_1_237' title='bbox 1480 1051 1604 1080; x_wconf 84' lang='lat' dir='ltr'>mortales</span> <span class='ocrx_word' id='word_1_238' title='bbox 1619 1051 1673 1080; x_wconf 88' lang='lat' dir='ltr'>sint</span> 
     </span>
     <span class='ocr_line' id='line_1_21' title="bbox 103 1095 1673 1136; baseline 0.001 -12"><span class='ocrx_word' id='word_1_239' title='bbox 103 1095 271 1135; x_wconf 87' lang='lat' dir='ltr'>comprobet,</span> <span class='ocrx_word' id='word_1_240' title='bbox 286 1103 398 1135; x_wconf 81' lang='lat' dir='ltr'>strages,</span> <span class='ocrx_word' id='word_1_241' title='bbox 412 1096 497 1125; x_wconf 80' lang='lat' dir='ltr'>caedes</span> <span class='ocrx_word' id='word_1_242' title='bbox 511 1103 536 1125; x_wconf 89' lang='lat' dir='ltr'>et</span> <span class='ocrx_word' id='word_1_243' title='bbox 552 1097 698 1125; x_wconf 86' lang='lat' dir='ltr'>infortunia</span> <span class='ocrx_word' id='word_1_244' title='bbox 709 1120 715 1132; x_wconf 93' lang='lat'><em>,</em></span> <span class='ocrx_word' id='word_1_245' title='bbox 731 1108 790 1136; x_wconf 80' lang='lat' dir='ltr'>quae</span> <span class='ocrx_word' id='word_1_246' title='bbox 808 1099 834 1126; x_wconf 90' lang='lat' dir='ltr'>in</span> <span class='ocrx_word' id='word_1_247' title='bbox 849 1098 911 1126; x_wconf 86' lang='lat' dir='ltr'>aula</span> <span class='ocrx_word' id='word_1_248' title='bbox 926 1097 1112 1136; x_wconf 82' lang='lat' dir='ltr'>Imperatoria,</span> <span class='ocrx_word' id='word_1_249' title='bbox 1127 1107 1174 1125; x_wconf 81' lang='lat' dir='ltr'>sua</span> <span class='ocrx_word' id='word_1_250' title='bbox 1189 1104 1213 1125; x_wconf 85' lang='lat' dir='ltr'>et</span> <span class='ocrx_word' id='word_1_251' title='bbox 1223 1103 1332 1136; x_wconf 86' lang='lat' dir='ltr'>patrum</span> <span class='ocrx_word' id='word_1_252' title='bbox 1348 1097 1488 1134; x_wconf 80' lang='lat' dir='ltr'>memoria,</span> <span class='ocrx_word' id='word_1_253' title='bbox 1506 1099 1673 1135; x_wconf 78' lang='lat' dir='ltr'>contigerant</span> 
     </span>
     <span class='ocr_line' id='line_1_22' title="bbox 104 1142 1673 1184; baseline 0.001 -14"><span class='ocrx_word' id='word_1_254' title='bbox 104 1149 235 1180; x_wconf 80' lang='lat' dir='ltr'>recense13</span> <span class='ocrx_word' id='word_1_255' title='bbox 248 1143 294 1171; x_wconf 86' lang='lat' dir='ltr'>sed</span> <span class='ocrx_word' id='word_1_256' title='bbox 307 1144 394 1172; x_wconf 85' lang='lat' dir='ltr'>tacitis</span> <span class='ocrx_word' id='word_1_257' title='bbox 405 1155 509 1184; x_wconf 83' lang='lat' dir='ltr'>semper</span> <span class='ocrx_word' id='word_1_258' title='bbox 522 1145 718 1183; x_wconf 80' lang='lat' dir='ltr'>Imperatorum</span> <span class='ocrx_word' id='word_1_259' title='bbox 732 1145 902 1182; x_wconf 86' lang='lat' dir='ltr'>aliorumque</span> <span class='ocrx_word' id='word_1_260' title='bbox 917 1144 1087 1181; x_wconf 76' lang='lat' dir='ltr'>nominibus3</span> <span class='ocrx_word' id='word_1_261' title='bbox 1103 1144 1139 1172; x_wconf 85' lang='lat' dir='ltr'>ita</span> <span class='ocrx_word' id='word_1_262' title='bbox 1156 1151 1185 1172; x_wconf 84' lang='lat' dir='ltr'>ut</span> <span class='ocrx_word' id='word_1_263' title='bbox 1197 1142 1303 1172; x_wconf 86' lang='lat' dir='ltr'>nonnisi</span> <span class='ocrx_word' id='word_1_264' title='bbox 1320 1153 1381 1172; x_wconf 89' lang='lat' dir='ltr'>cum</span> <span class='ocrx_word' id='word_1_265' title='bbox 1401 1143 1493 1172; x_wconf 87' lang='lat' dir='ltr'>labore</span> <span class='ocrx_word' id='word_1_266' title='bbox 1507 1143 1608 1182; x_wconf 85' lang='lat' dir='ltr'>ingenti</span> <span class='ocrx_word' id='word_1_267' title='bbox 1622 1154 1673 1183; x_wconf 87' lang='lat' dir='ltr'>po-</span> 
     </span>
     <span class='ocr_line' id='line_1_23' title="bbox 104 1189 1673 1231; baseline 0.001 -14"><span class='ocrx_word' id='word_1_268' title='bbox 104 1189 234 1218; x_wconf 87' lang='lat' dir='ltr'>tuerimus</span> <span class='ocrx_word' id='word_1_269' title='bbox 246 1200 370 1229; x_wconf 82' lang='lat' dir='ltr'>magnam</span> <span class='ocrx_word' id='word_1_270' title='bbox 388 1191 498 1219; x_wconf 87' lang='lat' dir='ltr'>illorum</span> <span class='ocrx_word' id='word_1_271' title='bbox 511 1198 614 1230; x_wconf 82' lang='lat' dir='ltr'>partem</span> <span class='ocrx_word' id='word_1_272' title='bbox 630 1192 657 1219; x_wconf 91' lang='lat' dir='ltr'>in</span> <span class='ocrx_word' id='word_1_273' title='bbox 673 1192 743 1220; x_wconf 85' lang='lat' dir='ltr'>notis</span> <span class='ocrx_word' id='word_1_274' title='bbox 758 1192 903 1231; x_wconf 78' lang='lat' dir='ltr'>explicare.</span> <span class='ocrx_word' id='word_1_275' title='bbox 917 1192 948 1220; x_wconf 91' lang='lat' dir='ltr'>In</span> <span class='ocrx_word' id='word_1_276' title='bbox 963 1191 1130 1230; x_wconf 86' lang='lat' dir='ltr'>quibusdam</span> <span class='ocrx_word' id='word_1_277' title='bbox 1148 1191 1220 1220; x_wconf 84' lang='lat' dir='ltr'>enim</span> <span class='ocrx_word' id='word_1_278' title='bbox 1234 1191 1334 1219; x_wconf 81' lang='lat' dir='ltr'>frustra</span> <span class='ocrx_word' id='word_1_279' title='bbox 1350 1201 1418 1228; x_wconf 87' lang='lat' dir='ltr'>quos</span> <span class='ocrx_word' id='word_1_280' title='bbox 1430 1201 1578 1220; x_wconf 85' lang='lat' dir='ltr'>memorare</span> <span class='ocrx_word' id='word_1_281' title='bbox 1594 1191 1673 1220; x_wconf 72' lang='lat' dir='ltr'>vellet</span> 
     </span>
     <span class='ocr_line' id='line_1_24' title="bbox 104 1237 1673 1278; baseline 0.001 -13"><span class='ocrx_word' id='word_1_282' title='bbox 104 1237 232 1266; x_wconf 84' lang='lat' dir='ltr'>hactenus</span> <span class='ocrx_word' id='word_1_283' title='bbox 245 1238 475 1276; x_wconf 73' lang='lat' dir='ltr'>pei-quisivimus5</span> <span class='ocrx_word' id='word_1_284' title='bbox 491 1249 543 1266; x_wconf 91' lang='lat' dir='ltr'>non</span> <span class='ocrx_word' id='word_1_285' title='bbox 560 1238 640 1267; x_wconf 90' lang='lat' dir='ltr'>modo</span> <span class='ocrx_word' id='word_1_286' title='bbox 652 1238 716 1277; x_wconf 80' lang='lat' dir='ltr'>quia</span> <span class='ocrx_word' id='word_1_287' title='bbox 739 1239 785 1268; x_wconf 92' lang='lat' dir='ltr'>ille</span> <span class='ocrx_word' id='word_1_288' title='bbox 799 1240 857 1268; x_wconf 63' lang='lat' dir='ltr'>brec</span> <span class='ocrx_word' id='word_1_289' title='bbox 874 1238 989 1278; x_wconf 83' lang='lat' dir='ltr'>carptim</span> <span class='ocrx_word' id='word_1_290' title='bbox 1012 1238 1158 1268; x_wconf 84' lang='lat' dir='ltr'>admodum</span> <span class='ocrx_word' id='word_1_291' title='bbox 1174 1239 1263 1273; x_wconf 87' lang='lat' dir='ltr'>refert,</span> <span class='ocrx_word' id='word_1_292' title='bbox 1278 1238 1325 1266; x_wconf 88' lang='lat' dir='ltr'>sed</span> <span class='ocrx_word' id='word_1_293' title='bbox 1338 1237 1419 1266; x_wconf 82' lang='lat' dir='ltr'>etiam</span> <span class='ocrx_word' id='word_1_294' title='bbox 1434 1238 1497 1277; x_wconf 89' lang='lat' dir='ltr'>qnia</span> <span class='ocrx_word' id='word_1_295' title='bbox 1513 1249 1554 1267; x_wconf 90' lang='lat' dir='ltr'>res</span> <span class='ocrx_word' id='word_1_296' title='bbox 1567 1238 1673 1267; x_wconf 81' lang='lat' dir='ltr'>diverse</span> 
     </span>
     <span class='ocr_line' id='line_1_25' title="bbox 106 1285 766 1323; baseline 0.003 -12"><span class='ocrx_word' id='word_1_297' title='bbox 106 1290 206 1321; x_wconf 74' lang='lat' dir='ltr'>narrat,</span> <span class='ocrx_word' id='word_1_298' title='bbox 225 1294 273 1312; x_wconf 85' lang='lat' dir='ltr'>nec</span> <span class='ocrx_word' id='word_1_299' title='bbox 287 1294 347 1313; x_wconf 90' lang='lat' dir='ltr'>cum</span> <span class='ocrx_word' id='word_1_300' title='bbox 362 1285 422 1313; x_wconf 83' lang='lat' dir='ltr'>aliis</span> <span class='ocrx_word' id='word_1_301' title='bbox 437 1285 612 1323; x_wconf 85' lang='lat' dir='ltr'>scriptoribus</span> <span class='ocrx_word' id='word_1_302' title='bbox 628 1286 766 1314; x_wconf 85' lang='lat' dir='ltr'>consentit.</span> 
     </span>
    </p>

    <p class='ocr_par' dir='ltr' id='par_1_9' title="bbox 144 1329 1519 1370">
     <span class='ocr_line' id='line_1_26' title="bbox 144 1329 1519 1370; baseline 0.001 -12"><span class='ocrx_word' id='word_1_303' title='bbox 144 1329 395 1370; x_wconf 79' lang='lat' dir='ltr'>Interpretationem</span> <span class='ocrx_word' id='word_1_304' title='bbox 408 1331 533 1360; x_wconf 85' lang='lat' dir='ltr'>Latinam</span> <span class='ocrx_word' id='word_1_305' title='bbox 547 1332 675 1360; x_wconf 85' lang='lat' dir='ltr'>Flaminii</span> <span class='ocrx_word' id='word_1_306' title='bbox 691 1332 795 1362; x_wconf 89' lang='lat' dir='ltr'>Nobilii</span> <span class='ocrx_word' id='word_1_307' title='bbox 811 1332 982 1370; x_wconf 83' lang='lat' dir='ltr'>retinuimus,</span> <span class='ocrx_word' id='word_1_308' title='bbox 997 1332 1044 1361; x_wconf 84' lang='lat' dir='ltr'>sed</span> <span class='ocrx_word' id='word_1_309' title='bbox 1058 1331 1206 1361; x_wconf 85' lang='lat' dir='ltr'>innumeris</span> <span class='ocrx_word' id='word_1_310' title='bbox 1221 1331 1248 1359; x_wconf 89' lang='lat' dir='ltr'>in</span> <span class='ocrx_word' id='word_1_311' title='bbox 1259 1331 1326 1360; x_wconf 82' lang='lat' dir='ltr'>locis</span> <span class='ocrx_word' id='word_1_312' title='bbox 1342 1329 1519 1360; x_wconf 80' lang='lat' dir='ltr'>emendatam.</span> 
     </span>
    </p>
   </div>
   <div class='ocr_carea' id='block_1_5' title="bbox 268 2544 1531 2573">
    <p class='ocr_par' dir='ltr' id='par_1_10' title="bbox 268 2544 1531 2573">
     <span class='ocr_line' id='line_1_27' title="bbox 268 2544 1531 2573; baseline 0.001 -2"><span class='ocrx_word' id='word_1_313' title='bbox 268 2552 340 2572; x_wconf 68' lang='lat' dir='ltr'>Tou.</span> <span class='ocrx_word' id='word_1_314' title='bbox 362 2552 403 2572; x_wconf 73' lang='lat' dir='ltr'>xi.</span> <span class='ocrx_word' id='word_1_315' title='bbox 1497 2544 1531 2573; x_wconf 74' lang='lat'>13</span> 
     </span>
    </p>
   </div>
  </div>
 </body>
</html>
