1893 2860
92 683 111 697 1.
130 675 181 695 svs.
199 674 233 696 16.

94 707 128 728 13.

92 737 194 766 Philipp.
211 735 233 766 4.

95 806 102 819 ι
110 814 114 818 .
130 798 183 818 Cur.
200 803 233 819 to.

97 835 132 850 12.

580 152 591 159 ,

239 156 305 179 200
578 157 606 175 >-
635 150 773 175 JOANNJS
800 150 980 173 ctlm'SOST.

234 216 407 245 extrinsecus
423 215 451 243 Si
468 214 517 241 lioc
530 220 618 241 autem
641 212 723 249 vulgo
736 212 788 240 fit
782 222 808 239 m
823 211 966 247 militibus,

236 263 320 291 multo
333 273 391 299 ιιιι;ι,,
384 261 415 288 is
434 261 459 288 in
472 260 512 287 liis
524 259 655 287 militibus
678 257 725 295 qui
742 257 843 286 eadunt
862 256 930 285 sub
924 267 968 284 in-

237 306 309 341 ttllig¹
304 305 424 334 tunam:
441 304 493 330 imo
508 313 569 330 xero
585 302 611 334 in
627 301 668 329 his
681 312 712 329 ne
726 301 787 329 licet
800 300 909 338 quidem
928 310 969 328 ιιι-
989 309 1006 330 n

237 362 309 380 ιιιιιιι
322 349 496 383 extrinsecus,
509 347 553 375 scd
568 346 829 375 omniaintiinsccus.
847 345 972 373 Animum

237 394 364 423 excitat-it
379 400 403 421 et
417 392 596 420 inflammavit
608 414 616 429 ‚
633 391 773 419 audaciam
789 390 903 426 indidit,
925 401 973 418 or-

237 440 361 474 dinavit;
380 439 489 467 demum
506 445 601 466 armat.
617 437 671 465 Sed
695 436 757 465 vide
772 444 801 465 ut
825 447 868 465 eos
894 436 975 465 armis

240 485 341 512 induat.
368 485 448 513 State
479 494 546 523 ergo
557 506 565 520 ,
591 483 686 521 inquit.
712 483 833 510 Primum
856 482 976 510 officium

239 541 332 559 corum
343 530 388 568 qui
404 530 431 558 in
447 529 567 557 ordinata
583 535 644 557 suut
657 528 712 556 acie
726 551 732 564 ,
745 535 783 556 est
798 534 826 556 ut
841 528 925 555 sciant
937 538 976 555 re-

242 583 282 604 cte
298 584 385 611 stare;
405 583 429 604 et
450 586 484 603 ex
509 586 538 603 eo
560 575 643 603 multa
665 573 810 602 evenerint.
836 574 977 611 Propterea

245 622 329 649 multa
354 620 420 649 dicit
450 620 484 648 de.
516 619 648 657 statione,
671 619 736 647 alibi
762 618 842 647 etiam
865 619 977 647 dicens:

245 668 342 703 State,
358 666 505 705 vigilale;
520 673 545 694 et
567 675 658 693 rursus
672 687 678 699 ,
700 665 745 693 Sic
764 671 838 693 state
862 667 893 693 in
915 666 979 692 Do-

247 715 324 741 mino
336 719 379 746 ;et
395 722 499 746 rursus,
516 713 572 749 Qui
581 722 610 740 se
622 713 768 739 existimat
777 717 863 747 stare,
880 711 981 739 videat

249 770 283 788 ne
293 760 380 788 cadat
390 770 403 794 ;
419 765 443 786 et
458 769 549 786 rursus
562 780 571 795 ,
590 753 626 786 Ut
640 759 756 796 possitis
768 759 899 786 erunibus
913 768 981 785 con-
1000 764 1017 786 E

239 807 332 846 seclis
341 811 428 833 stare.
444 805 503 832 Non
515 814 577 841 crgo
591 802 737 841 quamlibet
752 803 819 831 dicit
829 803 980 839 stationem,

247 851 293 880 sed
307 861 363 879 eam
380 860 437 888 qua:
452 857 490 878 est
510 857 579 878 recte
593 848 714 877 ordinata
727 860 734 885 3
748 856 772 877 et
786 849 831 887 qui
852 849 889 877 rci
906 849 981 877 mili—

247 894 312 922 taris
328 900 388 921 sunt
403 893 499 932 periti,
515 893 601 921 sciunt
613 899 711 930 quanta
728 892 762 920 sit
776 892 862 920 standi
877 892 979 931 peritia.

246 939 313 966 Nam
325 937 346 966 si
363 937 389 964 in
404 937 558 976 pugilibus,
580 943 604 964 et
630 936 664 964 iis
691 936 737 974 qui
762 936 914 974 luctantur,
931 937 981 964 boc

245 991 305 1012 ante
327 984 380 1011 alia
403 983 589 1020 ludimagister
611 982 751 1021 praecipit,
772 993 865 1021 nempe
891 989 979 1018 stare,

246 1029 331 1057 multo
346 1029 431 1067 magis
455 1028 482 1056 in
499 1028 577 1056 bellis
602 1034 628 1055 et
655 1027 681 1055 in
707 1027 786 1055 rebus
808 1027 980 1055 militaribus.

246 1074 300 1108 Qui
315 1081 365 1102 stat
376 1081 473 1107 rectus,
486 1080 537 1101 stat
548 1083 599 1101 non
613 1072 769 1109 dissolutus,
783 1073 851 1100 nulli
868 1072 981 1101 cedens:

245 1127 367 1148 accurata
379 1118 512 1148 rectitudo
528 1119 645 1147 cernitur
658 1118 685 1146 in
695 1118 816 1146 statione.
830 1119 921 1154 Quare
937 1118 983 1156 qui

246 1176 308 1194 vere
322 1172 384 1194 sunt
406 1165 489 1201 recti,
509 1165 526 1192 ii
542 1171 627 1193 stant:
645 1165 691 1202 qui
704 1171 793 1192 autem
817 1175 869 1192 non
891 1171 980 1198 stant,

247 1222 297 1239 non
311 1212 407 1240 suerint
418 1211 482 1239 recti
493 1233 500 1247 ‚
514 1210 559 1239 sed
575 1210 698 1238 dissoluti
711 1217 735 1238 et
749 1210 837 1238 effusi.
858 1210 917 1238 Non
934 1217 984 1238 stat

246 1258 291 1295 qui
306 1257 378 1295 degit
390 1257 416 1285 in
427 1257 547 1293 deliciis,
565 1256 613 1284 sed
627 1256 763 1294 declinat3
778 1257 841 1285 item
853 1256 983 1293 lascivus,

247 1302 365 1341 pecuniae
381 1301 504 1341 cupidus.
520 1302 573 1336 Qui
589 1301 639 1329 scit
665 1308 733 1330 stare
744 1324 752 1339 ‚
778 1312 812 1330 ex
826 1301 918 1330 cadem
933 1309 985 1330 sta-

247 1347 333 1385 tione,
349 1355 486 1385 tamquam
502 1358 535 1375 ex
561 1347 678 1385 quodam
700 1347 891 1385 fundamento,
912 1358 985 1385 qua:-

248 1403 361 1430 cumque
372 1393 405 1420 ad
417 1393 517 1421 luctam
532 1393 663 1431 pertinent
678 1393 785 1421 habebit
796 1393 886 1421 facilia
899 1400 923 1420 et
935 1404 984 1421 ex-

248 1438 346 1477 pedita.
367 1438 447 1466 State
469 1448 557 1476 ergo,
584 1438 687 1475 inquit,
711 1440 849 1467 succincti
875 1439 985 1467 lumbos

247 1490 359 1512 vestros
369 1485 400 1511 in
417 1485 551 1511 veritate.
567 1484 625 1511 Non
644 1483 709 1511 dicit
732 1483 765 1511 de
791 1494 853 1512 zona
875 1483 961 1512 sensili
979 1495 1031 1524 :175

249 1539 310 1557 nam
324 1529 411 1557 onmia
427 1540 488 1567 quae
501 1529 544 1557 hic
559 1536 634 1566 sunt,
653 1529 689 1557 ita
704 1529 770 1557 dicit
786 1536 814 1557 ut
828 1529 923 1558 cadant
937 1529 987 1557 sul)
1007 1535 1024 1555 Α

249 1575 464 1613 intelligentiam.
489 1574 560 1604 Vide
577 1582 665 1603 autem
689 1575 823 1612 quomodo
848 1575 985 1614 procedat.

249 1620 372 1649 Piimum
386 1620 516 1658 succingit
531 1620 653 1648 militem.
670 1620 745 1655 Quid
765 1621 815 1649 hoc
827 1627 865 1649 est
880 1621 990 1649 autem?

249 1711 325 1740 humi
343 1718 461 1750 repentes
475 1711 555 1739 habet
572 1711 760 1749 cogitationes,
778 1723 825 1752 per
839 1723 931 1740 zonam
947 1723 987 1740 re-

251 1757 359 1796 primit,
375 1768 426 1785 nou
444 1758 532 1785 sinens
548 1768 609 1785 eum
622 1757 747 1796 impediri
766 1769 781 1786 a
795 1758 914 1787 vestibus
928 1769 986 1796 quse

249 1802 326 1831 tibiis
342 1802 529 1841 implicantur,
544 1802 591 1830 sed
605 1802 741 1831 dimittens
762 1811 790 1832 ut
803 1811 891 1832 currat
908 1804 987 1843 pcdi-

250 1849 301 1877 bus
309 1849 411 1877 solutis.
422 1849 502 1877 State
514 1859 590 1887 ergo,
599 1851 738 1877 succincti
746 1850 858 1878 lumbos
865 1856 987 1878 vestros.

254 1893 372 1921 Lumbos
387 1899 474 1920 autem
489 1893 533 1921 hic
545 1892 611 1921 dicit
628 1904 633 1920 :
656 1904 716 1921 nam
732 1894 801 1922 sicut
823 1894 850 1922 in
875 1895 989 1923 navibus

251 1938 357 1972 carina,
375 1938 411 1966 ita
425 1938 505 1966 etiam
517 1938 544 1966 in
561 1938 637 1966 nobis
660 1939 810 1978 subjeetum
833 1940 914 1968 totius
928 1951 989 1969 cor-

253 1984 326 2023 poris
341 1983 426 2012 lumbi
437 1990 500 2012 sunt
514 1996 520 2011 ε
538 1983 692 2012 sicutenim
702 1984 907 2014 fundamentum
920 1992 990 2020 sunt,

252 2037 277 2058 et
292 2040 370 2069 super
382 2029 452 2068 ipsos
467 2036 554 2058 totum
575 2029 736 2068 aedificatur,
752 2038 782 2059 ut
799 2031 893 2060 dicunt
907 2031 992 2060 medi-

254 2075 286 2103 ci.
312 2076 435 2103 Nostram
459 2085 522 2113 ergo
549 2075 707 2114 constringit
727 2076 845 2105 animam
858 2100 864 2112 ,
884 2077 993 2106 lumbos

253 2120 376 2159 cingens:
390 2130 441 2148 non
453 2120 523 2149 enim
534 2120 583 2149 hos
593 2120 659 2148 dicit
671 2121 785 2159 lumbos,
796 2122 842 2150 sed
855 2122 889 2151 ita
904 2123 992 2161 loqui—

255 2172 298 2193 tur
316 2173 344 2194 ut
359 2166 378 2194 ii
403 2166 499 2194 cadant
513 2166 564 2194 sub
580 2166 795 2205 intelligentiam.
812 2168 845 2196 Et
867 2169 936 2197 sicut
951 2179 993 2197 co-

257 2221 316 2239 rum
331 2222 391 2249 quae
408 2218 469 2240 sunt
485 2222 565 2250 supra
578 2219 603 2240 et
623 2212 692 2241 infra
706 2213 792 2242 lumbi
814 2221 876 2242 sunt
898 2215 993 2243 funda-

258 2265 376 2286 mentum
391 2270 396 2285 :
419 2258 455 2286 ita
471 2258 550 2286 etiam
565 2259 592 2287 iu
608 2259 713 2295 'lumbis
728 2260 923 2300 spiritualibus
939 2262 993 2297 Qui

257 2313 320 2341 crgo
342 2303 480 2342 defatigati
501 2311 563 2332 sunt
574 2327 584 2342 7
597 2305 653 2334 illic
667 2316 736 2345 saepe
751 2307 825 2344 quasi
842 2307 868 2335 in
894 2307 992 2336 funda-

259 2354 346 2376 mento
359 2359 452 2377 manus
469 2350 626 2388 imponunt,
641 2358 670 2380 ut
685 2362 712 2380 se
733 2352 878 2381 sustineant
891 2364 896 2380 :
912 2360 936 2382 et
949 2364 993 2382 zo-

293 2450 299 2456 ·
317 2445 374 2477 [Id.
387 2449 609 2483 διανεχαλκσμὲυσν]

291 2492 301 2502 ··
319 2485 405 2515 [Fon.
420 2490 454 2511 καὶ
467 2491 582 2521 καθάπερ,
604 2489 642 2513 vel
664 2494 765 2524 καθάπερ
786 2495 838 2525 γάρ.
863 2491 942 2523 Supra
966 2500 1010 2523 pro

1012 149 1027 172 A
1034 149 1161 173 nctum‘.
1190 149 1251 173 CON
1258 148 1443 172 ST.tNT1N01‘
1451 163 1458 170 .

1023 211 1056 239 Εἴ
1077 210 1104 238 δὲ
1128 210 1171 239 ἐπὶ
1193 212 1244 239 τῶν
1271 212 1399 245 αἰσθητῶν
1415 213 1508 242 τοῦτο,
1522 209 1612 247 πολλῷ
1629 208 1726 246 μᾶλλον
1745 206 1787 235 ἐπὶ

1023 267 1074 282 των
1087 257 1185 289 νοητῶν
1199 258 1383 294 στρατιιιπῶν·
1399 255 1525 292 μᾶλλον
1511 253 1537 282 οὲ
1553 253 1596 282 επὶ
1620 253 1716 282 τούτοιν
1731 252 1788 281 οὐδὲ

1026 299 1095 327 ἔστιν
1113 299 1203 332 ἔξωθεν
1218 299 1387 335 ὁπλίσασθαι,
1406 300 1473 328 ἀλλὰ
1496 299 1582 327 πάντα
1599 298 1707 327 ἔνδοθεν.
1725 296 1790 331 Διή-

1027 357 1095 384 γειρε
1121 345 1164 373 τὸν
1185 345 1264 382 θυμὸν
1276 357 1320 373 και
1335 345 1477 380 ἀνέκαυσε,
1489 344 1635 384 προσέθηκε
1647 356 1675 372 το
1688 343 1791 381 θάρσος,

1028 390 1134 424 ἔστνσεν
1150 389 1241 421 αὐτους
1269 389 1412 421 εὐτάκτως·
1434 390 1524 419 λοιπὸν
1549 390 1675 436 καθοπ)ίΞ
1677 401 1699 417 ει
1722 388 1790 416 Ἀλλ

1028 435 1077 474 ὅρα
1093 437 1148 468 πῶς
1159 435 1203 463 καὶ
1215 435 1365 473 περιτίθησι
1381 435 1413 463 τὰ
1436 435 1513 464 ὅπλα.
1538 436 1624 470 Στῆτε
1646 438 1699 469 οὖν,
1715 433 1790 472 φησί.

1031 482 1140 519 Πρυτον
1149 493 1200 509 των
1210 492 1338 508 τακτικι)ν
1347 481 1426 516 εἶδος,
1435 481 1465 509 τὸ
1477 480 1570 508 εἰδέναι
1580 481 1686 510 ἑστάναι
1698 481 1794 514 καλῶς,

1032 527 1076 555 καὶ
1097 527 1182 556 πολλὰ
1196 526 1268 566 παρὰ
1283 530 1358 554 τοῦτο
1372 526 1472 563 γένοιτο
1485 526 1524 554 ἄν.
1547 526 1598 555 Διὰ
1612 529 1687 555 τοῦτο
1709 525 1794 554 πολλὰ

1032 573 1091 611 περὶ
1106 576 1150 601 τοῦ
1161 574 1253 606 στῆναι
1267 571 1428 609 διαλέγεται,
1441 572 1485 600 καὶ
1501 572 1606 611 ἑτέρωθι
1618 572 1710 609 λέγων,
1723 572 1794 604 Στῆ-

1032 621 1239 658 τε,γρηγορεῑτε·
1250 617 1294 645 καὶ
1307 617 1483 651 πάλιν,()ὔτω
1491 618 1598 652 στήκετε
1610 618 1636 645 ἐν
1646 616 1742 656 Κυρίῳ·
1752 614 1797 644 καὶ

1034 664 1124 700 πάλιν,
1138 664 1171 693 Ὁ
1184 665 1264 692 δοκῶν
1281 664 1399 698 ἑστάναι,
1417 663 1534 701 βλεπέτω
1547 661 1582 700 μὴ
1594 662 1676 700 πέσῃ·
1690 662 1734 690 καὶ
1746 661 1796 689 πά-

1034 709 1157 744 λιν,Ἵνα
1178 711 1303 745 δυνηθῆτε
1334 709 1420 737 πάντα
1446 708 1671 748 κατεργασάμενοι
1694 709 1797 742 στ’ῆναι.

1036 757 1094 784 Οὐκ
1113 756 1164 794 ἄρα
1188 756 1277 787 ἁπλῶς
1298 767 1356 783 τινα
1371 754 1462 783 στάσιν
1478 753 1567 794 φησὶν,
1584 754 1642 782 ἀλλ’
1657 752 1793 781 εὔτακτον·

1036 802 1080 830 καὶ
1093 801 1149 831 ὅσοι
1160 801 1280 839 πολέμιον
1294 801 1357 829 εἰσὶν
1369 801 1501 838 ἔμπειροι,
1519 799 1604 828 ἴσασιν
1620 798 1678 828 ὅσον
1693 799 1748 827 ἐστὶ
1767 799 1797 827 τὸ

1036 848 1131 876 εἰδέναι
1156 848 1271 876 ἑστάναι.
1297 848 1330 875 Εἰ
1356 847 1406 886 γὰρ
1434 846 1477 874 ἐπὶ
1498 848 1549 874 τῶν
1561 845 1738 874 πυκτευόντων
1753 844 1799 873 καὶ

1036 893 1200 921 παλαιόντων
1214 896 1289 921 τοῦτο
1307 893 1358 930 πρὸ
1370 895 1420 920 τῶν
1434 892 1518 920 ἄλλων
1536 893 1549 919 ὁ
1560 890 1730 929 παιδοτρίὸης
1744 903 1799 919 πα-

1038 943 1146 977 ρεγγυᾷ,
1158 938 1187 966 τὸ
1211 938 1333 973 ἑστάναι,
1348 938 1438 975 πολλῷ
1461 938 1559 974 μᾶλλον
1571 938 1596 964 ἐν
1611 941 1664 968 τοῖς
1676 936 1800 974 πολέμοις

1036 983 1079 1011 καὶ
1102 989 1153 1015 τοῖς
1168 988 1363 1023 στρατιωτικοῖς
1377 983 1539 1021 πράγμασιν.
1556 982 1589 1010 ‘O
1615 981 1695 1013 ἑστὼς
1713 982 1802 1021 ὀρθὸς,

1036 1030 1144 1064 ἕστηκεν
1160 1031 1188 1057 οὐ
1205 1027 1406 1067 διακεχυμένος,
1423 1030 1468 1056 οὐκ
1488 1026 1681 1063 ἐπικλινόμενός
1695 1039 1746 1055 τινι
1758 1039 1763 1044 -
1785 1029 1801 1061 ἡ

1038 1075 1148 1115 ἀκριὸὴς
1175 1075 1282 1113 ὀρθότ’,ς
1307 1076 1333 1102 ἐν
1359 1076 1392 1112 τῇ
1417 1073 1507 1102 στάσει
1529 1073 1657 1112 φαίνεται.
1673 1072 1757 1100 ‘'sse-ce
1779 1075 1803 1101 οἱ

1036 1121 1116 1153 ὄντως
1138 1120 1221 1160 ὂρθοι,
1247 1122 1317 1148 οὑτοι
1342 1119 1497 1154 ἑστηκασιν
1512 1120 1535 1147 οἱ
1563 1118 1589 1146 δὲ
1615 1118 1651 1156 μὴ
1677 1119 1803 1153 ἑστῶτες,

1038 1168 1083 1195 οὐκ
1111 1165 1140 1194 ἂν
1164 1169 1214 1193 εἰεν
1236 1164 1318 1204 ὁρθοι,
1343 1164 1409 1193 ἀλλὰ
1426 1163 1604 1199 διαλελυμένοι
1619 1175 1663 1191 και
1677 1163 1802 1202 διακεχυ-

1040 1212 1121 1250 μένοι.
1135 1211 1167 1240 Ὁ
1182 1223 1285 1250 τρυφων
1302 1212 1351 1250 οὐχ
1372 1210 1483 1244 ἕστηκεν
1502 1209 1575 1248 ὄρθος
1590 1231 1597 1244 ,
1624 1208 1692 1237 ἀλλὰ
1714 1208 1804 1237 κέκλι-

1038 1271 1100 1293 ται,
1130 1259 1142 1285 ὃ
1170 1258 1262 1296 λάγνος
1273 1280 1279 1290 ,
1296 1258 1309 1284 ὁ
1322 1255 1526 1295 φιλοχρήματος.
1541 1254 1575 1283 Ὁ
1590 1255 1696 1283 ἑστάναι
1713 1253 1786 1286 εἰδὼς
1796 1276 1804 1289 ,

1041 1305 1085 1332 ἀπ’
1108 1304 1188 1337 αὐτῆς
1216 1304 1264 1336 τῆς
1288 1301 1423 1337 στάσεως,
1452 1301 1541 1339 ὥσπερ
1564 1299 1616 1328 ἀπό
1640 1312 1708 1332 τινος
1727 1302 1806 1337 θεμε-

1040 1349 1095 1377 λίου
1117 1348 1203 1377 πάντα
1227 1350 1327 1385 εὐμαρῆ
1345 1346 1396 1380 ἕξει
1411 1346 1444 1375 τὰ
1465 1349 1511 1381 τῆς
1532 1345 1626 1380 πάλης.
1645 1346 1730 1380 Στῆτε
1752 1341 1805 1381 οἶν,

1040 1394 1119 1433 φησὶ,
1142 1393 1350 1432 περιζωσάμενοι
1371 1392 1418 1427 τὴν
1437 1391 1515 1430 ὀσφὺν
1541 1393 1613 1429 ὑμῶν
1639 1393 1665 1419 ἓν
1688 1391 1805 1429 ἀληθείᾳ,

1041 1441 1081 1468 Οὐ
1104 1439 1165 1478 περὶ
1193 1440 1317 1473 αἱσθητῆς
1344 1438 1426 1471 ζώνης
1450 1437 1528 1476 φησί·
1544 1436 1629 1464 πάντα
1653 1436 1703 1474 γὰρ
1729 1435 1760 1464 τὰ
1780 1438 1805 1465 ἐν

1041 1487 1078 1523 τῷ
1095 1483 1185 1523 χωρίῳ
1204 1483 1287 1522 τούτῳ
1308 1485 1408 1517 νοητῶς
1431 1483 1510 1521 λέγει.
1534 1482 1585 1510 Καὶ
1607 1481 1654 1520 ὅρα
1678 1483 1734 1514 πῶς
1755 1483 1806 1521 ὁδῷ

1042 1530 1187 1569 προῧαίνει.
1209 1531 1318 1569 Πρῶτον
1336 1528 1495 1561 ἀναζώννυσι
1515 1527 1558 1556 τὸν
1576 1526 1749 1566 στρατιώτην.
1770 1528 1806 1556 Τί

1043 1576 1073 1611 δὴ
1100 1575 1176 1604 τοῦτό
1200 1577 1270 1611 ἐστι,
1295 1574 1455 1613 Διαῤῥεόντα
1469 1573 1513 1602 καὶ
1528 1573 1541 1586 *
1553 1571 1737 1611 διακεχυμένον
1750 1576 1807 1604 ταῖς

1043 1621 1205 1660 ἐπιθυμίαις,
1217 1621 1261 1649 καὶ
1276 1620 1364 1659 χαμαὶ
1384 1619 1443 1652 τοὺς
1461 1617 1602 1658 λογισμοὺς
1618 1618 1711 1656 ἔχοντα
1727 1629 1806 1657 συρο-

1044 1668 1133 1705 μένους
1147 1666 1300 1695 ἀναστέλλει
1314 1666 1357 1694 διὰ
1376 1668 1422 1700 τῆς
1438 1665 1535 1700 ζώνης,
1550 1665 1597 1692 οὒκ
1609 1665 1657 1692 ἐῶν
1670 1664 1744 1692 αὐτὸν
1755 1665 1805 1701 ἐμ-

1041 1713 1191 1746 ποδίζεσθαι
1214 1712 1263 1740 ὑπὸ
1290 1714 1341 1739 τῶν
1365 1710 1476 1748 ἱματίων
1504 1708 1726 1747 συμπλεκομένων
1750 1711 1808 1740 ταῖς

1737 1755 1807 1789 >ir-J,-

1042 1764 1174 1797 κνημῖσιν,
1186 1759 1243 1786 ἀλλ’
1257 1756 1370 1789 εὐλύτοις
1379 1761 1431 1788 τοῖς
1445 1756 1520 1784 ποσὶν
1530 1755 1602 1794 ἀφεὶς
1613 1755 1725 1794 τρέχειν.

1042 1817 1069 1833 τε
1083 1801 1126 1833 οὖν
1139 1803 1358 1842 περιζωσάμενοι,
1369 1801 1503 1841 φησὶ,τὴν
1518 1800 1597 1839 ὀσφὺν
1611 1802 1693 1838 ὑμῶν,
1707 1799 1806 1838 Ὀσφὺν

1044 1851 1070 1879 δὲ
1085 1849 1194 1878 ἐνταῦθά
1211 1860 1290 1887 φησι·
1305 1852 1316 1863 ³
1327 1848 1446 1886 καθάπερ
1461 1847 1504 1874 ἐπὶ
1519 1848 1569 1874 τῶν
1585 1848 1654 1880 νηῶν
1668 1848 1684 1880 ἡ
1699 1845 1790 1884 τρόπις
1800 1868 1807 1881 ,

1045 1896 1111 1925 οὕτω
1123 1895 1167 1923 καὶ
1177 1894 1217 1933 ἐφ’
1232 1896 1307 1931 ἡμῶν
1320 1896 1336 1928 ἡ
1349 1893 1470 1924 ὑπόθεσις
1489 1891 1585 1924 παντὸς
1600 1895 1644 1920 τοῦ
1659 1890 1778 1928 σώματος
1790 1893 1806 1925 ἠ

1044 1941 1124 1980 ὀσφύς
1138 1942 1223 1969 ἐστιν·
1238 1939 1328 1977 ὥσπερ
1337 1938 1388 1978 γὰρ
1403 1937 1520 1975 θεμέλιόν
1534 1939 1590 1966 ἐστι
1601 1959 1608 1973 ,
1623 1936 1667 1964 καὶ
1683 1937 1724 1965 ἐπ’
1739 1938 1808 1974 αὐτῷ

1045 1988 1075 2016 τὸ
1097 1992 1148 2016 πᾶν
1161 1987 1350 2023 οἰκοδομεῖται,
1373 1984 1492 2023 καθάπερ
1516 1985 1612 2021 ἰατρῶν
1627 1981 1718 2015 παῖδές
1732 1993 1807 2021 φασι.

1046 2035 1070 2062 Τ
1073 2033 1104 2068 ὴν
1123 2032 1208 2061 τοίνυν
1226 2030 1312 2070 ψυχὴν
1331 2032 1406 2067 ἡμῶν
1432 2029 1568 2067 συσφίγγει
1581 2050 1588 2063 ,
1619 2027 1735 2061 ζωννύων
1761 2027 1809 2063 τὴν

1047 2078 1126 2118 ὀσφύν
1139 2090 1144 2095 ·
1167 2078 1195 2106 οὐ
1214 2076 1265 2115 γὰρ
1288 2075 1318 2111 δὴ
1343 2075 1439 2110 ταύτην
1466 2074 1513 2110 τὴν
1538 2073 1618 2113 ὀσφύν
1640 2085 1727 2112 φησιν,
1743 2073 1810 2102 ἀλλὰ

1047 2126 1146 2160 νοητῶς
1161 2122 1318 2160 διαλέγεται.
1346 2120 1398 2149 Καὶ
1419 2119 1508 2158 ὥσπερ
1529 2122 1580 2147 τῶν
1593 2118 1679 2154 κάτω,
1695 2118 1739 2146 καὶ
1759 2120 1810 2146 τῶν

1048 2171 1102 2199 ἄνω
1116 2172 1132 2205 ἡ
1147 2167 1225 2207 ὀσφὺς
1247 2166 1364 2204 θεμέλιός
1384 2167 1462 2200 ἐστιν,
1486 2164 1553 2193 οὕτω
1573 2163 1616 2192 καὶ
1632 2163 1675 2192 ἐπὶ
1688 2165 1734 2198 τῆς
1746 2175 1811 2199 νοη-

1047 2218 1094 2250 τῆς
1115 2214 1218 2253 ὀσφύος.
1243 2215 1278 2241 Οἱ
1299 2214 1360 2250 γοῦν
1380 2210 1506 2242 πολλάκις
1534 2209 1734 2247 ἀποκαμόντες,
1759 2220 1810 2238 κα-

1049 2261 1131 2300 θάπερ
1155 2262 1192 2292 εἷς
1217 2258 1276 2287 τινὰ
1299 2256 1416 2295 θεμέλιον
1444 2257 1497 2284 ἐκεῖ
1522 2255 1569 2287 τὰς
1590 2259 1680 2294 χεῖρας
1706 2254 1791 2287 θέντες
1803 2277 1810 2290 ,

1048 2306 1128 2338 οὕτως
1141 2303 1246 2336 ἑαυτοὺς
1262 2301 1477 2334 διαὸαστάζουσι·
1498 2300 1543 2329 καὶ
1558 2303 1574 2335 ἡ
1590 2300 1658 2334 ζώνη
1680 2300 1722 2328 διὰ
1736 2302 1813 2328 τοῦτο

1048 2352 1147 2391 γίνεται
1162 2352 1188 2379 ἐν
1207 2354 1259 2382 τοῖς
1278 2347 1416 2385 πολέμοις,
1431 2346 1473 2375 ἵνα
1498 2349 1632 2385 συγκρατῇ
1647 2346 1692 2375 καὶ
1714 2345 1811 2384 συνέχῃ

1061 2457 1121 2488 ἀρεῖ,-
1131 2460 1209 2484 marg.
1218 2449 1293 2475 Savil.
1307 2447 1504 2481 παρασκευάζων]
