<?xml version="1.0" encoding="UTF-8"?>
<!DOCTYPE html PUBLIC "-//W3C//DTD XHTML 1.0 Transitional//EN"
    "http://www.w3.org/TR/xhtml1/DTD/xhtml1-transitional.dtd">
<html xmlns="http://www.w3.org/1999/xhtml" xml:lang="en" lang="en">
 <head>
  <title>
</title>
<meta http-equiv="Content-Type" content="text/html;charset=utf-8" />
  <meta name='ocr-system' content='tesseract 3.04.00' />
  <meta name='ocr-capabilities' content='ocr_page ocr_carea ocr_par ocr_line ocrx_word'/>
</head>
<body>
  <div class='ocr_page' id='page_1' title='image "./operaomniaquaeex11johnuoft/operaomniaquaeex11johnuoft_0620.png"; bbox 0 0 1893 2860; ppageno 0'>
   <div class='ocr_carea' id='block_1_1' title="bbox 114 961 254 1013">
    <p class='ocr_par' dir='ltr' id='par_1_1' title="bbox 114 961 254 1013">
     <span class='ocr_line' id='line_1_1' title="bbox 114 961 253 987; baseline -0.014 -5"><span class='ocrx_word' id='word_1_1' title='bbox 114 961 193 982; x_wconf 67' lang='lat' dir='ltr'>Paulus</span> <span class='ocrx_word' id='word_1_2' title='bbox 216 968 253 987; x_wconf 65' lang='grc' dir='ltr'>ςσ-</span> 
     </span>
     <span class='ocr_line' id='line_1_2' title="bbox 115 993 254 1013; baseline -0.007 -1"><span class='ocrx_word' id='word_1_3' title='bbox 115 993 208 1012; x_wconf 69' lang='lat' dir='ltr'>lienuani</span> <span class='ocrx_word' id='word_1_4' title='bbox 217 993 254 1013; x_wconf 78' lang='lat' dir='ltr'>de-</span> 
     </span>
    </p>
   </div>
   <div class='ocr_carea' id='block_1_2' title="bbox 112 1023 230 1081">
    <p class='ocr_par' dir='ltr' id='par_1_2' title="bbox 112 1023 230 1081">
     <span class='ocr_line' id='line_1_3' title="bbox 112 1023 230 1050; baseline 0.008 -8"><span class='ocrx_word' id='word_1_5' title='bbox 112 1023 230 1050; x_wconf 60' lang='lat' dir='ltr'>spicieltat,</span> 
     </span>
     <span class='ocr_line' id='line_1_4' title="bbox 112 1062 188 1081; baseline 0.013 -8"><span class='ocrx_word' id='word_1_6' title='bbox 112 1062 188 1081; x_wconf 68' lang='lat' dir='ltr'>quare.</span> 
     </span>
    </p>
   </div>
   <div class='ocr_carea' id='block_1_3' title="bbox 117 1375 252 1397">
    <p class='ocr_par' dir='ltr' id='par_1_3' title="bbox 117 1375 252 1397">
     <span class='ocr_line' id='line_1_5' title="bbox 117 1375 252 1397; baseline 0.007 -1"><span class='ocrx_word' id='word_1_7' title='bbox 117 1382 136 1396; x_wconf 86' lang='grc' dir='ltr'>ι.</span> <span class='ocrx_word' id='word_1_8' title='bbox 151 1375 203 1397; x_wconf 76' lang='lat' dir='ltr'>Cor.</span> <span class='ocrx_word' id='word_1_9' title='bbox 218 1375 252 1397; x_wconf 83' lang='lat'>15.</span> 
     </span>
    </p>
   </div>
   <div class='ocr_carea' id='block_1_4' title="bbox 114 1407 152 1429">
    <p class='ocr_par' dir='ltr' id='par_1_4' title="bbox 114 1407 152 1429">
     <span class='ocr_line' id='line_1_6' title="bbox 114 1407 152 1429; baseline 0.053 -2"><span class='ocrx_word' id='word_1_10' title='bbox 114 1407 152 1429; x_wconf 65' lang='lat'>33.</span> 
     </span>
    </p>
   </div>
   <div class='ocr_carea' id='block_1_5' title="bbox 263 151 1043 2097">
    <p class='ocr_par' dir='ltr' id='par_1_5' title="bbox 263 151 1043 2097">
     <span class='ocr_line' id='line_1_7' title="bbox 267 151 623 186; baseline -0.003 0"><span class='ocrx_word' id='word_1_11' title='bbox 267 151 334 186; x_wconf 71' lang='lat'>(302</span> <span class='ocrx_word' id='word_1_12' title='bbox 596 165 623 185; x_wconf 83' lang='lat' dir='ltr'>s.</span> 
     </span>
     <span class='ocr_line' id='line_1_8' title="bbox 308 223 1010 263; baseline -0.003 -11"><span class='ocrx_word' id='word_1_13' title='bbox 308 225 335 252; x_wconf 67' lang='lat'>4.</span> <span class='ocrx_word' id='word_1_14' title='bbox 353 224 430 252; x_wconf 75' lang='lat' dir='ltr'>Talia</span> <span class='ocrx_word' id='word_1_15' title='bbox 445 223 515 251; x_wconf 74' lang='lat' dir='ltr'>enim</span> <span class='ocrx_word' id='word_1_16' title='bbox 533 230 593 252; x_wconf 90' lang='lat' dir='ltr'>sunt</span> <span class='ocrx_word' id='word_1_17' title='bbox 606 224 695 252; x_wconf 86' lang='lat' dir='ltr'>omnia</span> <span class='ocrx_word' id='word_1_18' title='bbox 707 234 767 262; x_wconf 63' lang='lat' dir='ltr'>quie</span> <span class='ocrx_word' id='word_1_19' title='bbox 784 229 912 263; x_wconf 84' lang='lat' dir='ltr'>prosunt;</span> <span class='ocrx_word' id='word_1_20' title='bbox 925 233 1010 261; x_wconf 87' lang='lat' dir='ltr'>neque</span> 
     </span>
     <span class='ocr_line' id='line_1_9' title="bbox 268 267 1009 306; baseline -0.003 -9"><span class='ocrx_word' id='word_1_21' title='bbox 268 269 372 297; x_wconf 82' lang='lat' dir='ltr'>mireris</span> <span class='ocrx_word' id='word_1_22' title='bbox 402 281 407 295; x_wconf 90' lang='grc'>;</span> <span class='ocrx_word' id='word_1_23' title='bbox 435 278 496 295; x_wconf 76' lang='lat' dir='ltr'>nain</span> <span class='ocrx_word' id='word_1_24' title='bbox 521 274 547 296; x_wconf 86' lang='lat' dir='ltr'>et</span> <span class='ocrx_word' id='word_1_25' title='bbox 571 268 764 297; x_wconf 83' lang='lat' dir='ltr'>medicamenta</span> <span class='ocrx_word' id='word_1_26' title='bbox 787 275 812 296; x_wconf 92' lang='lat' dir='ltr'>et</span> <span class='ocrx_word' id='word_1_27' title='bbox 834 267 888 296; x_wconf 89' lang='lat' dir='ltr'>cibi</span> <span class='ocrx_word' id='word_1_28' title='bbox 909 274 1009 306; x_wconf 83' lang='lat' dir='ltr'>aegroto</span> 
     </span>
     <span class='ocr_line' id='line_1_10' title="bbox 269 314 1009 354; baseline 0.001 -13"><span class='ocrx_word' id='word_1_29' title='bbox 269 316 344 354; x_wconf 82' lang='lat' dir='ltr'>prius</span> <span class='ocrx_word' id='word_1_30' title='bbox 358 320 419 342; x_wconf 85' lang='lat' dir='ltr'>sunt</span> <span class='ocrx_word' id='word_1_31' title='bbox 435 315 554 351; x_wconf 86' lang='lat' dir='ltr'>molesti,</span> <span class='ocrx_word' id='word_1_32' title='bbox 569 322 594 344; x_wconf 87' lang='lat' dir='ltr'>et</span> <span class='ocrx_word' id='word_1_33' title='bbox 606 322 669 344; x_wconf 88' lang='lat' dir='ltr'>tunc</span> <span class='ocrx_word' id='word_1_34' title='bbox 685 316 799 344; x_wconf 78' lang='lat' dir='ltr'>asserunt</span> <span class='ocrx_word' id='word_1_35' title='bbox 814 315 966 343; x_wconf 76' lang='lat' dir='ltr'>utilitatem.</span> <span class='ocrx_word' id='word_1_36' title='bbox 979 314 1009 343; x_wconf 89' lang='lat' dir='ltr'>Si</span> 
     </span>
     <span class='ocr_line' id='line_1_11' title="bbox 267 360 1006 400; baseline 0.001 -13"><span class='ocrx_word' id='word_1_37' title='bbox 267 368 355 388; x_wconf 66' lang='lat' dir='ltr'>autem</span> <span class='ocrx_word' id='word_1_38' title='bbox 366 370 417 387; x_wconf 89' lang='lat' dir='ltr'>non</span> <span class='ocrx_word' id='word_1_39' title='bbox 430 360 540 388; x_wconf 85' lang='lat' dir='ltr'>serimus</span> <span class='ocrx_word' id='word_1_40' title='bbox 551 361 696 389; x_wconf 82' lang='lat' dir='ltr'>verborum</span> <span class='ocrx_word' id='word_1_41' title='bbox 711 362 879 400; x_wconf 81' lang='lat' dir='ltr'>gravitatem,</span> <span class='ocrx_word' id='word_1_42' title='bbox 895 368 934 389; x_wconf 88' lang='lat' dir='ltr'>est</span> <span class='ocrx_word' id='word_1_43' title='bbox 946 371 1006 399; x_wconf 88' lang='lat' dir='ltr'>per-</span> 
     </span>
     <span class='ocr_line' id='line_1_12' title="bbox 267 405 1006 446; baseline 0.004 -14"><span class='ocrx_word' id='word_1_44' title='bbox 267 405 389 444; x_wconf 78' lang='lat' dir='ltr'>spicuum</span> <span class='ocrx_word' id='word_1_45' title='bbox 400 406 455 434; x_wconf 78' lang='lat' dir='ltr'>fore</span> <span class='ocrx_word' id='word_1_46' title='bbox 469 413 497 434; x_wconf 92' lang='lat' dir='ltr'>ut</span> <span class='ocrx_word' id='word_1_47' title='bbox 509 407 624 435; x_wconf 82' lang='lat' dir='ltr'>feramus</span> <span class='ocrx_word' id='word_1_48' title='bbox 635 418 681 446; x_wconf 86' lang='lat' dir='ltr'>per</span> <span class='ocrx_word' id='word_1_49' title='bbox 694 407 815 436; x_wconf 81' lang='lat' dir='ltr'>acerbam</span> <span class='ocrx_word' id='word_1_50' title='bbox 826 417 915 435; x_wconf 85' lang='lat' dir='ltr'>rerum</span> <span class='ocrx_word' id='word_1_51' title='bbox 926 417 1006 446; x_wconf 83' lang='lat' dir='ltr'>expe-</span> 
     </span>
     <span class='ocr_line' id='line_1_13' title="bbox 267 452 1004 492; baseline 0.003 -13"><span class='ocrx_word' id='word_1_52' title='bbox 267 452 390 479; x_wconf 85' lang='lat' dir='ltr'>rientiam</span> <span class='ocrx_word' id='word_1_53' title='bbox 408 463 413 478; x_wconf 81' lang='lat' dir='ltr'><em>z</em></span> <span class='ocrx_word' id='word_1_54' title='bbox 431 453 453 480; x_wconf 84' lang='lat' dir='ltr'>si</span> <span class='ocrx_word' id='word_1_55' title='bbox 471 463 548 481; x_wconf 91' lang='lat' dir='ltr'>nemo</span> <span class='ocrx_word' id='word_1_56' title='bbox 572 453 622 481; x_wconf 87' lang='lat' dir='ltr'>fert</span> <span class='ocrx_word' id='word_1_57' title='bbox 639 453 718 482; x_wconf 82' lang='lat' dir='ltr'>verba</span> <span class='ocrx_word' id='word_1_58' title='bbox 742 464 802 491; x_wconf 75' lang='lat' dir='ltr'>quae</span> <span class='ocrx_word' id='word_1_59' title='bbox 817 453 886 481; x_wconf 83' lang='lat' dir='ltr'>fiunt</span> <span class='ocrx_word' id='word_1_60' title='bbox 901 453 934 481; x_wconf 88' lang='lat' dir='ltr'>de</span> <span class='ocrx_word' id='word_1_61' title='bbox 958 463 1004 492; x_wconf 83' lang='lat' dir='ltr'>ge-</span> 
     </span>
     <span class='ocr_line' id='line_1_14' title="bbox 266 498 1006 539; baseline 0.003 -14"><span class='ocrx_word' id='word_1_62' title='bbox 266 498 366 529; x_wconf 79' lang='lat' dir='ltr'>henna,</span> <span class='ocrx_word' id='word_1_63' title='bbox 379 498 469 536; x_wconf 85' lang='lat' dir='ltr'>palam</span> <span class='ocrx_word' id='word_1_64' title='bbox 487 505 541 535; x_wconf 83' lang='lat' dir='ltr'>est,</span> <span class='ocrx_word' id='word_1_65' title='bbox 556 499 713 528; x_wconf 83' lang='lat' dir='ltr'>adveniente</span> <span class='ocrx_word' id='word_1_66' title='bbox 735 499 938 539; x_wconf 84' lang='lat' dir='ltr'>persequutione</span> <span class='ocrx_word' id='word_1_67' title='bbox 958 510 1006 528; x_wconf 65' lang='lat' dir='ltr'>ne&lt;</span> 
     </span>
     <span class='ocr_line' id='line_1_15' title="bbox 266 543 1039 584; baseline 0.001 -13"><span class='ocrx_word' id='word_1_68' title='bbox 266 543 363 572; x_wconf 85' lang='lat' dir='ltr'>minem</span> <span class='ocrx_word' id='word_1_69' title='bbox 378 544 447 572; x_wconf 85' lang='lat' dir='ltr'>ferro</span> <span class='ocrx_word' id='word_1_70' title='bbox 460 552 485 573; x_wconf 89' lang='lat' dir='ltr'>et</span> <span class='ocrx_word' id='word_1_71' title='bbox 506 545 562 584; x_wconf 82' lang='lat' dir='ltr'>igni</span> <span class='ocrx_word' id='word_1_72' title='bbox 584 545 746 574; x_wconf 80' lang='lat' dir='ltr'>obstiturum</span> <span class='ocrx_word' id='word_1_73' title='bbox 767 556 832 574; x_wconf 88' lang='lat' dir='ltr'>esse.</span> <span class='ocrx_word' id='word_1_74' title='bbox 850 548 933 574; x_wconf 88' lang='lat' dir='ltr'>Aures</span> <span class='ocrx_word' id='word_1_75' title='bbox 954 556 1003 574; x_wconf 92' lang='lat' dir='ltr'>no-</span> <span class='ocrx_word' id='word_1_76' title='bbox 1021 550 1039 572; x_wconf 85' lang='lat' dir='ltr'>C</span> 
     </span>
     <span class='ocr_line' id='line_1_16' title="bbox 266 592 1004 627; baseline 0.001 -9"><span class='ocrx_word' id='word_1_77' title='bbox 266 597 332 619; x_wconf 87' lang='lat' dir='ltr'>stras</span> <span class='ocrx_word' id='word_1_78' title='bbox 347 601 516 620; x_wconf 76' lang='lat' dir='ltr'>exerceamus</span> <span class='ocrx_word' id='word_1_79' title='bbox 526 614 533 627; x_wconf 89' lang='lat'><strong><em>‚</em></strong></span> <span class='ocrx_word' id='word_1_80' title='bbox 545 602 578 620; x_wconf 90' lang='lat' dir='ltr'>ne</span> <span class='ocrx_word' id='word_1_81' title='bbox 592 592 736 621; x_wconf 88' lang='lat' dir='ltr'>moliamur</span> <span class='ocrx_word' id='word_1_82' title='bbox 748 604 753 620; x_wconf 91' lang='lat'>:</span> <span class='ocrx_word' id='word_1_83' title='bbox 767 592 828 621; x_wconf 88' lang='lat' dir='ltr'>inde</span> <span class='ocrx_word' id='word_1_84' title='bbox 838 592 909 620; x_wconf 74' lang='lat' dir='ltr'>enirn</span> <span class='ocrx_word' id='word_1_85' title='bbox 923 592 1004 620; x_wconf 87' lang='lat' dir='ltr'>etiam</span> 
     </span>
     <span class='ocr_line' id='line_1_17' title="bbox 265 636 1005 676; baseline 0.003 -12"><span class='ocrx_word' id='word_1_86' title='bbox 265 636 300 665; x_wconf 90' lang='lat' dir='ltr'>ad</span> <span class='ocrx_word' id='word_1_87' title='bbox 328 647 369 665; x_wconf 89' lang='lat' dir='ltr'>res</span> <span class='ocrx_word' id='word_1_88' title='bbox 392 637 464 676; x_wconf 87' lang='lat' dir='ltr'>ipsas</span> <span class='ocrx_word' id='word_1_89' title='bbox 488 637 634 666; x_wconf 73' lang='lat' dir='ltr'>veniemus.</span> <span class='ocrx_word' id='word_1_90' title='bbox 654 638 683 667; x_wconf 85' lang='lat' dir='ltr'>Si</span> <span class='ocrx_word' id='word_1_91' title='bbox 708 648 890 666; x_wconf 78' lang='lat' dir='ltr'><strong>assuescamus</strong></span> <span class='ocrx_word' id='word_1_92' title='bbox 912 638 1005 666; x_wconf 85' lang='lat' dir='ltr'>audire</span> 
     </span>
     <span class='ocr_line' id='line_1_18' title="bbox 266 682 1003 719; baseline 0.001 -9"><span class='ocrx_word' id='word_1_93' title='bbox 266 682 396 711; x_wconf 76' lang='lat' dir='ltr'>terribilia</span> <span class='ocrx_word' id='word_1_94' title='bbox 407 705 414 719; x_wconf 94' lang='lat'><strong><em>,</em></strong></span> <span class='ocrx_word' id='word_1_95' title='bbox 429 683 510 711; x_wconf 87' lang='lat' dir='ltr'>etiam</span> <span class='ocrx_word' id='word_1_96' title='bbox 526 684 656 712; x_wconf 77' lang='lat' dir='ltr'>terribilia</span> <span class='ocrx_word' id='word_1_97' title='bbox 670 683 737 712; x_wconf 87' lang='lat' dir='ltr'>serre</span> <span class='ocrx_word' id='word_1_98' title='bbox 750 694 930 712; x_wconf 88' lang='lat' dir='ltr'>assuescemus</span> <span class='ocrx_word' id='word_1_99' title='bbox 943 695 948 710; x_wconf 92' lang='lat'>:</span> <span class='ocrx_word' id='word_1_100' title='bbox 963 683 1003 711; x_wconf 90' lang='lat' dir='ltr'>sin</span> 
     </span>
     <span class='ocr_line' id='line_1_19' title="bbox 265 728 1003 758; baseline 0.001 -2"><span class='ocrx_word' id='word_1_101' title='bbox 265 735 355 757; x_wconf 82' lang='lat' dir='ltr'>autem</span> <span class='ocrx_word' id='word_1_102' title='bbox 367 728 449 757; x_wconf 87' lang='lat' dir='ltr'>simus</span> <span class='ocrx_word' id='word_1_103' title='bbox 460 728 526 757; x_wconf 90' lang='lat' dir='ltr'>adeo</span> <span class='ocrx_word' id='word_1_104' title='bbox 538 729 663 757; x_wconf 84' lang='lat' dir='ltr'>dissoluti</span> <span class='ocrx_word' id='word_1_105' title='bbox 673 736 699 757; x_wconf 89' lang='lat' dir='ltr'>et</span> <span class='ocrx_word' id='word_1_106' title='bbox 711 730 829 757; x_wconf 82' lang='lat' dir='ltr'>enervati</span> <span class='ocrx_word' id='word_1_107' title='bbox 840 736 911 758; x_wconf 87' lang='lat' dir='ltr'>utne</span> <span class='ocrx_word' id='word_1_108' title='bbox 924 729 1003 758; x_wconf 85' lang='lat' dir='ltr'>verba</span> 
     </span>
     <span class='ocr_line' id='line_1_20' title="bbox 265 774 1004 814; baseline 0.001 -12"><span class='ocrx_word' id='word_1_109' title='bbox 265 774 374 812; x_wconf 85' lang='lat' dir='ltr'>quidem</span> <span class='ocrx_word' id='word_1_110' title='bbox 386 775 500 803; x_wconf 85' lang='lat' dir='ltr'>feramus</span> <span class='ocrx_word' id='word_1_111' title='bbox 511 798 518 811; x_wconf 82' lang='grc'>,</span> <span class='ocrx_word' id='word_1_112' title='bbox 530 775 664 814; x_wconf 87' lang='lat' dir='ltr'>quomodo</span> <span class='ocrx_word' id='word_1_113' title='bbox 677 776 755 804; x_wconf 85' lang='lat' dir='ltr'>rebus</span> <span class='ocrx_word' id='word_1_114' title='bbox 767 776 939 805; x_wconf 75' lang='lat' dir='ltr'>resistemus?</span> <span class='ocrx_word' id='word_1_115' title='bbox 954 775 1004 804; x_wconf 82' lang='lat' dir='ltr'>Vi-</span> 
     </span>
     <span class='ocr_line' id='line_1_21' title="bbox 264 819 1005 860; baseline 0.003 -12"><span class='ocrx_word' id='word_1_116' title='bbox 264 819 313 849; x_wconf 82' lang='lat' dir='ltr'>des</span> <span class='ocrx_word' id='word_1_117' title='bbox 334 820 468 858; x_wconf 87' lang='lat' dir='ltr'>quomodo</span> <span class='ocrx_word' id='word_1_118' title='bbox 496 832 553 859; x_wconf 88' lang='lat' dir='ltr'>quae</span> <span class='ocrx_word' id='word_1_119' title='bbox 577 828 639 849; x_wconf 90' lang='lat' dir='ltr'>sunt</span> <span class='ocrx_word' id='word_1_120' title='bbox 660 822 704 849; x_wconf 87' lang='lat' dir='ltr'>hic</span> <span class='ocrx_word' id='word_1_121' title='bbox 728 821 833 858; x_wconf 87' lang='lat' dir='ltr'>omnia,</span> <span class='ocrx_word' id='word_1_122' title='bbox 862 822 1005 860; x_wconf 82' lang='lat' dir='ltr'>crebraque</span> 
     </span>
     <span class='ocr_line' id='line_1_22' title="bbox 267 865 1006 904; baseline 0.003 -11"><span class='ocrx_word' id='word_1_123' title='bbox 267 865 384 903; x_wconf 81' lang='lat' dir='ltr'>pericula</span> <span class='ocrx_word' id='word_1_124' title='bbox 407 866 535 904; x_wconf 83' lang='lat' dir='ltr'>despiciat</span> <span class='ocrx_word' id='word_1_125' title='bbox 555 866 648 894; x_wconf 84' lang='lat' dir='ltr'>beatus</span> <span class='ocrx_word' id='word_1_126' title='bbox 664 866 782 894; x_wconf 78' lang='lat' dir='ltr'>Paulus?</span> <span class='ocrx_word' id='word_1_127' title='bbox 805 867 917 901; x_wconf 73' lang='lat' dir='ltr'>Quare?</span> <span class='ocrx_word' id='word_1_128' title='bbox 932 868 1006 902; x_wconf 86' lang='lat' dir='ltr'>Quo-</span> 
     </span>
     <span class='ocr_line' id='line_1_23' title="bbox 268 909 1008 951; baseline 0.007 -14"><span class='ocrx_word' id='word_1_129' title='bbox 268 909 339 938; x_wconf 85' lang='lat' dir='ltr'>niam</span> <span class='ocrx_word' id='word_1_130' title='bbox 363 910 504 939; x_wconf 86' lang='lat' dir='ltr'>meditatus</span> <span class='ocrx_word' id='word_1_131' title='bbox 524 918 579 938; x_wconf 80' lang='lat' dir='ltr'>erat</span> <span class='ocrx_word' id='word_1_132' title='bbox 601 911 682 939; x_wconf 78' lang='lat' dir='ltr'>etiam</span> <span class='ocrx_word' id='word_1_133' title='bbox 705 911 853 949; x_wconf 82' lang='lat' dir='ltr'>gehennam</span> <span class='ocrx_word' id='word_1_134' title='bbox 873 912 1008 951; x_wconf 82' lang='lat' dir='ltr'>despicere</span> 
     </span>
     <span class='ocr_line' id='line_1_24' title="bbox 268 957 1007 997; baseline 0.005 -13"><span class='ocrx_word' id='word_1_135' title='bbox 268 967 316 995; x_wconf 81' lang='lat' dir='ltr'>pro</span> <span class='ocrx_word' id='word_1_136' title='bbox 332 957 364 985; x_wconf 85' lang='lat' dir='ltr'>iis</span> <span class='ocrx_word' id='word_1_137' title='bbox 377 968 436 995; x_wconf 79' lang='lat' dir='ltr'>quae</span> <span class='ocrx_word' id='word_1_138' title='bbox 449 959 504 986; x_wconf 90' lang='lat' dir='ltr'>Deo</span> <span class='ocrx_word' id='word_1_139' title='bbox 520 957 634 996; x_wconf 85' lang='lat' dir='ltr'>placent.</span> <span class='ocrx_word' id='word_1_140' title='bbox 650 957 700 986; x_wconf 83' lang='lat' dir='ltr'>Ille</span> <span class='ocrx_word' id='word_1_141' title='bbox 715 968 748 986; x_wconf 90' lang='lat' dir='ltr'>ne</span> <span class='ocrx_word' id='word_1_142' title='bbox 761 958 887 996; x_wconf 75' lang='lat' dir='ltr'>gehennae</span> <span class='ocrx_word' id='word_1_143' title='bbox 899 959 1007 997; x_wconf 89' lang='lat' dir='ltr'>quidem</span> 
     </span>
     <span class='ocr_line' id='line_1_25' title="bbox 267 1003 1042 1043; baseline 0.003 -12"><span class='ocrx_word' id='word_1_144' title='bbox 267 1003 460 1042; x_wconf 73' lang='lat' dir='ltr'>experientiam</span> <span class='ocrx_word' id='word_1_145' title='bbox 473 1003 577 1041; x_wconf 88' lang='lat' dir='ltr'>aliquid</span> <span class='ocrx_word' id='word_1_146' title='bbox 593 1014 647 1031; x_wconf 87' lang='lat' dir='ltr'>esse</span> <span class='ocrx_word' id='word_1_147' title='bbox 661 1004 774 1042; x_wconf 78' lang='lat' dir='ltr'>putabat</span> <span class='ocrx_word' id='word_1_148' title='bbox 785 1011 894 1043; x_wconf 89' lang='lat' dir='ltr'>propter</span> <span class='ocrx_word' id='word_1_149' title='bbox 907 1005 1008 1033; x_wconf 84' lang='lat' dir='ltr'>Christi</span> <span class='ocrx_word' id='word_1_150' title='bbox 1024 1005 1042 1026; x_wconf 77' lang='lat' dir='ltr'>l)</span> 
     </span>
     <span class='ocr_line' id='line_1_26' title="bbox 267 1048 1008 1088; baseline 0.003 -12"><span class='ocrx_word' id='word_1_151' title='bbox 267 1048 429 1076; x_wconf 86' lang='lat' dir='ltr'>desiderium</span> <span class='ocrx_word' id='word_1_152' title='bbox 445 1060 451 1075; x_wconf 67' lang='grc' dir='ltr'>ε</span> <span class='ocrx_word' id='word_1_153' title='bbox 464 1059 512 1077; x_wconf 91' lang='lat' dir='ltr'>nos</span> <span class='ocrx_word' id='word_1_154' title='bbox 526 1059 574 1088; x_wconf 91' lang='lat' dir='ltr'>pro</span> <span class='ocrx_word' id='word_1_155' title='bbox 589 1048 622 1077; x_wconf 88' lang='lat' dir='ltr'>iis</span> <span class='ocrx_word' id='word_1_156' title='bbox 641 1059 700 1086; x_wconf 84' lang='lat' dir='ltr'>quae</span> <span class='ocrx_word' id='word_1_157' title='bbox 714 1049 791 1077; x_wconf 89' lang='lat' dir='ltr'>nobis</span> <span class='ocrx_word' id='word_1_158' title='bbox 809 1050 961 1087; x_wconf 67' lang='lat' dir='ltr'>conferunt,</span> <span class='ocrx_word' id='word_1_159' title='bbox 976 1061 1008 1079; x_wconf 88' lang='lat' dir='ltr'>ne</span> 
     </span>
     <span class='ocr_line' id='line_1_27' title="bbox 266 1093 1007 1134; baseline 0.001 -11"><span class='ocrx_word' id='word_1_160' title='bbox 266 1094 349 1123; x_wconf 76' lang='lat' dir='ltr'>verba</span> <span class='ocrx_word' id='word_1_161' title='bbox 360 1093 470 1132; x_wconf 88' lang='lat' dir='ltr'>quidem</span> <span class='ocrx_word' id='word_1_162' title='bbox 481 1093 514 1122; x_wconf 89' lang='lat' dir='ltr'>de</span> <span class='ocrx_word' id='word_1_163' title='bbox 528 1105 557 1122; x_wconf 86' lang='lat' dir='ltr'>ea</span> <span class='ocrx_word' id='word_1_164' title='bbox 568 1094 707 1133; x_wconf 72' lang='lat' dir='ltr'>patimur?</span> <span class='ocrx_word' id='word_1_165' title='bbox 720 1096 807 1133; x_wconf 84' lang='lat' dir='ltr'>Atque</span> <span class='ocrx_word' id='word_1_166' title='bbox 819 1105 889 1123; x_wconf 88' lang='lat' dir='ltr'>nune</span> <span class='ocrx_word' id='word_1_167' title='bbox 899 1096 1007 1134; x_wconf 86' lang='lat' dir='ltr'>quidem</span> 
     </span>
     <span class='ocr_line' id='line_1_28' title="bbox 265 1139 1007 1180; baseline 0.004 -13"><span class='ocrx_word' id='word_1_168' title='bbox 265 1139 359 1178; x_wconf 86' lang='lat' dir='ltr'>paucis</span> <span class='ocrx_word' id='word_1_169' title='bbox 379 1139 478 1168; x_wconf 85' lang='lat' dir='ltr'>auditis</span> <span class='ocrx_word' id='word_1_170' title='bbox 493 1139 630 1168; x_wconf 85' lang='lat' dir='ltr'>disceditis</span> <span class='ocrx_word' id='word_1_171' title='bbox 644 1152 650 1167; x_wconf 91' lang='lat'>:</span> <span class='ocrx_word' id='word_1_172' title='bbox 664 1150 728 1179; x_wconf 82' lang='lat' dir='ltr'>rogo</span> <span class='ocrx_word' id='word_1_173' title='bbox 739 1147 828 1169; x_wconf 89' lang='lat' dir='ltr'>autem</span> <span class='ocrx_word' id='word_1_174' title='bbox 842 1151 906 1176; x_wconf 80' lang='lat' dir='ltr'>vos,</span> <span class='ocrx_word' id='word_1_175' title='bbox 921 1141 943 1170; x_wconf 91' lang='lat' dir='ltr'>si</span> <span class='ocrx_word' id='word_1_176' title='bbox 955 1153 1007 1180; x_wconf 84' lang='lat' dir='ltr'>qua</span> 
     </span>
     <span class='ocr_line' id='line_1_29' title="bbox 265 1185 1008 1224; baseline 0.005 -12"><span class='ocrx_word' id='word_1_177' title='bbox 265 1192 304 1213; x_wconf 85' lang='lat' dir='ltr'>est</span> <span class='ocrx_word' id='word_1_178' title='bbox 328 1185 355 1213; x_wconf 90' lang='lat' dir='ltr'>in</span> <span class='ocrx_word' id='word_1_179' title='bbox 372 1185 449 1213; x_wconf 85' lang='lat' dir='ltr'>vobis</span> <span class='ocrx_word' id='word_1_180' title='bbox 464 1185 575 1221; x_wconf 83' lang='lat' dir='ltr'>caritas,</span> <span class='ocrx_word' id='word_1_181' title='bbox 591 1192 621 1214; x_wconf 90' lang='lat' dir='ltr'>ut</span> <span class='ocrx_word' id='word_1_182' title='bbox 642 1196 702 1224; x_wconf 86' lang='lat' dir='ltr'>quae</span> <span class='ocrx_word' id='word_1_183' title='bbox 720 1186 754 1214; x_wconf 85' lang='lat' dir='ltr'>de</span> <span class='ocrx_word' id='word_1_184' title='bbox 775 1186 818 1214; x_wconf 88' lang='lat' dir='ltr'>his</span> <span class='ocrx_word' id='word_1_185' title='bbox 838 1187 921 1216; x_wconf 83' lang='lat' dir='ltr'>verba</span> <span class='ocrx_word' id='word_1_186' title='bbox 939 1188 1008 1216; x_wconf 84' lang='lat' dir='ltr'>fiunt</span> 
     </span>
     <span class='ocr_line' id='line_1_30' title="bbox 265 1231 1008 1271; baseline 0.005 -12"><span class='ocrx_word' id='word_1_187' title='bbox 265 1238 392 1270; x_wconf 82' lang='lat' dir='ltr'>perpetuo</span> <span class='ocrx_word' id='word_1_188' title='bbox 406 1231 526 1260; x_wconf 87' lang='lat' dir='ltr'>versetis.</span> <span class='ocrx_word' id='word_1_189' title='bbox 543 1231 620 1260; x_wconf 86' lang='lat' dir='ltr'>Nihil</span> <span class='ocrx_word' id='word_1_190' title='bbox 634 1239 757 1271; x_wconf 88' lang='lat' dir='ltr'>poterunt</span> <span class='ocrx_word' id='word_1_191' title='bbox 775 1243 886 1270; x_wconf 87' lang='lat' dir='ltr'>nocere,</span> <span class='ocrx_word' id='word_1_192' title='bbox 904 1234 1008 1263; x_wconf 87' lang='lat' dir='ltr'>etiamsi</span> 
     </span>
     <span class='ocr_line' id='line_1_31' title="bbox 266 1277 1006 1318; baseline 0.005 -13"><span class='ocrx_word' id='word_1_193' title='bbox 266 1287 317 1305; x_wconf 92' lang='lat' dir='ltr'>non</span> <span class='ocrx_word' id='word_1_194' title='bbox 333 1277 436 1316; x_wconf 85' lang='lat' dir='ltr'>prosint</span> <span class='ocrx_word' id='word_1_195' title='bbox 455 1289 461 1305; x_wconf 71' lang='grc' dir='ltr'>ι</span> <span class='ocrx_word' id='word_1_196' title='bbox 479 1284 550 1306; x_wconf 87' lang='lat' dir='ltr'>certo</span> <span class='ocrx_word' id='word_1_197' title='bbox 563 1284 652 1306; x_wconf 84' lang='lat' dir='ltr'>autem</span> <span class='ocrx_word' id='word_1_198' title='bbox 671 1277 726 1306; x_wconf 90' lang='lat' dir='ltr'>scio</span> <span class='ocrx_word' id='word_1_199' title='bbox 747 1278 820 1316; x_wconf 87' lang='lat' dir='ltr'>quod</span> <span class='ocrx_word' id='word_1_200' title='bbox 836 1279 984 1318; x_wconf 88' lang='lat' dir='ltr'>proderunt</span> <span class='ocrx_word' id='word_1_201' title='bbox 1000 1293 1006 1309; x_wconf 90' lang='lat'>:</span> 
     </span>
     <span class='ocr_line' id='line_1_32' title="bbox 265 1323 1007 1364; baseline 0.004 -13"><span class='ocrx_word' id='word_1_202' title='bbox 265 1332 328 1351; x_wconf 83' lang='lat' dir='ltr'>nam</span> <span class='ocrx_word' id='word_1_203' title='bbox 350 1333 384 1351; x_wconf 77' lang='lat' dir='ltr'>ex</span> <span class='ocrx_word' id='word_1_204' title='bbox 405 1323 573 1352; x_wconf 86' lang='lat' dir='ltr'>sermonibus</span> <span class='ocrx_word' id='word_1_205' title='bbox 597 1323 753 1361; x_wconf 72' lang='lat' dir='ltr'>qualitatem</span> <span class='ocrx_word' id='word_1_206' title='bbox 775 1325 887 1364; x_wconf 88' lang='lat' dir='ltr'>suscipit</span> <span class='ocrx_word' id='word_1_207' title='bbox 907 1325 1007 1354; x_wconf 85' lang='lat' dir='ltr'>anima.</span> 
     </span>
     <span class='ocr_line' id='line_1_33' title="bbox 268 1369 1010 1410; baseline 0.003 -13"><span class='ocrx_word' id='word_1_208' title='bbox 268 1369 463 1408; x_wconf 79' lang='lat' dir='ltr'>Corrumpunt</span> <span class='ocrx_word' id='word_1_209' title='bbox 497 1369 568 1397; x_wconf 88' lang='lat' dir='ltr'>enim</span> <span class='ocrx_word' id='word_1_210' title='bbox 608 1370 698 1397; x_wconf 84' lang='lat' dir='ltr'>bonos</span> <span class='ocrx_word' id='word_1_211' title='bbox 735 1380 828 1398; x_wconf 83' lang='lat' dir='ltr'>mores</span> <span class='ocrx_word' id='word_1_212' title='bbox 861 1371 1010 1410; x_wconf 77' lang='lat' dir='ltr'>colloquia</span> 
     </span>
     <span class='ocr_line' id='line_1_34' title="bbox 265 1414 1009 1453; baseline 0.004 -11"><span class='ocrx_word' id='word_1_213' title='bbox 265 1425 370 1453; x_wconf 81' lang='lat' dir='ltr'>prava.</span> <span class='ocrx_word' id='word_1_214' title='bbox 393 1416 495 1444; x_wconf 78' lang='lat' dir='ltr'>Juvant</span> <span class='ocrx_word' id='word_1_215' title='bbox 511 1425 573 1453; x_wconf 83' lang='lat' dir='ltr'>ergo</span> <span class='ocrx_word' id='word_1_216' title='bbox 588 1414 721 1452; x_wconf 85' lang='lat' dir='ltr'>colloquia</span> <span class='ocrx_word' id='word_1_217' title='bbox 734 1415 821 1452; x_wconf 83' lang='lat' dir='ltr'>bona3</span> <span class='ocrx_word' id='word_1_218' title='bbox 837 1415 969 1445; x_wconf 85' lang='lat' dir='ltr'>modestos</span> <span class='ocrx_word' id='word_1_219' title='bbox 984 1424 1009 1446; x_wconf 91' lang='lat' dir='ltr'>et</span> 
     </span>
     <span class='ocr_line' id='line_1_35' title="bbox 266 1459 1043 1498; baseline 0.004 -11"><span class='ocrx_word' id='word_1_220' title='bbox 266 1466 441 1498; x_wconf 88' lang='lat' dir='ltr'>temperantes</span> <span class='ocrx_word' id='word_1_221' title='bbox 454 1459 569 1487; x_wconf 83' lang='lat' dir='ltr'>reddunt</span> <span class='ocrx_word' id='word_1_222' title='bbox 580 1459 712 1497; x_wconf 83' lang='lat' dir='ltr'>colloquia</span> <span class='ocrx_word' id='word_1_223' title='bbox 724 1460 862 1489; x_wconf 77' lang='lat' dir='ltr'>terribilia.</span> <span class='ocrx_word' id='word_1_224' title='bbox 876 1461 924 1489; x_wconf 84' lang='lat' dir='ltr'>Est</span> <span class='ocrx_word' id='word_1_225' title='bbox 937 1462 1009 1490; x_wconf 85' lang='lat' dir='ltr'>enim</span> <span class='ocrx_word' id='word_1_226' title='bbox 1025 1463 1043 1486; x_wconf 79' lang='lat' dir='ltr'><strong>E</strong></span> 
     </span>
     <span class='ocr_line' id='line_1_36' title="bbox 265 1504 1007 1545; baseline 0.004 -13"><span class='ocrx_word' id='word_1_227' title='bbox 265 1505 354 1533; x_wconf 83' lang='lat' dir='ltr'>anima</span> <span class='ocrx_word' id='word_1_228' title='bbox 366 1505 450 1533; x_wconf 83' lang='lat' dir='ltr'>veluti</span> <span class='ocrx_word' id='word_1_229' title='bbox 462 1504 585 1543; x_wconf 57' lang='lat' dir='ltr'>quiedam</span> <span class='ocrx_word' id='word_1_230' title='bbox 600 1515 658 1533; x_wconf 84' lang='lat' dir='ltr'>cera</span> <span class='ocrx_word' id='word_1_231' title='bbox 676 1517 682 1533; x_wconf 88' lang='lat'><strong>:</strong></span> <span class='ocrx_word' id='word_1_232' title='bbox 696 1515 760 1534; x_wconf 85' lang='lat' dir='ltr'>nam</span> <span class='ocrx_word' id='word_1_233' title='bbox 777 1506 799 1534; x_wconf 87' lang='lat' dir='ltr'>si</span> <span class='ocrx_word' id='word_1_234' title='bbox 814 1506 926 1544; x_wconf 81' lang='lat' dir='ltr'>[rigidas</span> <span class='ocrx_word' id='word_1_235' title='bbox 943 1508 1007 1545; x_wconf 81' lang='lat' dir='ltr'>qui-</span> 
     </span>
     <span class='ocr_line' id='line_1_37' title="bbox 265 1550 1008 1589; baseline 0.004 -10"><span class='ocrx_word' id='word_1_236' title='bbox 265 1551 327 1579; x_wconf 88' lang='lat' dir='ltr'>dem</span> <span class='ocrx_word' id='word_1_237' title='bbox 342 1551 479 1579; x_wconf 79' lang='lat' dir='ltr'>induxeris</span> <span class='ocrx_word' id='word_1_238' title='bbox 502 1550 728 1589; x_wconf 81' lang='lat' dir='ltr'>colloquutiones,</span> <span class='ocrx_word' id='word_1_239' title='bbox 748 1552 847 1580; x_wconf 85' lang='lat' dir='ltr'>callum</span> <span class='ocrx_word' id='word_1_240' title='bbox 862 1552 1008 1582; x_wconf 78' lang='lat' dir='ltr'>obduxeris</span> 
     </span>
     <span class='ocr_line' id='line_1_38' title="bbox 264 1596 1006 1635; baseline 0.003 -10"><span class='ocrx_word' id='word_1_241' title='bbox 264 1604 289 1625; x_wconf 85' lang='lat' dir='ltr'>et</span> <span class='ocrx_word' id='word_1_242' title='bbox 310 1596 495 1633; x_wconf 79' lang='lat' dir='ltr'>induraveris;</span> <span class='ocrx_word' id='word_1_243' title='bbox 520 1596 561 1624; x_wconf 89' lang='lat' dir='ltr'>sin</span> <span class='ocrx_word' id='word_1_244' title='bbox 587 1603 676 1624; x_wconf 86' lang='lat' dir='ltr'>autem</span> <span class='ocrx_word' id='word_1_245' title='bbox 697 1596 807 1635; x_wconf 85' lang='lat' dir='ltr'>ignitas,</span> <span class='ocrx_word' id='word_1_246' title='bbox 829 1597 975 1627; x_wconf 81' lang='lat' dir='ltr'>molliveris</span> <span class='ocrx_word' id='word_1_247' title='bbox 1000 1611 1006 1626; x_wconf 92' lang='lat'>:</span> 
     </span>
     <span class='ocr_line' id='line_1_39' title="bbox 265 1641 1007 1680; baseline 0.004 -10"><span class='ocrx_word' id='word_1_248' title='bbox 265 1642 396 1670; x_wconf 84' lang='lat' dir='ltr'>mollitam</span> <span class='ocrx_word' id='word_1_249' title='bbox 414 1648 502 1670; x_wconf 83' lang='lat' dir='ltr'>autem</span> <span class='ocrx_word' id='word_1_250' title='bbox 521 1641 556 1670; x_wconf 88' lang='lat' dir='ltr'>ad</span> <span class='ocrx_word' id='word_1_251' title='bbox 573 1641 761 1680; x_wconf 81' lang='lat' dir='ltr'>quodcumque</span> <span class='ocrx_word' id='word_1_252' title='bbox 782 1643 824 1671; x_wconf 90' lang='lat' dir='ltr'>vis</span> <span class='ocrx_word' id='word_1_253' title='bbox 849 1644 1007 1673; x_wconf 81' lang='lat' dir='ltr'>formaveris</span> 
     </span>
     <span class='ocr_line' id='line_1_40' title="bbox 265 1687 1004 1728; baseline 0.001 -12"><span class='ocrx_word' id='word_1_254' title='bbox 265 1695 291 1716; x_wconf 88' lang='lat' dir='ltr'>et</span> <span class='ocrx_word' id='word_1_255' title='bbox 311 1687 466 1724; x_wconf 60' lang='lat' dir='ltr'>erctum-is,</span> <span class='ocrx_word' id='word_1_256' title='bbox 485 1694 511 1715; x_wconf 88' lang='lat' dir='ltr'>et</span> <span class='ocrx_word' id='word_1_257' title='bbox 532 1687 633 1725; x_wconf 80' lang='lat' dir='ltr'>regiam</span> <span class='ocrx_word' id='word_1_258' title='bbox 655 1687 799 1725; x_wconf 83' lang='lat' dir='ltr'>imaginem</span> <span class='ocrx_word' id='word_1_259' title='bbox 826 1688 1004 1728; x_wconf 89' lang='lat' dir='ltr'>insculpseris.</span> 
     </span>
     <span class='ocr_line' id='line_1_41' title="bbox 266 1733 1004 1771; baseline 0.005 -9"><span class='ocrx_word' id='word_1_260' title='bbox 266 1734 442 1762; x_wconf 85' lang='lat' dir='ltr'>Obstruamus</span> <span class='ocrx_word' id='word_1_261' title='bbox 462 1744 525 1771; x_wconf 82' lang='lat' dir='ltr'>ergo</span> <span class='ocrx_word' id='word_1_262' title='bbox 539 1744 615 1762; x_wconf 82' lang='lat' dir='ltr'>aures</span> <span class='ocrx_word' id='word_1_263' title='bbox 631 1733 666 1762; x_wconf 84' lang='lat' dir='ltr'>ad</span> <span class='ocrx_word' id='word_1_264' title='bbox 684 1734 835 1763; x_wconf 85' lang='lat' dir='ltr'>temerarios</span> <span class='ocrx_word' id='word_1_265' title='bbox 847 1745 979 1766; x_wconf 88' lang='lat' dir='ltr'>sermones</span> <span class='ocrx_word' id='word_1_266' title='bbox 997 1750 1004 1765; x_wconf 74' lang='grc' dir='ltr'><strong><em>ε</em></strong></span> 
     </span>
     <span class='ocr_line' id='line_1_42' title="bbox 265 1778 1006 1817; baseline 0.003 -10"><span class='ocrx_word' id='word_1_267' title='bbox 265 1789 317 1808; x_wconf 85' lang='lat' dir='ltr'>non</span> <span class='ocrx_word' id='word_1_268' title='bbox 342 1786 380 1807; x_wconf 80' lang='lat' dir='ltr'>est</span> <span class='ocrx_word' id='word_1_269' title='bbox 403 1789 517 1817; x_wconf 81' lang='lat' dir='ltr'>parvum</span> <span class='ocrx_word' id='word_1_270' title='bbox 540 1778 642 1806; x_wconf 83' lang='lat' dir='ltr'>malum</span> <span class='ocrx_word' id='word_1_271' title='bbox 657 1790 662 1806; x_wconf 95' lang='lat'>:</span> <span class='ocrx_word' id='word_1_272' title='bbox 677 1789 709 1807; x_wconf 76' lang='lat' dir='ltr'>ex</span> <span class='ocrx_word' id='word_1_273' title='bbox 729 1789 760 1807; x_wconf 86' lang='lat' dir='ltr'>eo</span> <span class='ocrx_word' id='word_1_274' title='bbox 775 1787 921 1808; x_wconf 83' lang='lat' dir='ltr'>nascuntur</span> <span class='ocrx_word' id='word_1_275' title='bbox 936 1782 1006 1811; x_wconf 81' lang='lat' dir='ltr'>mala</span> 
     </span>
     <span class='ocr_line' id='line_1_43' title="bbox 265 1824 1006 1856; baseline 0.005 -4"><span class='ocrx_word' id='word_1_276' title='bbox 265 1824 364 1852; x_wconf 86' lang='lat' dir='ltr'>omnia.</span> <span class='ocrx_word' id='word_1_277' title='bbox 382 1824 411 1852; x_wconf 88' lang='lat' dir='ltr'>Si</span> <span class='ocrx_word' id='word_1_278' title='bbox 428 1824 555 1852; x_wconf 82' lang='lat' dir='ltr'>meditata</span> <span class='ocrx_word' id='word_1_279' title='bbox 574 1830 642 1852; x_wconf 83' lang='lat' dir='ltr'>esset</span> <span class='ocrx_word' id='word_1_280' title='bbox 664 1834 737 1852; x_wconf 89' lang='lat' dir='ltr'>mens</span> <span class='ocrx_word' id='word_1_281' title='bbox 760 1831 849 1853; x_wconf 85' lang='lat' dir='ltr'>nostra</span> <span class='ocrx_word' id='word_1_282' title='bbox 871 1827 1006 1856; x_wconf 84' lang='lat' dir='ltr'>attendere</span> 
     </span>
     <span class='ocr_line' id='line_1_44' title="bbox 265 1870 1041 1906; baseline 0.001 -7"><span class='ocrx_word' id='word_1_283' title='bbox 265 1870 366 1899; x_wconf 77' lang='lat' dir='ltr'>divinis</span> <span class='ocrx_word' id='word_1_284' title='bbox 398 1870 565 1899; x_wconf 87' lang='lat' dir='ltr'>sermonibus</span> <span class='ocrx_word' id='word_1_285' title='bbox 583 1892 590 1906; x_wconf 86' lang='lat'><strong>,</strong></span> <span class='ocrx_word' id='word_1_286' title='bbox 612 1879 665 1898; x_wconf 87' lang='lat' dir='ltr'>non</span> <span class='ocrx_word' id='word_1_287' title='bbox 686 1870 833 1899; x_wconf 84' lang='lat' dir='ltr'>attenderet</span> <span class='ocrx_word' id='word_1_288' title='bbox 854 1871 914 1900; x_wconf 86' lang='lat' dir='ltr'>aliis</span> <span class='ocrx_word' id='word_1_289' title='bbox 930 1884 936 1899; x_wconf 71' lang='grc' dir='ltr'>ε</span> <span class='ocrx_word' id='word_1_290' title='bbox 954 1883 1006 1902; x_wconf 92' lang='lat' dir='ltr'>non</span> <span class='ocrx_word' id='word_1_291' title='bbox 1025 1878 1041 1900; x_wconf 86' lang='lat' dir='ltr'>F</span> 
     </span>
     <span class='ocr_line' id='line_1_45' title="bbox 265 1917 1005 1958; baseline 0.004 -12"><span class='ocrx_word' id='word_1_292' title='bbox 265 1917 403 1946; x_wconf 86' lang='lat' dir='ltr'>attendens</span> <span class='ocrx_word' id='word_1_293' title='bbox 424 1924 513 1946; x_wconf 87' lang='lat' dir='ltr'>autem</span> <span class='ocrx_word' id='word_1_294' title='bbox 537 1917 608 1952; x_wconf 86' lang='lat' dir='ltr'>aliis,</span> <span class='ocrx_word' id='word_1_295' title='bbox 626 1927 711 1955; x_wconf 89' lang='lat' dir='ltr'>neque</span> <span class='ocrx_word' id='word_1_296' title='bbox 732 1928 773 1945; x_wconf 86' lang='lat' dir='ltr'>res</span> <span class='ocrx_word' id='word_1_297' title='bbox 801 1918 885 1947; x_wconf 86' lang='lat' dir='ltr'>malas</span> <span class='ocrx_word' id='word_1_298' title='bbox 912 1929 1005 1958; x_wconf 86' lang='lat' dir='ltr'>aggre-</span> 
     </span>
     <span class='ocr_line' id='line_1_46' title="bbox 263 1963 1005 2003; baseline 0.004 -11"><span class='ocrx_word' id='word_1_299' title='bbox 263 1963 380 1992; x_wconf 84' lang='lat' dir='ltr'>deretur.</span> <span class='ocrx_word' id='word_1_300' title='bbox 397 1963 439 1991; x_wconf 85' lang='lat' dir='ltr'>Ad</span> <span class='ocrx_word' id='word_1_301' title='bbox 464 1964 532 1991; x_wconf 86' lang='lat' dir='ltr'>faeta</span> <span class='ocrx_word' id='word_1_302' title='bbox 547 1963 617 1992; x_wconf 89' lang='lat' dir='ltr'>enim</span> <span class='ocrx_word' id='word_1_303' title='bbox 632 1963 677 1991; x_wconf 81' lang='lat' dir='ltr'>via</span> <span class='ocrx_word' id='word_1_304' title='bbox 701 1969 740 1991; x_wconf 87' lang='lat' dir='ltr'>est</span> <span class='ocrx_word' id='word_1_305' title='bbox 760 1973 846 1992; x_wconf 90' lang='lat' dir='ltr'>sermo</span> <span class='ocrx_word' id='word_1_306' title='bbox 864 1975 870 1991; x_wconf 85' lang='lat'>:</span> <span class='ocrx_word' id='word_1_307' title='bbox 884 1965 1005 2003; x_wconf 88' lang='lat' dir='ltr'>primum</span> 
     </span>
     <span class='ocr_line' id='line_1_47' title="bbox 264 2007 1002 2048; baseline 0.003 -10"><span class='ocrx_word' id='word_1_308' title='bbox 264 2009 430 2048; x_wconf 82' lang='lat' dir='ltr'>cogitamus,</span> <span class='ocrx_word' id='word_1_309' title='bbox 457 2008 554 2037; x_wconf 86' lang='lat' dir='ltr'>deinde</span> <span class='ocrx_word' id='word_1_310' title='bbox 578 2007 737 2046; x_wconf 79' lang='lat' dir='ltr'>loquimur,</span> <span class='ocrx_word' id='word_1_311' title='bbox 765 2009 864 2038; x_wconf 83' lang='lat' dir='ltr'>deinde</span> <span class='ocrx_word' id='word_1_312' title='bbox 891 2011 1002 2048; x_wconf 83' lang='lat' dir='ltr'>agimus.</span> 
     </span>
     <span class='ocr_line' id='line_1_48' title="bbox 264 2055 1003 2097; baseline 0.003 -13"><span class='ocrx_word' id='word_1_313' title='bbox 264 2056 347 2084; x_wconf 84' lang='lat' dir='ltr'>Multi</span> <span class='ocrx_word' id='word_1_314' title='bbox 369 2066 438 2095; x_wconf 82' lang='lat' dir='ltr'>saepe</span> <span class='ocrx_word' id='word_1_315' title='bbox 461 2055 540 2084; x_wconf 85' lang='lat' dir='ltr'>etiam</span> <span class='ocrx_word' id='word_1_316' title='bbox 563 2055 634 2094; x_wconf 80' lang='lat' dir='ltr'>frugi</span> <span class='ocrx_word' id='word_1_317' title='bbox 655 2062 681 2083; x_wconf 90' lang='lat' dir='ltr'>et</span> <span class='ocrx_word' id='word_1_318' title='bbox 703 2055 833 2084; x_wconf 84' lang='lat' dir='ltr'>moderati</span> <span class='ocrx_word' id='word_1_319' title='bbox 850 2067 864 2084; x_wconf 90' lang='lat' dir='ltr'>a</span> <span class='ocrx_word' id='word_1_320' title='bbox 880 2058 1003 2097; x_wconf 85' lang='lat' dir='ltr'>turpibus</span> 
     </span>
    </p>
   </div>
   <div class='ocr_carea' id='block_1_6' title="bbox 1013 2084 1071 2105">
    <p class='ocr_par' dir='ltr' id='par_1_6' title="bbox 1013 2084 1071 2105">
     <span class='ocr_line' id='line_1_49' title="bbox 1013 2084 1071 2105; baseline 0 -3"><span class='ocrx_word' id='word_1_321' title='bbox 1013 2084 1071 2105; x_wconf 46' lang='lat'>5212!</span> 
     </span>
    </p>
   </div>
   <div class='ocr_carea' id='block_1_7' title="bbox 654 161 1483 193">
    <p class='ocr_par' dir='ltr' id='par_1_7' title="bbox 654 161 1483 193">
     <span class='ocr_line' id='line_1_50' title="bbox 654 161 1483 193; baseline 0.01 -7"><span class='ocrx_word' id='word_1_322' title='bbox 654 163 792 186; x_wconf 62' lang='lat' dir='ltr'>Joaxn&#39;ts</span> <span class='ocrx_word' id='word_1_323' title='bbox 819 161 1001 184; x_wconf 74' lang='lat' dir='ltr'>cunYSOST.</span> <span class='ocrx_word' id='word_1_324' title='bbox 1030 162 1186 188; x_wconf 61' lang='lat' dir='ltr'>anctum).</span> <span class='ocrx_word' id='word_1_325' title='bbox 1215 168 1483 193; x_wconf 67' lang='lat' dir='ltr'>CONSTANTINOP-</span> 
     </span>
    </p>
   </div>
   <div class='ocr_carea' id='block_1_8' title="bbox 1057 225 1830 2089">
    <p class='ocr_par' dir='ltr' id='par_1_8' title="bbox 1057 225 1830 2089">
     <span class='ocr_line' id='line_1_51' title="bbox 1103 225 1826 270; baseline 0.011 -18.056"><span class='ocrx_word' id='word_1_326' title='bbox 1103 225 1221 254; x_wconf 75' lang='grc' dir='ltr'>Ἰοιαῧτα</span> <span class='ocrx_word' id='word_1_327' title='bbox 1235 232 1285 268; x_wconf 77' lang='grc' dir='ltr'>γὰρ</span> <span class='ocrx_word' id='word_1_328' title='bbox 1297 231 1330 259; x_wconf 76' lang='grc' dir='ltr'>τὰ</span> <span class='ocrx_word' id='word_1_329' title='bbox 1344 232 1492 270; x_wconf 76' lang='grc' dir='ltr'>ὠφελοῦντα</span> <span class='ocrx_word' id='word_1_330' title='bbox 1506 232 1607 260; x_wconf 79' lang='grc' dir='ltr'>πάντα·</span> <span class='ocrx_word' id='word_1_331' title='bbox 1620 231 1664 260; x_wconf 85' lang='grc' dir='ltr'>καὶ</span> <span class='ocrx_word' id='word_1_332' title='bbox 1677 232 1714 270; x_wconf 84' lang='grc' dir='ltr'>μὴ</span> <span class='ocrx_word' id='word_1_333' title='bbox 1727 233 1826 270; x_wconf 81' lang='grc' dir='ltr'>θαυμά-</span> 
     </span>
     <span class='ocr_line' id='line_1_52' title="bbox 1063 270 1827 317; baseline 0.004 -14"><span class='ocrx_word' id='word_1_334' title='bbox 1063 280 1126 307; x_wconf 68' lang='grc' dir='ltr'>σῃς</span> <span class='ocrx_word' id='word_1_335' title='bbox 1141 270 1186 299; x_wconf 71' lang='grc' dir='ltr'>καὶ</span> <span class='ocrx_word' id='word_1_336' title='bbox 1202 272 1253 311; x_wconf 69' lang='grc' dir='ltr'>γὰρ</span> <span class='ocrx_word' id='word_1_337' title='bbox 1267 275 1394 314; x_wconf 82' lang='grc' dir='ltr'>φάρμακα</span> <span class='ocrx_word' id='word_1_338' title='bbox 1408 277 1452 305; x_wconf 81' lang='grc' dir='ltr'>καὶ</span> <span class='ocrx_word' id='word_1_339' title='bbox 1464 277 1534 306; x_wconf 83' lang='grc' dir='ltr'>σιτία</span> <span class='ocrx_word' id='word_1_340' title='bbox 1555 278 1681 317; x_wconf 84' lang='grc' dir='ltr'>πρότερον</span> <span class='ocrx_word' id='word_1_341' title='bbox 1695 279 1827 306; x_wconf 74' lang='grc' dir='ltr'>λυποῦντα</span> 
     </span>
     <span class='ocr_line' id='line_1_53' title="bbox 1063 315 1827 361; baseline 0.014 -20"><span class='ocrx_word' id='word_1_342' title='bbox 1063 315 1106 343; x_wconf 86' lang='grc' dir='ltr'>τὸν</span> <span class='ocrx_word' id='word_1_343' title='bbox 1116 316 1288 352; x_wconf 71' lang='grc' dir='ltr'>ἀσθενοῦντα,</span> <span class='ocrx_word' id='word_1_344' title='bbox 1304 320 1362 349; x_wconf 85' lang='grc' dir='ltr'>τότε</span> <span class='ocrx_word' id='word_1_345' title='bbox 1378 321 1423 356; x_wconf 79' lang='grc' dir='ltr'>τὴν</span> <span class='ocrx_word' id='word_1_346' title='bbox 1438 322 1591 361; x_wconf 78' lang='grc' dir='ltr'>ὠφέλειαν</span> <span class='ocrx_word' id='word_1_347' title='bbox 1580 323 1682 361; x_wconf 81' lang='grc' dir='ltr'>επσίγει.</span> <span class='ocrx_word' id='word_1_348' title='bbox 1696 324 1728 351; x_wconf 68' lang='lat' dir='ltr'>Ei</span> <span class='ocrx_word' id='word_1_349' title='bbox 1743 323 1770 352; x_wconf 80' lang='grc' dir='ltr'>δε</span> <span class='ocrx_word' id='word_1_350' title='bbox 1783 325 1827 361; x_wconf 83' lang='grc' dir='ltr'>ῥη-</span> 
     </span>
     <span class='ocr_line' id='line_1_54' title="bbox 1064 360 1827 405; baseline 0.012 -17.012"><span class='ocrx_word' id='word_1_351' title='bbox 1064 360 1153 398; x_wconf 79' lang='grc' dir='ltr'>μάτων</span> <span class='ocrx_word' id='word_1_352' title='bbox 1170 373 1215 390; x_wconf 89' lang='grc' dir='ltr'>ουκ</span> <span class='ocrx_word' id='word_1_353' title='bbox 1236 364 1384 403; x_wconf 80' lang='grc' dir='ltr'>ἀνεχόμεθα</span> <span class='ocrx_word' id='word_1_354' title='bbox 1406 367 1567 405; x_wconf 84' lang='grc' dir='ltr'>βαρύτητος,</span> <span class='ocrx_word' id='word_1_355' title='bbox 1582 369 1699 403; x_wconf 77' lang='grc' dir='ltr'>εὔδηλον,</span> <span class='ocrx_word' id='word_1_356' title='bbox 1721 368 1761 397; x_wconf 74' lang='grc' dir='ltr'>ὅτι</span> <span class='ocrx_word' id='word_1_357' title='bbox 1779 371 1827 403; x_wconf 72' lang='grc' dir='ltr'>τῆς</span> 
     </span>
     <span class='ocr_line' id='line_1_55' title="bbox 1062 405 1826 452; baseline 0.012 -18"><span class='ocrx_word' id='word_1_358' title='bbox 1062 405 1105 434; x_wconf 79' lang='grc' dir='ltr'>διὰ</span> <span class='ocrx_word' id='word_1_359' title='bbox 1119 408 1192 436; x_wconf 82' lang='grc' dir='ltr'>τῶν</span> <span class='ocrx_word' id='word_1_360' title='bbox 1184 409 1350 448; x_wconf 79' lang='grc' dir='ltr'>πραγμάτων</span> <span class='ocrx_word' id='word_1_361' title='bbox 1366 411 1478 449; x_wconf 75' lang='grc' dir='ltr'>Ολίψεως</span> <span class='ocrx_word' id='word_1_362' title='bbox 1492 414 1538 441; x_wconf 82' lang='grc' dir='ltr'>οὐκ</span> <span class='ocrx_word' id='word_1_363' title='bbox 1557 414 1713 452; x_wconf 81' lang='grc' dir='ltr'>ἀνεξόμεΟα</span> <span class='ocrx_word' id='word_1_364' title='bbox 1729 415 1752 442; x_wconf 87' lang='grc' dir='ltr'>εἷ</span> <span class='ocrx_word' id='word_1_365' title='bbox 1774 415 1826 442; x_wconf 81' lang='grc' dir='ltr'>τῶν</span> 
     </span>
     <span class='ocr_line' id='line_1_56' title="bbox 1060 455 1825 495; baseline 0.009 -16"><span class='ocrx_word' id='word_1_366' title='bbox 1060 463 1120 490; x_wconf 87' lang='grc' dir='ltr'>περι</span> <span class='ocrx_word' id='word_1_367' title='bbox 1135 464 1239 490; x_wconf 85' lang='grc' dir='ltr'>γεεννης</span> <span class='ocrx_word' id='word_1_368' title='bbox 1254 455 1337 487; x_wconf 75' lang='grc' dir='ltr'>οὐδεὶς</span> <span class='ocrx_word' id='word_1_369' title='bbox 1353 455 1476 494; x_wconf 78' lang='grc' dir='ltr'>ἀνέχεται</span> <span class='ocrx_word' id='word_1_370' title='bbox 1496 457 1591 495; x_wconf 48' lang='lat' dir='ltr'>&gt;oyem</span> <span class='ocrx_word' id='word_1_371' title='bbox 1609 458 1741 494; x_wconf 61' lang='grc' dir='ltr'>εὔδηλον“</span> <span class='ocrx_word' id='word_1_372' title='bbox 1732 459 1788 494; x_wconf 78' lang='grc' dir='ltr'>ότι,</span> <span class='ocrx_word' id='word_1_373' title='bbox 1803 459 1825 486; x_wconf 79' lang='grc' dir='ltr'>εἰ</span> 
     </span>
     <span class='ocr_line' id='line_1_57' title="bbox 1059 497 1824 543; baseline 0.01 -18"><span class='ocrx_word' id='word_1_374' title='bbox 1059 497 1106 525; x_wconf 77' lang='grc' dir='ltr'>διο)</span> <span class='ocrx_word' id='word_1_375' title='bbox 1108 499 1172 537; x_wconf 71' lang='grc' dir='ltr'>γαὸς</span> <span class='ocrx_word' id='word_1_376' title='bbox 1184 499 1314 528; x_wconf 67' lang='grc' dir='ltr'>κατέλαῧε</span> <span class='ocrx_word' id='word_1_377' title='bbox 1325 523 1332 535; x_wconf 88' lang='grc'>,</span> <span class='ocrx_word' id='word_1_378' title='bbox 1348 501 1412 539; x_wconf 80' lang='grc' dir='ltr'>πρὸς</span> <span class='ocrx_word' id='word_1_379' title='bbox 1426 503 1478 540; x_wconf 81' lang='grc' dir='ltr'>πῧρ</span> <span class='ocrx_word' id='word_1_380' title='bbox 1487 524 1494 538; x_wconf 88' lang='grc'>,</span> <span class='ocrx_word' id='word_1_381' title='bbox 1505 503 1569 540; x_wconf 80' lang='grc' dir='ltr'>πρὸς</span> <span class='ocrx_word' id='word_1_382' title='bbox 1582 504 1687 543; x_wconf 81' lang='grc' dir='ltr'>σίδηρον</span> <span class='ocrx_word' id='word_1_383' title='bbox 1699 503 1807 536; x_wconf 72' lang='grc' dir='ltr'>οὐδεὶς’</span> <span class='ocrx_word' id='word_1_384' title='bbox 1794 515 1824 532; x_wconf 85' lang='grc' dir='ltr'>αν</span> 
     </span>
     <span class='ocr_line' id='line_1_58' title="bbox 1058 542 1824 587; baseline 0.007 -16"><span class='ocrx_word' id='word_1_385' title='bbox 1058 542 1120 578; x_wconf 81' lang='grc' dir='ltr'>ἔστη</span> <span class='ocrx_word' id='word_1_386' title='bbox 1131 544 1204 573; x_wconf 82' lang='grc' dir='ltr'>ποτε.</span> <span class='ocrx_word' id='word_1_387' title='bbox 1218 546 1239 573; x_wconf 87' lang='lat' dir='ltr'>l</span> <span class='ocrx_word' id='word_1_388' title='bbox 1240 545 1398 583; x_wconf 74' lang='grc' dir='ltr'>υμνάσωαεν</span> <span class='ocrx_word' id='word_1_389' title='bbox 1413 546 1460 581; x_wconf 77' lang='grc' dir='ltr'>τὴν</span> <span class='ocrx_word' id='word_1_390' title='bbox 1472 547 1580 582; x_wconf 78' lang='grc' dir='ltr'>ἀκοὴν</span> <span class='ocrx_word' id='word_1_391' title='bbox 1567 551 1642 585; x_wconf 84' lang='grc' dir='ltr'>ημῶν</span> <span class='ocrx_word' id='word_1_392' title='bbox 1656 550 1692 586; x_wconf 87' lang='grc' dir='ltr'>μὴ</span> <span class='ocrx_word' id='word_1_393' title='bbox 1708 548 1824 587; x_wconf 86' lang='grc' dir='ltr'>μαλακί-</span> 
     </span>
     <span class='ocr_line' id='line_1_59' title="bbox 1057 590 1824 632; baseline 0.008 -15"><span class='ocrx_word' id='word_1_394' title='bbox 1057 590 1162 621; x_wconf 82' lang='grc' dir='ltr'>ζεσθαι</span> <span class='ocrx_word' id='word_1_395' title='bbox 1177 591 1229 619; x_wconf 77' lang='grc' dir='ltr'>ἀπὸ</span> <span class='ocrx_word' id='word_1_396' title='bbox 1243 591 1334 620; x_wconf 82' lang='grc' dir='ltr'>τούτου</span> <span class='ocrx_word' id='word_1_397' title='bbox 1343 591 1394 629; x_wconf 79' lang='grc' dir='ltr'>γὰρ</span> <span class='ocrx_word' id='word_1_398' title='bbox 1405 592 1450 620; x_wconf 83' lang='grc' dir='ltr'>καὶ</span> <span class='ocrx_word' id='word_1_399' title='bbox 1461 592 1503 621; x_wconf 82' lang='grc' dir='ltr'>ἐπὶ</span> <span class='ocrx_word' id='word_1_400' title='bbox 1519 592 1551 621; x_wconf 84' lang='grc' dir='ltr'>τὰ</span> <span class='ocrx_word' id='word_1_401' title='bbox 1561 593 1705 632; x_wconf 81' lang='grc' dir='ltr'>πράγματα</span> <span class='ocrx_word' id='word_1_402' title='bbox 1718 595 1824 632; x_wconf 81' lang='grc' dir='ltr'>ἥξομεν.</span> 
     </span>
     <span class='ocr_line' id='line_1_60' title="bbox 1057 632 1825 677; baseline 0.007 -14.053"><span class='ocrx_word' id='word_1_403' title='bbox 1057 632 1103 663; x_wconf 82' lang='grc' dir='ltr'>Αν</span> <span class='ocrx_word' id='word_1_404' title='bbox 1134 637 1278 673; x_wconf 74' lang='grc' dir='ltr'>ἐθισθῶμεν</span> <span class='ocrx_word' id='word_1_405' title='bbox 1303 636 1406 665; x_wconf 80' lang='grc' dir='ltr'>ἀκούειν</span> <span class='ocrx_word' id='word_1_406' title='bbox 1428 637 1520 676; x_wconf 71' lang='grc' dir='ltr'>φοὸε</span> <span class='ocrx_word' id='word_1_407' title='bbox 1496 650 1527 676; x_wconf 83' lang='grc' dir='ltr'>ρα</span> <span class='ocrx_word' id='word_1_408' title='bbox 1537 660 1544 673; x_wconf 93' lang='grc'>,</span> <span class='ocrx_word' id='word_1_409' title='bbox 1569 639 1759 677; x_wconf 66' lang='grc' dir='ltr'>ἐθισθησόιιεθα</span> <span class='ocrx_word' id='word_1_410' title='bbox 1779 640 1825 668; x_wconf 67' lang='lat' dir='ltr'>&gt;iat</span> 
     </span>
     <span class='ocr_line' id='line_1_61' title="bbox 1059 680 1824 722; baseline 0.008 -15"><span class='ocrx_word' id='word_1_411' title='bbox 1059 680 1197 716; x_wconf 80' lang='grc' dir='ltr'>ὑπομένειν</span> <span class='ocrx_word' id='word_1_412' title='bbox 1214 681 1328 720; x_wconf 68' lang='grc' dir='ltr'>φοὸερά·</span> <span class='ocrx_word' id='word_1_413' title='bbox 1343 681 1372 709; x_wconf 83' lang='grc' dir='ltr'>ἂν</span> <span class='ocrx_word' id='word_1_414' title='bbox 1390 681 1416 710; x_wconf 82' lang='grc' dir='ltr'>δε</span> <span class='ocrx_word' id='word_1_415' title='bbox 1440 694 1522 715; x_wconf 76' lang='grc' dir='ltr'>ουτως</span> <span class='ocrx_word' id='word_1_416' title='bbox 1541 685 1611 721; x_wconf 79' lang='grc' dir='ltr'>ὦμεν</span> <span class='ocrx_word' id='word_1_417' title='bbox 1628 684 1824 722; x_wconf 83' lang='grc' dir='ltr'>διαλελυμένοι,</span> 
     </span>
     <span class='ocr_line' id='line_1_62' title="bbox 1059 726 1827 768; baseline 0.008 -16"><span class='ocrx_word' id='word_1_418' title='bbox 1059 726 1093 757; x_wconf 80' lang='grc' dir='ltr'>ὑς</span> <span class='ocrx_word' id='word_1_419' title='bbox 1118 726 1185 763; x_wconf 79' lang='grc' dir='ltr'>μηδὲ</span> <span class='ocrx_word' id='word_1_420' title='bbox 1209 726 1317 764; x_wconf 77' lang='grc' dir='ltr'>ῥήματα</span> <span class='ocrx_word' id='word_1_421' title='bbox 1336 726 1432 766; x_wconf 74' lang='grc' dir='ltr'>φέρειν,</span> <span class='ocrx_word' id='word_1_422' title='bbox 1447 728 1512 757; x_wconf 83' lang='grc' dir='ltr'>πότε</span> <span class='ocrx_word' id='word_1_423' title='bbox 1535 728 1601 768; x_wconf 86' lang='grc' dir='ltr'>πρὸς</span> <span class='ocrx_word' id='word_1_424' title='bbox 1624 728 1658 757; x_wconf 83' lang='grc' dir='ltr'>τὰ</span> <span class='ocrx_word' id='word_1_425' title='bbox 1681 729 1827 768; x_wconf 85' lang='grc' dir='ltr'>πράγματα</span> 
     </span>
     <span class='ocr_line' id='line_1_63' title="bbox 1059 770 1825 812; baseline 0.007 -14"><span class='ocrx_word' id='word_1_426' title='bbox 1059 770 1225 808; x_wconf 78' lang='grc' dir='ltr'>στησόμεθα;</span> <span class='ocrx_word' id='word_1_427' title='bbox 1238 771 1320 811; x_wconf 77' lang='grc' dir='ltr'>Ὁρᾷς</span> <span class='ocrx_word' id='word_1_428' title='bbox 1329 774 1385 805; x_wconf 83' lang='grc' dir='ltr'>πῶς</span> <span class='ocrx_word' id='word_1_429' title='bbox 1399 778 1557 812; x_wconf 82' lang='grc' dir='ltr'>καταφρονεῖ</span> <span class='ocrx_word' id='word_1_430' title='bbox 1570 776 1621 803; x_wconf 84' lang='grc' dir='ltr'>τῶν</span> <span class='ocrx_word' id='word_1_431' title='bbox 1633 775 1745 803; x_wconf 74' lang='grc' dir='ltr'>ἐνταῦθα</span> <span class='ocrx_word' id='word_1_432' title='bbox 1758 775 1825 803; x_wconf 67' lang='grc' dir='ltr'>πάν-</span> 
     </span>
     <span class='ocr_line' id='line_1_64' title="bbox 1058 817 1824 859; baseline 0.008 -16"><span class='ocrx_word' id='word_1_433' title='bbox 1058 828 1121 851; x_wconf 88' lang='grc' dir='ltr'>των,</span> <span class='ocrx_word' id='word_1_434' title='bbox 1135 817 1180 845; x_wconf 80' lang='grc' dir='ltr'>καὶ</span> <span class='ocrx_word' id='word_1_435' title='bbox 1194 820 1246 846; x_wconf 80' lang='grc' dir='ltr'>τῶν</span> <span class='ocrx_word' id='word_1_436' title='bbox 1260 819 1415 853; x_wconf 70' lang='grc' dir='ltr'>ἐπαλλήλοιν</span> <span class='ocrx_word' id='word_1_437' title='bbox 1436 819 1561 849; x_wconf 76' lang='grc' dir='ltr'>κινδύνων</span> <span class='ocrx_word' id='word_1_438' title='bbox 1577 823 1590 849; x_wconf 85' lang='grc' dir='ltr'>ὁ</span> <span class='ocrx_word' id='word_1_439' title='bbox 1605 820 1733 859; x_wconf 84' lang='grc' dir='ltr'>μακάριος</span> <span class='ocrx_word' id='word_1_440' title='bbox 1747 822 1824 849; x_wconf 76' lang='grc' dir='ltr'>Παῦ-</span> 
     </span>
     <span class='ocr_line' id='line_1_65' title="bbox 1058 863 1826 906; baseline 0.007 -16"><span class='ocrx_word' id='word_1_441' title='bbox 1058 863 1120 897; x_wconf 66' lang='grc' dir='ltr'>λος,</span> <span class='ocrx_word' id='word_1_442' title='bbox 1135 863 1187 892; x_wconf 72' lang='grc' dir='ltr'>Διὰ</span> <span class='ocrx_word' id='word_1_443' title='bbox 1199 863 1238 898; x_wconf 82' lang='grc' dir='ltr'>τί;</span> <span class='ocrx_word' id='word_1_444' title='bbox 1252 863 1317 892; x_wconf 79' lang='lat' dir='ltr'>‘&#39;O-rt</span> <span class='ocrx_word' id='word_1_445' title='bbox 1333 864 1507 901; x_wconf 79' lang='grc' dir='ltr'>μεμελετήκει</span> <span class='ocrx_word' id='word_1_446' title='bbox 1522 865 1566 893; x_wconf 78' lang='grc' dir='ltr'>καὶ</span> <span class='ocrx_word' id='word_1_447' title='bbox 1579 865 1682 903; x_wconf 79' lang='grc' dir='ltr'>γεέννης</span> <span class='ocrx_word' id='word_1_448' title='bbox 1694 878 1826 906; x_wconf 73' lang='grc' dir='ltr'>καταφρο·</span> 
     </span>
     <span class='ocr_line' id='line_1_66' title="bbox 1059 908 1826 948; baseline 0.005 -12"><span class='ocrx_word' id='word_1_449' title='bbox 1059 912 1111 936; x_wconf 85' lang='grc' dir='ltr'>νεῖν</span> <span class='ocrx_word' id='word_1_450' title='bbox 1128 908 1193 947; x_wconf 80' lang='grc' dir='ltr'>ὑπὲρ</span> <span class='ocrx_word' id='word_1_451' title='bbox 1207 910 1259 936; x_wconf 82' lang='grc' dir='ltr'>τῶν</span> <span class='ocrx_word' id='word_1_452' title='bbox 1277 911 1314 948; x_wconf 80' lang='grc' dir='ltr'>τῷ</span> <span class='ocrx_word' id='word_1_453' title='bbox 1329 910 1391 948; x_wconf 82' lang='grc' dir='ltr'>Θεῷ</span> <span class='ocrx_word' id='word_1_454' title='bbox 1406 910 1560 939; x_wconf 80' lang='grc' dir='ltr'>δοκούντων.</span> <span class='ocrx_word' id='word_1_455' title='bbox 1577 911 1693 944; x_wconf 84' lang='grc' dir='ltr'>Ἐκεῖνος</span> <span class='ocrx_word' id='word_1_456' title='bbox 1706 912 1764 942; x_wconf 81' lang='grc' dir='ltr'>οὐδὲ</span> <span class='ocrx_word' id='word_1_457' title='bbox 1777 912 1826 948; x_wconf 81' lang='grc' dir='ltr'>τὴν</span> 
     </span>
     <span class='ocr_line' id='line_1_67' title="bbox 1060 951 1826 996; baseline 0.008 -16"><span class='ocrx_word' id='word_1_458' title='bbox 1060 957 1153 991; x_wconf 83' lang='grc' dir='ltr'>πεῖραν</span> <span class='ocrx_word' id='word_1_459' title='bbox 1167 955 1214 988; x_wconf 62' lang='grc' dir='ltr'>τῆς</span> <span class='ocrx_word' id='word_1_460' title='bbox 1228 953 1333 991; x_wconf 77' lang='grc' dir='ltr'>γεέννης</span> <span class='ocrx_word' id='word_1_461' title='bbox 1347 955 1437 992; x_wconf 74' lang='grc' dir='ltr'>’ἡγεῖτό</span> <span class='ocrx_word' id='word_1_462' title='bbox 1451 967 1476 983; x_wconf 85' lang='grc' dir='ltr'>τι</span> <span class='ocrx_word' id='word_1_463' title='bbox 1489 951 1554 983; x_wconf 66' lang='grc' dir='ltr'>εἶναι</span> <span class='ocrx_word' id='word_1_464' title='bbox 1571 955 1614 984; x_wconf 78' lang='grc' dir='ltr'>διὰ</span> <span class='ocrx_word' id='word_1_465' title='bbox 1634 957 1678 985; x_wconf 81' lang='grc' dir='ltr'>τὸν</span> <span class='ocrx_word' id='word_1_466' title='bbox 1699 959 1744 985; x_wconf 79' lang='grc' dir='ltr'>τοῦ</span> <span class='ocrx_word' id='word_1_467' title='bbox 1757 958 1826 996; x_wconf 88' lang='grc' dir='ltr'>Χρι-</span> 
     </span>
     <span class='ocr_line' id='line_1_68' title="bbox 1061 998 1826 1042; baseline 0.008 -16"><span class='ocrx_word' id='word_1_468' title='bbox 1061 1001 1122 1027; x_wconf 76' lang='grc' dir='ltr'>στοῦ</span> <span class='ocrx_word' id='word_1_469' title='bbox 1138 998 1216 1027; x_wconf 84' lang='grc' dir='ltr'>πόθον</span> <span class='ocrx_word' id='word_1_470' title='bbox 1227 1011 1232 1016; x_wconf 91' lang='grc'>·</span> <span class='ocrx_word' id='word_1_471' title='bbox 1248 1003 1325 1037; x_wconf 79' lang='grc' dir='ltr'>ἡμεῖς</span> <span class='ocrx_word' id='word_1_472' title='bbox 1340 1000 1406 1039; x_wconf 81' lang='grc' dir='ltr'>ὑπὲρ</span> <span class='ocrx_word' id='word_1_473' title='bbox 1418 1003 1469 1029; x_wconf 84' lang='grc' dir='ltr'>τῶν</span> <span class='ocrx_word' id='word_1_474' title='bbox 1484 1003 1547 1038; x_wconf 78' lang='grc' dir='ltr'>ἡμῖν</span> <span class='ocrx_word' id='word_1_475' title='bbox 1571 1002 1754 1042; x_wconf 81' lang='grc' dir='ltr'>συμφερόντων</span> <span class='ocrx_word' id='word_1_476' title='bbox 1769 1003 1826 1032; x_wconf 72' lang='grc' dir='ltr'>οὐδὲ</span> 
     </span>
     <span class='ocr_line' id='line_1_69' title="bbox 1060 1043 1826 1088; baseline 0.008 -16"><span class='ocrx_word' id='word_1_477' title='bbox 1060 1046 1111 1072; x_wconf 81' lang='grc' dir='ltr'>τῶν</span> <span class='ocrx_word' id='word_1_478' title='bbox 1128 1045 1188 1084; x_wconf 76' lang='grc' dir='ltr'>περὶ</span> <span class='ocrx_word' id='word_1_479' title='bbox 1199 1046 1279 1080; x_wconf 80' lang='grc' dir='ltr'>αὗτῆς</span> <span class='ocrx_word' id='word_1_480' title='bbox 1290 1045 1374 1084; x_wconf 84' lang='grc' dir='ltr'>λόγων</span> <span class='ocrx_word' id='word_1_481' title='bbox 1388 1046 1545 1085; x_wconf 74' lang='grc' dir='ltr'>ἀνεχόμεθα.</span> <span class='ocrx_word' id='word_1_482' title='bbox 1561 1047 1615 1075; x_wconf 79' lang='grc' dir='ltr'>Νῦν</span> <span class='ocrx_word' id='word_1_483' title='bbox 1630 1047 1677 1086; x_wconf 79' lang='grc' dir='ltr'>μὲν</span> <span class='ocrx_word' id='word_1_484' title='bbox 1692 1043 1736 1077; x_wconf 58' lang='grc' dir='ltr'>οὖν</span> <span class='ocrx_word' id='word_1_485' title='bbox 1750 1049 1826 1088; x_wconf 83' lang='grc' dir='ltr'>ὀλίγα</span> 
     </span>
     <span class='ocr_line' id='line_1_70' title="bbox 1059 1088 1826 1130; baseline 0.009 -13"><span class='ocrx_word' id='word_1_486' title='bbox 1059 1088 1216 1122; x_wconf 79' lang='grc' dir='ltr'>ἀκούσαντες</span> <span class='ocrx_word' id='word_1_487' title='bbox 1227 1090 1389 1130; x_wconf 73' lang='grc' dir='ltr'>ἀπέρχεσθε·</span> <span class='ocrx_word' id='word_1_488' title='bbox 1404 1092 1496 1129; x_wconf 82' lang='grc' dir='ltr'>δέομαι</span> <span class='ocrx_word' id='word_1_489' title='bbox 1508 1091 1534 1120; x_wconf 81' lang='grc' dir='ltr'>δὲ</span> <span class='ocrx_word' id='word_1_490' title='bbox 1551 1094 1634 1129; x_wconf 77' lang='grc' dir='ltr'>ὑμῶν,</span> <span class='ocrx_word' id='word_1_491' title='bbox 1654 1093 1678 1122; x_wconf 87' lang='grc' dir='ltr'>εἴ</span> <span class='ocrx_word' id='word_1_492' title='bbox 1697 1092 1736 1126; x_wconf 88' lang='grc' dir='ltr'>τίς</span> <span class='ocrx_word' id='word_1_493' title='bbox 1757 1096 1826 1124; x_wconf 79' lang='grc' dir='ltr'>ἐστιν</span> 
     </span>
     <span class='ocr_line' id='line_1_71' title="bbox 1060 1136 1827 1178; baseline 0.005 -14"><span class='ocrx_word' id='word_1_494' title='bbox 1060 1137 1086 1164; x_wconf 82' lang='grc' dir='ltr'>ἓν</span> <span class='ocrx_word' id='word_1_495' title='bbox 1102 1137 1161 1172; x_wconf 73' lang='grc' dir='ltr'>ὑμῖν</span> <span class='ocrx_word' id='word_1_496' title='bbox 1176 1136 1281 1174; x_wconf 82' lang='grc' dir='ltr'>ἀγάπη,</span> <span class='ocrx_word' id='word_1_497' title='bbox 1294 1136 1435 1169; x_wconf 82' lang='grc' dir='ltr'>διαπαντὸς</span> <span class='ocrx_word' id='word_1_498' title='bbox 1449 1137 1508 1169; x_wconf 65' lang='grc' dir='ltr'>τοὺς</span> <span class='ocrx_word' id='word_1_499' title='bbox 1522 1137 1582 1177; x_wconf 79' lang='grc' dir='ltr'>περὶ</span> <span class='ocrx_word' id='word_1_500' title='bbox 1596 1137 1693 1167; x_wconf 80' lang='grc' dir='ltr'>τούτων</span> <span class='ocrx_word' id='word_1_501' title='bbox 1708 1139 1827 1178; x_wconf 77' lang='grc' dir='ltr'>στρέφειν</span> 
     </span>
     <span class='ocr_line' id='line_1_72' title="bbox 1060 1180 1826 1225; baseline 0.007 -17"><span class='ocrx_word' id='word_1_502' title='bbox 1060 1180 1160 1218; x_wconf 83' lang='grc' dir='ltr'>λόγους.</span> <span class='ocrx_word' id='word_1_503' title='bbox 1175 1180 1259 1210; x_wconf 80' lang='grc' dir='ltr'>Οὐδὲν</span> <span class='ocrx_word' id='word_1_504' title='bbox 1275 1182 1376 1220; x_wconf 78' lang='grc' dir='ltr'>βλάψαι</span> <span class='ocrx_word' id='word_1_505' title='bbox 1396 1182 1567 1219; x_wconf 78' lang='grc' dir='ltr'>δυνήσονται,</span> <span class='ocrx_word' id='word_1_506' title='bbox 1585 1182 1634 1212; x_wconf 76' lang='grc' dir='ltr'>κᾶν</span> <span class='ocrx_word' id='word_1_507' title='bbox 1655 1183 1692 1222; x_wconf 83' lang='grc' dir='ltr'>μὴ</span> <span class='ocrx_word' id='word_1_508' title='bbox 1718 1185 1826 1225; x_wconf 77' lang='grc' dir='ltr'>ὠφελή-</span> 
     </span>
     <span class='ocr_line' id='line_1_73' title="bbox 1061 1226 1827 1270; baseline 0.008 -16"><span class='ocrx_word' id='word_1_509' title='bbox 1061 1237 1127 1255; x_wconf 80' lang='grc' dir='ltr'>σωσι</span> <span class='ocrx_word' id='word_1_510' title='bbox 1136 1238 1143 1244; x_wconf 84' lang='grc'><em>·</em></span> <span class='ocrx_word' id='word_1_511' title='bbox 1157 1226 1263 1260; x_wconf 81' lang='grc' dir='ltr'>πάντως</span> <span class='ocrx_word' id='word_1_512' title='bbox 1276 1228 1303 1256; x_wconf 83' lang='grc' dir='ltr'>δὲ</span> <span class='ocrx_word' id='word_1_513' title='bbox 1318 1227 1363 1256; x_wconf 83' lang='grc' dir='ltr'>καὶ</span> <span class='ocrx_word' id='word_1_514' title='bbox 1377 1228 1542 1267; x_wconf 77' lang='grc' dir='ltr'>ὠφελήσουσι</span> <span class='ocrx_word' id='word_1_515' title='bbox 1551 1241 1557 1247; x_wconf 89' lang='grc'><strong><em>·</em></strong></span> <span class='ocrx_word' id='word_1_516' title='bbox 1572 1229 1637 1269; x_wconf 86' lang='grc' dir='ltr'>πρὸς</span> <span class='ocrx_word' id='word_1_517' title='bbox 1648 1230 1700 1270; x_wconf 89' lang='grc' dir='ltr'>γὰρ</span> <span class='ocrx_word' id='word_1_518' title='bbox 1711 1230 1757 1264; x_wconf 86' lang='grc' dir='ltr'>τὰς</span> <span class='ocrx_word' id='word_1_519' title='bbox 1768 1231 1827 1260; x_wconf 87' lang='grc' dir='ltr'>δια-</span> 
     </span>
     <span class='ocr_line' id='line_1_74' title="bbox 1061 1271 1828 1315; baseline 0.008 -16"><span class='ocrx_word' id='word_1_520' title='bbox 1061 1271 1141 1305; x_wconf 80' lang='grc' dir='ltr'>λέξεις</span> <span class='ocrx_word' id='word_1_521' title='bbox 1162 1272 1208 1300; x_wconf 81' lang='grc' dir='ltr'>καὶ</span> <span class='ocrx_word' id='word_1_522' title='bbox 1231 1274 1246 1307; x_wconf 81' lang='grc' dir='ltr'>ἡ</span> <span class='ocrx_word' id='word_1_523' title='bbox 1260 1273 1333 1312; x_wconf 75' lang='grc' dir='ltr'>ψυχὴ</span> <span class='ocrx_word' id='word_1_524' title='bbox 1355 1277 1485 1303; x_wconf 75' lang='grc' dir='ltr'>ποιοῦ-ται.</span> <span class='ocrx_word' id='word_1_525' title='bbox 1501 1274 1645 1315; x_wconf 86' lang='grc' dir='ltr'>Φθείρουσι</span> <span class='ocrx_word' id='word_1_526' title='bbox 1655 1298 1663 1312; x_wconf 95' lang='grc'>,</span> <span class='ocrx_word' id='word_1_527' title='bbox 1679 1275 1767 1315; x_wconf 71' lang='grc' dir='ltr'>φησὶν,</span> <span class='ocrx_word' id='word_1_528' title='bbox 1777 1277 1828 1312; x_wconf 82' lang='grc' dir='ltr'>ἤθη</span> 
     </span>
     <span class='ocr_line' id='line_1_75' title="bbox 1061 1318 1830 1361; baseline 0.007 -15"><span class='ocrx_word' id='word_1_529' title='bbox 1061 1318 1166 1357; x_wconf 77' lang='grc' dir='ltr'>χρηστὰ</span> <span class='ocrx_word' id='word_1_530' title='bbox 1177 1319 1279 1356; x_wconf 85' lang='grc' dir='ltr'>ὁμιλίαι</span> <span class='ocrx_word' id='word_1_531' title='bbox 1289 1319 1379 1347; x_wconf 78' lang='grc' dir='ltr'>κακαί.</span> <span class='ocrx_word' id='word_1_532' title='bbox 1388 1321 1490 1348; x_wconf 73' lang='grc' dir='ltr'>Οὐκοῦν</span> <span class='ocrx_word' id='word_1_533' title='bbox 1501 1321 1643 1360; x_wconf 75' lang='grc' dir='ltr'>ὠφελοῦσιν</span> <span class='ocrx_word' id='word_1_534' title='bbox 1653 1321 1755 1360; x_wconf 82' lang='grc' dir='ltr'>ὁμιλίαι</span> <span class='ocrx_word' id='word_1_535' title='bbox 1765 1323 1830 1361; x_wconf 75' lang='grc' dir='ltr'>ἄγα·</span> 
     </span>
     <span class='ocr_line' id='line_1_76' title="bbox 1062 1363 1829 1407; baseline 0.008 -16"><span class='ocrx_word' id='word_1_536' title='bbox 1062 1363 1106 1391; x_wconf 81' lang='grc' dir='ltr'>θαί</span> <span class='ocrx_word' id='word_1_537' title='bbox 1115 1375 1120 1381; x_wconf 91' lang='grc'><em>·</em></span> <span class='ocrx_word' id='word_1_538' title='bbox 1134 1365 1224 1392; x_wconf 75' lang='grc' dir='ltr'>οὐκοῦν</span> <span class='ocrx_word' id='word_1_539' title='bbox 1245 1365 1290 1392; x_wconf 84' lang='grc' dir='ltr'>καὶ</span> <span class='ocrx_word' id='word_1_540' title='bbox 1303 1365 1504 1403; x_wconf 81' lang='grc' dir='ltr'>σωφρονίζουσιν</span> <span class='ocrx_word' id='word_1_541' title='bbox 1518 1366 1620 1403; x_wconf 84' lang='grc' dir='ltr'>ὁμιλίαι</span> <span class='ocrx_word' id='word_1_542' title='bbox 1631 1367 1748 1407; x_wconf 68' lang='grc' dir='ltr'>ῳοὸεραί.</span> <span class='ocrx_word' id='word_1_543' title='bbox 1757 1367 1829 1397; x_wconf 88' lang='grc' dir='ltr'>Ὥσ-</span> 
     </span>
     <span class='ocr_line' id='line_1_77' title="bbox 1061 1409 1829 1452; baseline 0.008 -16"><span class='ocrx_word' id='word_1_544' title='bbox 1061 1420 1112 1447; x_wconf 85' lang='grc' dir='ltr'>περ</span> <span class='ocrx_word' id='word_1_545' title='bbox 1124 1409 1174 1447; x_wconf 81' lang='grc' dir='ltr'>γὰρ</span> <span class='ocrx_word' id='word_1_546' title='bbox 1187 1409 1266 1448; x_wconf 84' lang='grc' dir='ltr'>κηρός</span> <span class='ocrx_word' id='word_1_547' title='bbox 1281 1409 1320 1441; x_wconf 82' lang='grc' dir='ltr'>τίς</span> <span class='ocrx_word' id='word_1_548' title='bbox 1332 1411 1402 1438; x_wconf 85' lang='grc' dir='ltr'>ἐστιν</span> <span class='ocrx_word' id='word_1_549' title='bbox 1414 1412 1430 1444; x_wconf 80' lang='grc' dir='ltr'>ἡ</span> <span class='ocrx_word' id='word_1_550' title='bbox 1444 1410 1515 1449; x_wconf 68' lang='grc' dir='ltr'>ψυχή</span> <span class='ocrx_word' id='word_1_551' title='bbox 1528 1422 1534 1428; x_wconf 92' lang='grc'><em>·</em></span> <span class='ocrx_word' id='word_1_552' title='bbox 1553 1411 1583 1439; x_wconf 82' lang='grc' dir='ltr'>ἂν</span> <span class='ocrx_word' id='word_1_553' title='bbox 1599 1411 1646 1450; x_wconf 81' lang='grc' dir='ltr'>μὲν</span> <span class='ocrx_word' id='word_1_554' title='bbox 1659 1412 1710 1451; x_wconf 83' lang='grc' dir='ltr'>γὰρ</span> <span class='ocrx_word' id='word_1_555' title='bbox 1725 1413 1829 1452; x_wconf 83' lang='grc' dir='ltr'>ψυχρὰς</span> 
     </span>
     <span class='ocr_line' id='line_1_78' title="bbox 1061 1454 1829 1497; baseline 0.007 -15"><span class='ocrx_word' id='word_1_556' title='bbox 1061 1454 1195 1493; x_wconf 84' lang='grc' dir='ltr'>ε’παγάγῃς</span> <span class='ocrx_word' id='word_1_557' title='bbox 1210 1455 1328 1492; x_wconf 75' lang='grc' dir='ltr'>ὁμιλίας,</span> <span class='ocrx_word' id='word_1_558' title='bbox 1344 1455 1488 1494; x_wconf 83' lang='grc' dir='ltr'>ἐπώρωσας</span> <span class='ocrx_word' id='word_1_559' title='bbox 1502 1457 1582 1492; x_wconf 84' lang='grc' dir='ltr'>αὐτὴν</span> <span class='ocrx_word' id='word_1_560' title='bbox 1594 1457 1639 1486; x_wconf 74' lang='grc' dir='ltr'>καὶ</span> <span class='ocrx_word' id='word_1_561' title='bbox 1654 1458 1829 1497; x_wconf 79' lang='grc' dir='ltr'>ἓσκλήρυνας·</span> 
     </span>
     <span class='ocr_line' id='line_1_79' title="bbox 1061 1499 1828 1540; baseline 0.008 -13"><span class='ocrx_word' id='word_1_562' title='bbox 1061 1499 1092 1527; x_wconf 79' lang='grc' dir='ltr'>ἂν</span> <span class='ocrx_word' id='word_1_563' title='bbox 1107 1500 1134 1528; x_wconf 84' lang='grc' dir='ltr'>δὲ</span> <span class='ocrx_word' id='word_1_564' title='bbox 1149 1500 1355 1539; x_wconf 81' lang='grc' dir='ltr'>πεπυρωμένας,</span> <span class='ocrx_word' id='word_1_565' title='bbox 1370 1501 1520 1539; x_wconf 72' lang='grc' dir='ltr'>ἐμάλαξας·</span> <span class='ocrx_word' id='word_1_566' title='bbox 1541 1502 1662 1540; x_wconf 84' lang='grc' dir='ltr'>μαλάξας</span> <span class='ocrx_word' id='word_1_567' title='bbox 1682 1503 1726 1540; x_wconf 82' lang='grc' dir='ltr'>δὲ,</span> <span class='ocrx_word' id='word_1_568' title='bbox 1738 1509 1828 1538; x_wconf 85' lang='grc' dir='ltr'>τυποῖς</span> 
     </span>
     <span class='ocr_line' id='line_1_80' title="bbox 1061 1545 1828 1588; baseline 0.008 -15"><span class='ocrx_word' id='word_1_569' title='bbox 1061 1545 1125 1584; x_wconf 83' lang='grc' dir='ltr'>πρὸς</span> <span class='ocrx_word' id='word_1_570' title='bbox 1140 1546 1204 1585; x_wconf 80' lang='grc' dir='ltr'>ὅπερ</span> <span class='ocrx_word' id='word_1_571' title='bbox 1218 1546 1248 1574; x_wconf 79' lang='grc' dir='ltr'>ἂν</span> <span class='ocrx_word' id='word_1_572' title='bbox 1267 1546 1360 1585; x_wconf 85' lang='grc' dir='ltr'>Οέλῃς,</span> <span class='ocrx_word' id='word_1_573' title='bbox 1375 1547 1420 1575; x_wconf 75' lang='grc' dir='ltr'>καὶ</span> <span class='ocrx_word' id='word_1_574' title='bbox 1439 1547 1487 1582; x_wconf 85' lang='grc' dir='ltr'>τὴν</span> <span class='ocrx_word' id='word_1_575' title='bbox 1511 1548 1597 1577; x_wconf 79' lang='grc' dir='ltr'>εἰκόνα</span> <span class='ocrx_word' id='word_1_576' title='bbox 1617 1548 1664 1584; x_wconf 89' lang='grc' dir='ltr'>τὴν</span> <span class='ocrx_word' id='word_1_577' title='bbox 1688 1550 1828 1588; x_wconf 82' lang='grc' dir='ltr'>βασιλικὴν</span> 
     </span>
     <span class='ocr_line' id='line_1_81' title="bbox 1062 1591 1828 1632; baseline 0.009 -14"><span class='ocrx_word' id='word_1_578' title='bbox 1062 1591 1241 1630; x_wconf 78' lang='grc' dir='ltr'>ἐγχαράττεις.</span> <span class='ocrx_word' id='word_1_579' title='bbox 1254 1591 1473 1631; x_wconf 73' lang='grc' dir='ltr'>Ἀποφράττιι)μεν</span> <span class='ocrx_word' id='word_1_580' title='bbox 1491 1593 1574 1622; x_wconf 86' lang='grc' dir='ltr'>τοίνυν</span> <span class='ocrx_word' id='word_1_581' title='bbox 1597 1596 1672 1632; x_wconf 85' lang='grc' dir='ltr'>ἡμῶν</span> <span class='ocrx_word' id='word_1_582' title='bbox 1688 1594 1735 1628; x_wconf 85' lang='grc' dir='ltr'>τὰς</span> <span class='ocrx_word' id='word_1_583' title='bbox 1748 1595 1828 1628; x_wconf 84' lang='grc' dir='ltr'>ἀκοὰς</span> 
     </span>
     <span class='ocr_line' id='line_1_82' title="bbox 1061 1637 1826 1679; baseline 0.007 -14"><span class='ocrx_word' id='word_1_584' title='bbox 1061 1637 1125 1673; x_wconf 74' lang='grc' dir='ltr'>πρὸς</span> <span class='ocrx_word' id='word_1_585' title='bbox 1140 1637 1185 1669; x_wconf 84' lang='grc' dir='ltr'>τὰς</span> <span class='ocrx_word' id='word_1_586' title='bbox 1197 1638 1301 1675; x_wconf 80' lang='grc' dir='ltr'>ὁμιλίας</span> <span class='ocrx_word' id='word_1_587' title='bbox 1311 1639 1358 1670; x_wconf 83' lang='grc' dir='ltr'>τὰς</span> <span class='ocrx_word' id='word_1_588' title='bbox 1368 1640 1424 1677; x_wconf 78' lang='grc' dir='ltr'>εἰκῇ</span> <span class='ocrx_word' id='word_1_589' title='bbox 1433 1651 1439 1656; x_wconf 94' lang='grc'>·</span> <span class='ocrx_word' id='word_1_590' title='bbox 1454 1639 1502 1668; x_wconf 81' lang='grc' dir='ltr'>οὒκ</span> <span class='ocrx_word' id='word_1_591' title='bbox 1512 1639 1569 1668; x_wconf 82' lang='grc' dir='ltr'>ἔστι</span> <span class='ocrx_word' id='word_1_592' title='bbox 1583 1639 1676 1679; x_wconf 81' lang='grc' dir='ltr'>μικρὸν</span> <span class='ocrx_word' id='word_1_593' title='bbox 1689 1640 1720 1669; x_wconf 84' lang='grc' dir='ltr'>τὸ</span> <span class='ocrx_word' id='word_1_594' title='bbox 1730 1641 1810 1670; x_wconf 82' lang='grc' dir='ltr'>κακόν</span> <span class='ocrx_word' id='word_1_595' title='bbox 1819 1653 1826 1660; x_wconf 88' lang='grc'><em>·</em></span> 
     </span>
     <span class='ocr_line' id='line_1_83' title="bbox 1061 1683 1829 1724; baseline 0.008 -14"><span class='ocrx_word' id='word_1_596' title='bbox 1061 1683 1113 1711; x_wconf 76' lang='grc' dir='ltr'>ἀπὸ</span> <span class='ocrx_word' id='word_1_597' title='bbox 1127 1683 1217 1712; x_wconf 78' lang='grc' dir='ltr'>τούτου</span> <span class='ocrx_word' id='word_1_598' title='bbox 1241 1683 1341 1721; x_wconf 83' lang='grc' dir='ltr'>γίνεται</span> <span class='ocrx_word' id='word_1_599' title='bbox 1355 1684 1443 1713; x_wconf 79' lang='grc' dir='ltr'>πάντα</span> <span class='ocrx_word' id='word_1_600' title='bbox 1457 1684 1490 1713; x_wconf 74' lang='grc' dir='ltr'>τὰ</span> <span class='ocrx_word' id='word_1_601' title='bbox 1510 1686 1588 1714; x_wconf 82' lang='grc' dir='ltr'>κακά.</span> <span class='ocrx_word' id='word_1_602' title='bbox 1601 1686 1636 1714; x_wconf 71' lang='lat' dir='ltr'>Ei.</span> <span class='ocrx_word' id='word_1_603' title='bbox 1655 1686 1829 1724; x_wconf 81' lang='grc' dir='ltr'>μεμελετήκει</span> 
     </span>
     <span class='ocr_line' id='line_1_84' title="bbox 1060 1729 1827 1772; baseline 0.008 -16"><span class='ocrx_word' id='word_1_604' title='bbox 1060 1731 1136 1766; x_wconf 82' lang='grc' dir='ltr'>ἡμῶν</span> <span class='ocrx_word' id='word_1_605' title='bbox 1149 1732 1166 1764; x_wconf 82' lang='grc' dir='ltr'>ἡ</span> <span class='ocrx_word' id='word_1_606' title='bbox 1182 1729 1282 1758; x_wconf 76' lang='grc' dir='ltr'>διάνοια</span> <span class='ocrx_word' id='word_1_607' title='bbox 1296 1730 1435 1769; x_wconf 81' lang='grc' dir='ltr'>προσέχειν</span> <span class='ocrx_word' id='word_1_608' title='bbox 1447 1730 1524 1763; x_wconf 84' lang='grc' dir='ltr'>Θείοις</span> <span class='ocrx_word' id='word_1_609' title='bbox 1536 1731 1632 1769; x_wconf 85' lang='grc' dir='ltr'>λόγοις,</span> <span class='ocrx_word' id='word_1_610' title='bbox 1641 1733 1687 1760; x_wconf 77' lang='grc' dir='ltr'>οὐκ</span> <span class='ocrx_word' id='word_1_611' title='bbox 1697 1731 1727 1760; x_wconf 87' lang='grc' dir='ltr'>ἂν</span> <span class='ocrx_word' id='word_1_612' title='bbox 1741 1743 1827 1772; x_wconf 85' lang='grc' dir='ltr'>προσ-</span> 
     </span>
     <span class='ocr_line' id='line_1_85' title="bbox 1061 1774 1827 1815; baseline 0.005 -13"><span class='ocrx_word' id='word_1_613' title='bbox 1061 1774 1136 1813; x_wconf 69' lang='grc' dir='ltr'>ε’σ-[εν</span> <span class='ocrx_word' id='word_1_614' title='bbox 1151 1774 1192 1803; x_wconf 77' lang='grc' dir='ltr'>ἑτέ</span> <span class='ocrx_word' id='word_1_615' title='bbox 1181 1786 1262 1813; x_wconf 88' lang='grc' dir='ltr'>ε·ροις</span> <span class='ocrx_word' id='word_1_616' title='bbox 1276 1776 1304 1803; x_wconf 87' lang='grc' dir='ltr'>οὐ</span> <span class='ocrx_word' id='word_1_617' title='bbox 1319 1775 1486 1813; x_wconf 80' lang='grc' dir='ltr'>προσέχουσα</span> <span class='ocrx_word' id='word_1_618' title='bbox 1498 1775 1525 1804; x_wconf 84' lang='grc' dir='ltr'>δὲ</span> <span class='ocrx_word' id='word_1_619' title='bbox 1542 1776 1654 1815; x_wconf 81' lang='grc' dir='ltr'>ἑτέροις,</span> <span class='ocrx_word' id='word_1_620' title='bbox 1668 1778 1715 1806; x_wconf 86' lang='grc' dir='ltr'>οὔκ</span> <span class='ocrx_word' id='word_1_621' title='bbox 1729 1777 1759 1806; x_wconf 81' lang='grc' dir='ltr'>ἂν</span> <span class='ocrx_word' id='word_1_622' title='bbox 1769 1778 1827 1807; x_wconf 77' lang='grc' dir='ltr'>οὐδὲ</span> 
     </span>
     <span class='ocr_line' id='line_1_86' title="bbox 1060 1820 1827 1861; baseline 0.005 -14"><span class='ocrx_word' id='word_1_623' title='bbox 1060 1820 1092 1848; x_wconf 81' lang='grc' dir='ltr'>τὰ</span> <span class='ocrx_word' id='word_1_624' title='bbox 1106 1820 1251 1859; x_wconf 72' lang='grc' dir='ltr'>πράγματα</span> <span class='ocrx_word' id='word_1_625' title='bbox 1265 1822 1378 1858; x_wconf 71' lang='grc' dir='ltr'>μετῆλθε</span> <span class='ocrx_word' id='word_1_626' title='bbox 1392 1820 1425 1848; x_wconf 81' lang='grc' dir='ltr'>τὰ</span> <span class='ocrx_word' id='word_1_627' title='bbox 1445 1821 1558 1860; x_wconf 84' lang='grc' dir='ltr'>πονηρά.</span> <span class='ocrx_word' id='word_1_628' title='bbox 1576 1821 1654 1855; x_wconf 55' lang='grc' dir='ltr'>(Οδὸς</span> <span class='ocrx_word' id='word_1_629' title='bbox 1669 1822 1720 1861; x_wconf 84' lang='grc' dir='ltr'>γὰρ</span> <span class='ocrx_word' id='word_1_630' title='bbox 1735 1822 1780 1851; x_wconf 80' lang='grc' dir='ltr'>ε’πὶ</span> <span class='ocrx_word' id='word_1_631' title='bbox 1793 1823 1827 1852; x_wconf 85' lang='grc' dir='ltr'>τὰ</span> 
     </span>
     <span class='ocr_line' id='line_1_87' title="bbox 1060 1866 1827 1913; baseline 0.004 -19"><span class='ocrx_word' id='word_1_632' title='bbox 1060 1866 1123 1904; x_wconf 85' lang='grc' dir='ltr'>ἔργα</span> <span class='ocrx_word' id='word_1_633' title='bbox 1127 1866 1239 1913; x_wconf 33' lang='grc' dir='ltr'>*λόγος’</span> <span class='ocrx_word' id='word_1_634' title='bbox 1228 1866 1299 1895; x_wconf 77' lang='grc' dir='ltr'>εστί-</span> <span class='ocrx_word' id='word_1_635' title='bbox 1313 1868 1416 1904; x_wconf 85' lang='grc' dir='ltr'>πρῶτον</span> <span class='ocrx_word' id='word_1_636' title='bbox 1438 1868 1584 1905; x_wconf 80' lang='grc' dir='ltr'>ἐννοουμεν,</span> <span class='ocrx_word' id='word_1_637' title='bbox 1605 1870 1662 1896; x_wconf 80' lang='grc' dir='ltr'>εἶτα</span> <span class='ocrx_word' id='word_1_638' title='bbox 1681 1868 1827 1907; x_wconf 79' lang='grc' dir='ltr'>φθεγγόμε-</span> 
     </span>
     <span class='ocr_line' id='line_1_88' title="bbox 1061 1911 1827 1953; baseline 0.004 -14"><span class='ocrx_word' id='word_1_639' title='bbox 1061 1914 1107 1946; x_wconf 83' lang='grc' dir='ltr'>θα,</span> <span class='ocrx_word' id='word_1_640' title='bbox 1118 1914 1173 1939; x_wconf 78' lang='grc' dir='ltr'>εἶτα</span> <span class='ocrx_word' id='word_1_641' title='bbox 1187 1911 1346 1949; x_wconf 85' lang='grc' dir='ltr'>πράττομεν.</span> <span class='ocrx_word' id='word_1_642' title='bbox 1360 1912 1458 1940; x_wconf 88' lang='grc' dir='ltr'>Πολλοι</span> <span class='ocrx_word' id='word_1_643' title='bbox 1472 1912 1600 1945; x_wconf 83' lang='grc' dir='ltr'>πολλάκις</span> <span class='ocrx_word' id='word_1_644' title='bbox 1611 1924 1656 1941; x_wconf 82' lang='grc' dir='ltr'>και</span> <span class='ocrx_word' id='word_1_645' title='bbox 1665 1917 1827 1953; x_wconf 77' lang='grc' dir='ltr'>σωφρονοῦν-</span> 
     </span>
     <span class='ocr_line' id='line_1_89' title="bbox 1060 1954 1826 2013; baseline 0.005 -29"><span class='ocrx_word' id='word_1_646' title='bbox 1060 1968 1114 1993; x_wconf 85' lang='grc' dir='ltr'>τες,</span> <span class='ocrx_word' id='word_1_647' title='bbox 1127 1957 1179 1985; x_wconf 81' lang='grc' dir='ltr'>ἀπὸ</span> <span class='ocrx_word' id='word_1_648' title='bbox 1185 1956 1331 2013; x_wconf 65' lang='grc' dir='ltr'>ρηματωνΜ</span> <span class='ocrx_word' id='word_1_649' title='bbox 1325 1958 1389 1995; x_wconf 62' lang='grc' dir='ltr'>αἰσχ</span> <span class='ocrx_word' id='word_1_650' title='bbox 1391 1958 1441 1996; x_wconf 81' lang='grc' dir='ltr'>ρῶν</span> <span class='ocrx_word' id='word_1_651' title='bbox 1451 1957 1494 1986; x_wconf 81' lang='grc' dir='ltr'>ἐπι</span> <span class='ocrx_word' id='word_1_652' title='bbox 1502 1957 1607 1996; x_wconf 84' lang='grc' dir='ltr'>πράξεις</span> <span class='ocrx_word' id='word_1_653' title='bbox 1617 1954 1695 1992; x_wconf 87' lang='grc' dir='ltr'>ἠλθον</span> <span class='ocrx_word' id='word_1_654' title='bbox 1706 1960 1826 1998; x_wconf 82' lang='grc' dir='ltr'>αἰσχράς.</span> 
     </span>
     <span class='ocr_line' id='line_1_90' title="bbox 1060 2002 1825 2058; baseline 0.003 -27"><span class='ocrx_word' id='word_1_655' title='bbox 1060 2004 1100 2031; x_wconf 90' lang='grc' dir='ltr'>Ου</span> <span class='ocrx_word' id='word_1_656' title='bbox 1115 2002 1166 2058; x_wconf 84' lang='grc' dir='ltr'>γάρ</span> <span class='ocrx_word' id='word_1_657' title='bbox 1181 2003 1251 2030; x_wconf 80' lang='grc' dir='ltr'>ἐστιν</span> <span class='ocrx_word' id='word_1_658' title='bbox 1272 2004 1348 2040; x_wconf 82' lang='grc' dir='ltr'>ἡμῶν</span> <span class='ocrx_word' id='word_1_659' title='bbox 1370 2004 1386 2036; x_wconf 88' lang='grc' dir='ltr'>ἡ</span> <span class='ocrx_word' id='word_1_660' title='bbox 1402 2002 1474 2041; x_wconf 67' lang='grc' dir='ltr'>ψυχὴ</span> <span class='ocrx_word' id='word_1_661' title='bbox 1494 2003 1552 2032; x_wconf 82' lang='grc' dir='ltr'>οὔτε</span> <span class='ocrx_word' id='word_1_662' title='bbox 1567 2003 1652 2042; x_wconf 84' lang='grc' dir='ltr'>ἀγαθὴ</span> <span class='ocrx_word' id='word_1_663' title='bbox 1676 2004 1753 2043; x_wconf 82' lang='grc' dir='ltr'>φύσει</span> <span class='ocrx_word' id='word_1_664' title='bbox 1767 2004 1825 2033; x_wconf 77' lang='grc' dir='ltr'>οὔτε</span> 
     </span>
     <span class='ocr_line' id='line_1_91' title="bbox 1060 2047 1825 2089; baseline 0.004 -13"><span class='ocrx_word' id='word_1_665' title='bbox 1060 2048 1145 2083; x_wconf 83' lang='grc' dir='ltr'>κακὴ,</span> <span class='ocrx_word' id='word_1_666' title='bbox 1159 2047 1226 2076; x_wconf 76' lang='grc' dir='ltr'>ἀλλὰ</span> <span class='ocrx_word' id='word_1_667' title='bbox 1247 2047 1400 2087; x_wconf 84' lang='grc' dir='ltr'>προαιρέσει</span> <span class='ocrx_word' id='word_1_668' title='bbox 1423 2049 1468 2077; x_wconf 78' lang='grc' dir='ltr'>καὶ</span> <span class='ocrx_word' id='word_1_669' title='bbox 1490 2051 1567 2078; x_wconf 74' lang='grc' dir='ltr'>τοῦτο</span> <span class='ocrx_word' id='word_1_670' title='bbox 1589 2051 1694 2078; x_wconf 79' lang='grc' dir='ltr'>κάκεῖνο</span> <span class='ocrx_word' id='word_1_671' title='bbox 1717 2051 1825 2089; x_wconf 84' lang='grc' dir='ltr'>γίνεται.</span> 
     </span>
    </p>
   </div>
   <div class='ocr_carea' id='block_1_9' title="bbox 264 2093 1825 2139">
    <p class='ocr_par' dir='ltr' id='par_1_9' title="bbox 264 2093 1825 2139">
     <span class='ocr_line' id='line_1_92' title="bbox 264 2093 1825 2139; baseline 0.001 -9"><span class='ocrx_word' id='word_1_672' title='bbox 264 2101 356 2130; x_wconf 58' lang='lat' dir='ltr'>zeibis</span> <span class='ocrx_word' id='word_1_673' title='bbox 378 2108 509 2130; x_wconf 75' lang='lat' dir='ltr'>venerunt</span> <span class='ocrx_word' id='word_1_674' title='bbox 530 2101 565 2128; x_wconf 84' lang='lat' dir='ltr'>ad</span> <span class='ocrx_word' id='word_1_675' title='bbox 593 2107 684 2139; x_wconf 86' lang='lat' dir='ltr'>turpes</span> <span class='ocrx_word' id='word_1_676' title='bbox 705 2101 830 2130; x_wconf 80' lang='lat' dir='ltr'>actiones</span> <span class='ocrx_word' id='word_1_677' title='bbox 854 2102 912 2130; x_wconf 89' lang='lat' dir='ltr'>Non</span> <span class='ocrx_word' id='word_1_678' title='bbox 932 2103 1002 2132; x_wconf 89' lang='lat' dir='ltr'>enim</span> <span class='ocrx_word' id='word_1_679' title='bbox 1023 2112 1042 2134; x_wconf 75' lang='grc' dir='ltr'>Α</span> <span class='ocrx_word' id='word_1_680' title='bbox 1059 2094 1165 2134; x_wconf 64' lang='grc' dir='ltr'>Ωσπερ</span> <span class='ocrx_word' id='word_1_681' title='bbox 1179 2097 1222 2123; x_wconf 67' lang='lat' dir='ltr'>0⁶V</span> <span class='ocrx_word' id='word_1_682' title='bbox 1233 2106 1263 2123; x_wconf 65' lang='lat'>‘²⁰</span> <span class='ocrx_word' id='word_1_683' title='bbox 1276 2093 1367 2130; x_wconf 65' lang='grc' dir='ltr'>ῑστίθν,</span> <span class='ocrx_word' id='word_1_684' title='bbox 1384 2106 1507 2134; x_wconf 71' lang='grc' dir='ltr'>Οπῡυπερ</span> <span class='ocrx_word' id='word_1_685' title='bbox 1516 2094 1546 2123; x_wconf 67' lang='grc' dir='ltr'>ἂν</span> <span class='ocrx_word' id='word_1_686' title='bbox 1567 2094 1667 2134; x_wconf 68' lang='grc' dir='ltr'>πνεύσῃ</span> <span class='ocrx_word' id='word_1_687' title='bbox 1683 2098 1696 2125; x_wconf 75' lang='grc' dir='ltr'><strong>ὃ</strong></span> <span class='ocrx_word' id='word_1_688' title='bbox 1717 2096 1825 2135; x_wconf 69' lang='grc' dir='ltr'>ἄνεμος,</span> 
     </span>
    </p>
   </div>
   <div class='ocr_carea' id='block_1_10' title="bbox 264 2146 1007 2332">
    <p class='ocr_par' dir='ltr' id='par_1_10' title="bbox 264 2146 1007 2332">
     <span class='ocr_line' id='line_1_93' title="bbox 264 2146 1002 2183; baseline 0.004 -8"><span class='ocrx_word' id='word_1_689' title='bbox 264 2147 354 2175; x_wconf 88' lang='lat' dir='ltr'>anima</span> <span class='ocrx_word' id='word_1_690' title='bbox 377 2153 467 2175; x_wconf 81' lang='lat' dir='ltr'>nostra</span> <span class='ocrx_word' id='word_1_691' title='bbox 491 2153 584 2174; x_wconf 74' lang='lat' dir='ltr'>natura</span> <span class='ocrx_word' id='word_1_692' title='bbox 599 2153 637 2174; x_wconf 87' lang='lat' dir='ltr'>est</span> <span class='ocrx_word' id='word_1_693' title='bbox 650 2146 718 2174; x_wconf 87' lang='lat' dir='ltr'>bona</span> <span class='ocrx_word' id='word_1_694' title='bbox 734 2157 781 2175; x_wconf 86' lang='lat' dir='ltr'>nec</span> <span class='ocrx_word' id='word_1_695' title='bbox 804 2147 891 2183; x_wconf 86' lang='lat' dir='ltr'>mala,</span> <span class='ocrx_word' id='word_1_696' title='bbox 909 2148 953 2177; x_wconf 88' lang='lat' dir='ltr'>sed</span> <span class='ocrx_word' id='word_1_697' title='bbox 968 2160 1002 2178; x_wconf 79' lang='lat' dir='ltr'>ex</span> 
     </span>
     <span class='ocr_line' id='line_1_94' title="bbox 264 2192 1001 2234; baseline 0.004 -12"><span class='ocrx_word' id='word_1_698' title='bbox 264 2194 350 2223; x_wconf 89' lang='lat' dir='ltr'>libero</span> <span class='ocrx_word' id='word_1_699' title='bbox 367 2193 479 2222; x_wconf 88' lang='lat' dir='ltr'>arbitrio</span> <span class='ocrx_word' id='word_1_700' title='bbox 493 2200 518 2222; x_wconf 88' lang='lat' dir='ltr'>et</span> <span class='ocrx_word' id='word_1_701' title='bbox 531 2193 582 2222; x_wconf 90' lang='lat' dir='ltr'>hoe</span> <span class='ocrx_word' id='word_1_702' title='bbox 597 2193 627 2221; x_wconf 83' lang='lat' dir='ltr'>fit</span> <span class='ocrx_word' id='word_1_703' title='bbox 641 2199 666 2222; x_wconf 88' lang='lat' dir='ltr'>et</span> <span class='ocrx_word' id='word_1_704' title='bbox 682 2192 762 2221; x_wconf 88' lang='lat' dir='ltr'>illud.</span> <span class='ocrx_word' id='word_1_705' title='bbox 779 2194 855 2223; x_wconf 88' lang='lat' dir='ltr'>Sicut</span> <span class='ocrx_word' id='word_1_706' title='bbox 874 2206 937 2234; x_wconf 86' lang='lat' dir='ltr'>ergo</span> <span class='ocrx_word' id='word_1_707' title='bbox 953 2207 1001 2225; x_wconf 84' lang='lat' dir='ltr'>ve—</span> 
     </span>
     <span class='ocr_line' id='line_1_95' title="bbox 264 2239 1002 2278; baseline 0.003 -10"><span class='ocrx_word' id='word_1_708' title='bbox 264 2240 338 2277; x_wconf 83' lang='lat' dir='ltr'>lum,</span> <span class='ocrx_word' id='word_1_709' title='bbox 363 2250 532 2278; x_wconf 86' lang='lat' dir='ltr'>quocumque</span> <span class='ocrx_word' id='word_1_710' title='bbox 546 2239 688 2278; x_wconf 82' lang='lat' dir='ltr'>spiraverit</span> <span class='ocrx_word' id='word_1_711' title='bbox 709 2245 820 2277; x_wconf 84' lang='lat' dir='ltr'>ventus,</span> <span class='ocrx_word' id='word_1_712' title='bbox 835 2240 901 2269; x_wconf 86' lang='lat' dir='ltr'>illuc</span> <span class='ocrx_word' id='word_1_713' title='bbox 917 2241 1002 2271; x_wconf 83' lang='lat' dir='ltr'>defert</span> 
     </span>
     <span class='ocr_line' id='line_1_96' title="bbox 266 2284 1007 2332; baseline 0.004 -19"><span class='ocrx_word' id='word_1_714' title='bbox 266 2296 378 2323; x_wconf 78' lang='lat' dir='ltr'>navem,</span> <span class='ocrx_word' id='word_1_715' title='bbox 391 2285 435 2315; x_wconf 85' lang='lat' dir='ltr'>vel</span> <span class='ocrx_word' id='word_1_716' title='bbox 451 2285 539 2324; x_wconf 83' lang='lat' dir='ltr'>potius</span> <span class='ocrx_word' id='word_1_717' title='bbox 554 2285 624 2313; x_wconf 85' lang='lat' dir='ltr'>sicut</span> <span class='ocrx_word' id='word_1_718' title='bbox 646 2284 739 2313; x_wconf 85' lang='lat' dir='ltr'>clavus</span> <span class='ocrx_word' id='word_1_719' title='bbox 754 2286 879 2314; x_wconf 80' lang='lat' dir='ltr'>transfert</span> <span class='ocrx_word' id='word_1_720' title='bbox 895 2297 1007 2332; x_wconf 58' lang='lat' dir='ltr'>navem,</span> 
     </span>
    </p>
   </div>
   <div class='ocr_carea' id='block_1_11' title="bbox 264 2330 1037 2585">
    <p class='ocr_par' dir='ltr' id='par_1_11' title="bbox 264 2330 1037 2585">
     <span class='ocr_line' id='line_1_97' title="bbox 266 2330 1007 2370; baseline 0.008 -13"><span class='ocrx_word' id='word_1_721' title='bbox 266 2331 287 2358; x_wconf 84' lang='lat' dir='ltr'>si</span> <span class='ocrx_word' id='word_1_722' title='bbox 307 2338 402 2359; x_wconf 75' lang='lat' dir='ltr'>ventus</span> <span class='ocrx_word' id='word_1_723' title='bbox 423 2331 459 2359; x_wconf 88' lang='lat' dir='ltr'>sit</span> <span class='ocrx_word' id='word_1_724' title='bbox 482 2330 635 2359; x_wconf 82' lang='lat' dir='ltr'>secundus:</span> <span class='ocrx_word' id='word_1_725' title='bbox 651 2330 687 2358; x_wconf 90' lang='lat' dir='ltr'>ita</span> <span class='ocrx_word' id='word_1_726' title='bbox 713 2331 792 2359; x_wconf 88' lang='lat' dir='ltr'>etiam</span> <span class='ocrx_word' id='word_1_727' title='bbox 814 2332 960 2370; x_wconf 82' lang='lat' dir='ltr'>cogitatio,</span> <span class='ocrx_word' id='word_1_728' title='bbox 984 2335 1007 2363; x_wconf 90' lang='lat' dir='ltr'>si</span> 
     </span>
     <span class='ocr_line' id='line_1_98' title="bbox 264 2374 1007 2416; baseline 0.007 -15"><span class='ocrx_word' id='word_1_729' title='bbox 264 2374 334 2402; x_wconf 85' lang='lat' dir='ltr'>bona</span> <span class='ocrx_word' id='word_1_730' title='bbox 358 2375 439 2403; x_wconf 83' lang='lat' dir='ltr'>verba</span> <span class='ocrx_word' id='word_1_731' title='bbox 459 2374 574 2403; x_wconf 85' lang='lat' dir='ltr'>secundo</span> <span class='ocrx_word' id='word_1_732' title='bbox 597 2381 677 2403; x_wconf 74' lang='lat' dir='ltr'>vento</span> <span class='ocrx_word' id='word_1_733' title='bbox 704 2374 842 2413; x_wconf 83' lang='lat' dir='ltr'>serantur,</span> <span class='ocrx_word' id='word_1_734' title='bbox 868 2377 1007 2416; x_wconf 75' lang='lat' dir='ltr'>navigabit</span> 
     </span>
     <span class='ocr_line' id='line_1_99' title="bbox 264 2417 1005 2459; baseline 0.008 -15"><span class='ocrx_word' id='word_1_735' title='bbox 264 2417 366 2454; x_wconf 73' lang='lat' dir='ltr'>absque</span> <span class='ocrx_word' id='word_1_736' title='bbox 382 2418 518 2456; x_wconf 85' lang='lat' dir='ltr'>perieulo;</span> <span class='ocrx_word' id='word_1_737' title='bbox 535 2418 557 2446; x_wconf 90' lang='lat' dir='ltr'>si</span> <span class='ocrx_word' id='word_1_738' title='bbox 573 2425 662 2446; x_wconf 87' lang='lat' dir='ltr'>autem</span> <span class='ocrx_word' id='word_1_739' title='bbox 676 2419 824 2452; x_wconf 77' lang='lat' dir='ltr'>contraria,</span> <span class='ocrx_word' id='word_1_740' title='bbox 839 2430 909 2459; x_wconf 78' lang='lat' dir='ltr'>saepc</span> <span class='ocrx_word' id='word_1_741' title='bbox 924 2421 1005 2450; x_wconf 80' lang='lat' dir='ltr'>etiam</span> 
     </span>
     <span class='ocr_line' id='line_1_100' title="bbox 264 2460 1004 2503; baseline 0.009 -17"><span class='ocrx_word' id='word_1_742' title='bbox 264 2460 437 2497; x_wconf 75' lang='lat' dir='ltr'>submergent</span> <span class='ocrx_word' id='word_1_743' title='bbox 461 2461 659 2499; x_wconf 80' lang='lat' dir='ltr'>cogitationem.</span> <span class='ocrx_word' id='word_1_744' title='bbox 687 2462 766 2496; x_wconf 87' lang='lat' dir='ltr'>Quod</span> <span class='ocrx_word' id='word_1_745' title='bbox 792 2463 863 2491; x_wconf 90' lang='lat' dir='ltr'>enim</span> <span class='ocrx_word' id='word_1_746' title='bbox 888 2464 1004 2503; x_wconf 85' lang='lat' dir='ltr'>navigiis</span> 
     </span>
     <span class='ocr_line' id='line_1_101' title="bbox 266 2503 1003 2541; baseline 0.011 -12"><span class='ocrx_word' id='word_1_747' title='bbox 266 2510 327 2531; x_wconf 87' lang='lat' dir='ltr'>sunt</span> <span class='ocrx_word' id='word_1_748' title='bbox 347 2503 476 2541; x_wconf 80' lang='lat' dir='ltr'>spirantes</span> <span class='ocrx_word' id='word_1_749' title='bbox 499 2505 583 2537; x_wconf 76' lang='lat' dir='ltr'>venti,</span> <span class='ocrx_word' id='word_1_750' title='bbox 604 2505 654 2533; x_wconf 84' lang='lat' dir='ltr'>hoc</span> <span class='ocrx_word' id='word_1_751' title='bbox 680 2505 777 2534; x_wconf 88' lang='lat' dir='ltr'>animis</span> <span class='ocrx_word' id='word_1_752' title='bbox 801 2514 863 2535; x_wconf 92' lang='lat' dir='ltr'>sunt</span> <span class='ocrx_word' id='word_1_753' title='bbox 889 2508 970 2536; x_wconf 84' lang='lat' dir='ltr'>verba</span> <span class='ocrx_word' id='word_1_754' title='bbox 997 2521 1003 2536; x_wconf 90' lang='lat'>:</span> 
     </span>
     <span class='ocr_line' id='line_1_102' title="bbox 265 2547 1037 2585; baseline 0.012 -12"><span class='ocrx_word' id='word_1_755' title='bbox 265 2556 433 2584; x_wconf 84' lang='lat' dir='ltr'>quocumque</span> <span class='ocrx_word' id='word_1_756' title='bbox 448 2547 489 2574; x_wconf 83' lang='lat' dir='ltr'>vis</span> <span class='ocrx_word' id='word_1_757' title='bbox 504 2547 588 2585; x_wconf 81' lang='lat' dir='ltr'>ipsam</span> <span class='ocrx_word' id='word_1_758' title='bbox 606 2548 725 2577; x_wconf 86' lang='lat' dir='ltr'>traducis</span> <span class='ocrx_word' id='word_1_759' title='bbox 742 2556 766 2578; x_wconf 86' lang='lat' dir='ltr'>et</span> <span class='ocrx_word' id='word_1_760' title='bbox 780 2552 921 2580; x_wconf 84' lang='lat' dir='ltr'>convertis.</span> <span class='ocrx_word' id='word_1_761' title='bbox 938 2553 1003 2581; x_wconf 79' lang='lat' dir='ltr'>Pro·</span> <span class='ocrx_word' id='word_1_762' title='bbox 1021 2560 1037 2582; x_wconf 86' lang='lat' dir='ltr'>B</span> 
     </span>
    </p>
   </div>
   <div class='ocr_carea' id='block_1_12' title="bbox 1056 2140 1828 2591">
    <p class='ocr_par' dir='ltr' id='par_1_12' title="bbox 1056 2140 1828 2591">
     <span class='ocr_line' id='line_1_103' title="bbox 1061 2140 1827 2180; baseline 0.005 -13.005"><span class='ocrx_word' id='word_1_763' title='bbox 1061 2140 1203 2179; x_wconf 65' lang='grc' dir='ltr'>μεταφέρει</span> <span class='ocrx_word' id='word_1_764' title='bbox 1216 2140 1246 2168; x_wconf 82' lang='grc' dir='ltr'>τὸ</span> <span class='ocrx_word' id='word_1_765' title='bbox 1257 2141 1367 2168; x_wconf 85' lang='grc' dir='ltr'>πλοῖον·</span> <span class='ocrx_word' id='word_1_766' title='bbox 1380 2141 1478 2178; x_wconf 82' lang='grc' dir='ltr'>μᾶλλον</span> <span class='ocrx_word' id='word_1_767' title='bbox 1494 2140 1556 2170; x_wconf 64' lang='grc' dir='ltr'>δὲ“’</span> <span class='ocrx_word' id='word_1_768' title='bbox 1538 2152 1628 2179; x_wconf 86' lang='grc' dir='ltr'>ωσπερ</span> <span class='ocrx_word' id='word_1_769' title='bbox 1641 2143 1654 2170; x_wconf 87' lang='grc' dir='ltr'>ὁ</span> <span class='ocrx_word' id='word_1_770' title='bbox 1671 2141 1727 2175; x_wconf 86' lang='grc' dir='ltr'>οἴαξ</span> <span class='ocrx_word' id='word_1_771' title='bbox 1745 2154 1827 2180; x_wconf 80' lang='grc' dir='ltr'>μετα-</span> 
     </span>
     <span class='ocr_line' id='line_1_104' title="bbox 1060 2182 1828 2225; baseline 0.003 -10"><span class='ocrx_word' id='word_1_772' title='bbox 1060 2187 1133 2225; x_wconf 77' lang='grc' dir='ltr'>φέρει</span> <span class='ocrx_word' id='word_1_773' title='bbox 1144 2187 1174 2215; x_wconf 79' lang='grc' dir='ltr'>τὸ</span> <span class='ocrx_word' id='word_1_774' title='bbox 1187 2187 1289 2221; x_wconf 87' lang='grc' dir='ltr'>πλοῖον,</span> <span class='ocrx_word' id='word_1_775' title='bbox 1304 2185 1333 2213; x_wconf 81' lang='grc' dir='ltr'>ἂν</span> <span class='ocrx_word' id='word_1_776' title='bbox 1345 2185 1372 2218; x_wconf 81' lang='grc' dir='ltr'>ἐξ</span> <span class='ocrx_word' id='word_1_777' title='bbox 1389 2185 1482 2224; x_wconf 73' lang='grc' dir='ltr'>οὐρίων</span> <span class='ocrx_word' id='word_1_778' title='bbox 1496 2188 1509 2214; x_wconf 81' lang='grc' dir='ltr'><strong><em>ὃ</em></strong></span> <span class='ocrx_word' id='word_1_779' title='bbox 1523 2186 1620 2224; x_wconf 81' lang='grc' dir='ltr'>ἄνεμος</span> <span class='ocrx_word' id='word_1_780' title='bbox 1632 2182 1664 2225; x_wconf 71' lang='grc' dir='ltr'>ᾖ·</span> <span class='ocrx_word' id='word_1_781' title='bbox 1679 2187 1800 2216; x_wconf 76' lang='grc' dir='ltr'>οὕτωκαὶ</span> <span class='ocrx_word' id='word_1_782' title='bbox 1813 2190 1828 2217; x_wconf 79' lang='grc' dir='ltr'><strong><em>ὃ</em></strong></span> 
     </span>
     <span class='ocr_line' id='line_1_105' title="bbox 1059 2231 1828 2272; baseline 0.003 -12"><span class='ocrx_word' id='word_1_783' title='bbox 1059 2232 1198 2271; x_wconf 75' lang='grc' dir='ltr'>λογισμὸς,</span> <span class='ocrx_word' id='word_1_784' title='bbox 1211 2231 1240 2260; x_wconf 82' lang='grc' dir='ltr'>ἂν</span> <span class='ocrx_word' id='word_1_785' title='bbox 1256 2231 1282 2264; x_wconf 83' lang='grc' dir='ltr'>ἐξ</span> <span class='ocrx_word' id='word_1_786' title='bbox 1297 2231 1389 2271; x_wconf 81' lang='grc' dir='ltr'>οὖρίων</span> <span class='ocrx_word' id='word_1_787' title='bbox 1405 2231 1438 2259; x_wconf 84' lang='grc' dir='ltr'>τὰ</span> <span class='ocrx_word' id='word_1_788' title='bbox 1450 2231 1557 2270; x_wconf 70' lang='grc' dir='ltr'>ῥήματα</span> <span class='ocrx_word' id='word_1_789' title='bbox 1567 2232 1678 2272; x_wconf 86' lang='grc' dir='ltr'>φέρηται</span> <span class='ocrx_word' id='word_1_790' title='bbox 1693 2232 1726 2262; x_wconf 80' lang='grc' dir='ltr'>τὰ</span> <span class='ocrx_word' id='word_1_791' title='bbox 1741 2234 1828 2268; x_wconf 84' lang='grc' dir='ltr'>καλὰ,</span> 
     </span>
     <span class='ocr_line' id='line_1_106' title="bbox 1062 2277 1828 2313; baseline 0.001 -6"><span class='ocrx_word' id='word_1_792' title='bbox 1062 2278 1204 2308; x_wconf 76' lang='grc' dir='ltr'>πλεύσεται</span> <span class='ocrx_word' id='word_1_793' title='bbox 1220 2277 1374 2309; x_wconf 73' lang='grc' dir='ltr'>ἀκινδύνως·</span> <span class='ocrx_word' id='word_1_794' title='bbox 1391 2277 1420 2304; x_wconf 76' lang='grc' dir='ltr'>ἂν</span> <span class='ocrx_word' id='word_1_795' title='bbox 1445 2277 1472 2305; x_wconf 79' lang='grc' dir='ltr'>δὲ</span> <span class='ocrx_word' id='word_1_796' title='bbox 1495 2277 1616 2313; x_wconf 81' lang='grc' dir='ltr'>ἐναντία,</span> <span class='ocrx_word' id='word_1_797' title='bbox 1635 2278 1762 2311; x_wconf 74' lang='grc' dir='ltr'>πολλάκις</span> <span class='ocrx_word' id='word_1_798' title='bbox 1783 2280 1828 2308; x_wconf 81' lang='grc' dir='ltr'>καὶ</span> 
     </span>
     <span class='ocr_line' id='line_1_107' title="bbox 1061 2322 1828 2363; baseline 0.001 -10"><span class='ocrx_word' id='word_1_799' title='bbox 1061 2323 1202 2353; x_wconf 83' lang='grc' dir='ltr'>καταδύσει</span> <span class='ocrx_word' id='word_1_800' title='bbox 1216 2323 1259 2352; x_wconf 80' lang='grc' dir='ltr'>τὸν</span> <span class='ocrx_word' id='word_1_801' title='bbox 1277 2323 1410 2361; x_wconf 87' lang='grc' dir='ltr'>λογισμόν.</span> <span class='ocrx_word' id='word_1_802' title='bbox 1423 2322 1513 2362; x_wconf 70' lang='grc' dir='ltr'>’Όπερ</span> <span class='ocrx_word' id='word_1_803' title='bbox 1526 2324 1577 2363; x_wconf 80' lang='grc' dir='ltr'>γάρ</span> <span class='ocrx_word' id='word_1_804' title='bbox 1591 2325 1647 2352; x_wconf 80' lang='grc' dir='ltr'>ἐστι</span> <span class='ocrx_word' id='word_1_805' title='bbox 1660 2329 1714 2357; x_wconf 88' lang='grc' dir='ltr'>τοῖς</span> <span class='ocrx_word' id='word_1_806' title='bbox 1727 2325 1828 2359; x_wconf 90' lang='grc' dir='ltr'>πλοίοις</span> 
     </span>
     <span class='ocr_line' id='line_1_108' title="bbox 1060 2369 1827 2410; baseline 0.001 -12"><span class='ocrx_word' id='word_1_807' title='bbox 1060 2370 1093 2398; x_wconf 87' lang='grc' dir='ltr'>τὰ</span> <span class='ocrx_word' id='word_1_808' title='bbox 1109 2369 1262 2406; x_wconf 73' lang='grc' dir='ltr'>πνεύματα,</span> <span class='ocrx_word' id='word_1_809' title='bbox 1277 2371 1352 2397; x_wconf 77' lang='grc' dir='ltr'>τοῦτο</span> <span class='ocrx_word' id='word_1_810' title='bbox 1375 2373 1432 2401; x_wconf 82' lang='grc' dir='ltr'>ταῖς</span> <span class='ocrx_word' id='word_1_811' title='bbox 1451 2370 1548 2408; x_wconf 73' lang='grc' dir='ltr'>ψυχαῖς</span> <span class='ocrx_word' id='word_1_812' title='bbox 1563 2371 1586 2398; x_wconf 83' lang='grc' dir='ltr'>οἱ</span> <span class='ocrx_word' id='word_1_813' title='bbox 1602 2369 1690 2408; x_wconf 82' lang='grc' dir='ltr'>λόγοι·</span> <span class='ocrx_word' id='word_1_814' title='bbox 1711 2370 1827 2410; x_wconf 80' lang='grc' dir='ltr'>ὅπουπερ</span> 
     </span>
     <span class='ocr_line' id='line_1_109' title="bbox 1061 2414 1827 2454; baseline 0.001 -11"><span class='ocrx_word' id='word_1_815' title='bbox 1061 2416 1090 2443; x_wconf 84' lang='grc' dir='ltr'>ἂν</span> <span class='ocrx_word' id='word_1_816' title='bbox 1105 2416 1195 2453; x_wconf 62' lang='grc' dir='ltr'>(θέλῃς,</span> <span class='ocrx_word' id='word_1_817' title='bbox 1209 2414 1329 2452; x_wconf 76' lang='grc' dir='ltr'>μετάγεις</span> <span class='ocrx_word' id='word_1_818' title='bbox 1344 2414 1425 2448; x_wconf 71' lang='grc' dir='ltr'>αὐτὴν</span> <span class='ocrx_word' id='word_1_819' title='bbox 1439 2414 1483 2442; x_wconf 79' lang='grc' dir='ltr'>καὶ</span> <span class='ocrx_word' id='word_1_820' title='bbox 1496 2415 1675 2454; x_wconf 86' lang='grc' dir='ltr'>μετατρέπεις.</span> <span class='ocrx_word' id='word_1_821' title='bbox 1687 2415 1738 2444; x_wconf 79' lang='grc' dir='ltr'>Διὰ</span> <span class='ocrx_word' id='word_1_822' title='bbox 1751 2419 1827 2445; x_wconf 81' lang='grc' dir='ltr'>τοῦτο</span> 
     </span>
     <span class='ocr_line' id='line_1_110' title="bbox 1059 2459 1824 2501; baseline 0.001 -12"><span class='ocrx_word' id='word_1_823' title='bbox 1059 2462 1193 2499; x_wconf 81' lang='grc' dir='ltr'>παραινῶν</span> <span class='ocrx_word' id='word_1_824' title='bbox 1206 2459 1244 2492; x_wconf 83' lang='grc' dir='ltr'>τίς</span> <span class='ocrx_word' id='word_1_825' title='bbox 1257 2471 1320 2498; x_wconf 78' lang='grc' dir='ltr'>φησι</span> <span class='ocrx_word' id='word_1_826' title='bbox 1329 2471 1335 2476; x_wconf 91' lang='grc'><em>·</em></span> <span class='ocrx_word' id='word_1_827' title='bbox 1346 2460 1426 2488; x_wconf 72' lang='grc' dir='ltr'>Πᾶσα</span> <span class='ocrx_word' id='word_1_828' title='bbox 1442 2459 1563 2498; x_wconf 72' lang='grc' dir='ltr'>Ξιήγησίς</span> <span class='ocrx_word' id='word_1_829' title='bbox 1577 2472 1623 2489; x_wconf 89' lang='grc' dir='ltr'>σου</span> <span class='ocrx_word' id='word_1_830' title='bbox 1634 2461 1701 2489; x_wconf 83' lang='grc' dir='ltr'>ἔστω</span> <span class='ocrx_word' id='word_1_831' title='bbox 1715 2462 1742 2489; x_wconf 81' lang='grc' dir='ltr'>εἶν</span> <span class='ocrx_word' id='word_1_832' title='bbox 1753 2462 1824 2501; x_wconf 80' lang='grc' dir='ltr'>νόμῳ</span> 
     </span>
     <span class='ocr_line' id='line_1_111' title="bbox 1058 2505 1824 2545; baseline 0.004 -12"><span class='ocrx_word' id='word_1_833' title='bbox 1058 2507 1192 2545; x_wconf 71' lang='grc' dir='ltr'>Ὑψίστου.</span> <span class='ocrx_word' id='word_1_834' title='bbox 1208 2506 1255 2534; x_wconf 74' lang='grc' dir='ltr'>Διὸ</span> <span class='ocrx_word' id='word_1_835' title='bbox 1269 2506 1432 2544; x_wconf 80' lang='grc' dir='ltr'>παρακαλῶ,</span> <span class='ocrx_word' id='word_1_836' title='bbox 1448 2506 1500 2534; x_wconf 73' lang='grc' dir='ltr'>ἀπὸ</span> <span class='ocrx_word' id='word_1_837' title='bbox 1518 2508 1565 2541; x_wconf 78' lang='grc' dir='ltr'>τῆς</span> <span class='ocrx_word' id='word_1_838' title='bbox 1581 2505 1670 2540; x_wconf 80' lang='grc' dir='ltr'>τίτθης</span> <span class='ocrx_word' id='word_1_839' title='bbox 1688 2506 1720 2535; x_wconf 88' lang='grc' dir='ltr'>τὰ</span> <span class='ocrx_word' id='word_1_840' title='bbox 1732 2507 1824 2536; x_wconf 86' lang='grc' dir='ltr'>παιδία</span> 
     </span>
     <span class='ocr_line' id='line_1_112' title="bbox 1056 2551 1822 2591; baseline -0.001 -10"><span class='ocrx_word' id='word_1_841' title='bbox 1056 2552 1246 2591; x_wconf 65' lang='grc' dir='ltr'>λαμὸοἱνοντες,</span> <span class='ocrx_word' id='word_1_842' title='bbox 1276 2551 1311 2589; x_wconf 83' lang='grc' dir='ltr'>μὴ</span> <span class='ocrx_word' id='word_1_843' title='bbox 1340 2551 1428 2589; x_wconf 70' lang='grc' dir='ltr'>μύθοις</span> <span class='ocrx_word' id='word_1_844' title='bbox 1452 2556 1568 2589; x_wconf 83' lang='grc' dir='ltr'>γραῖκοῐς</span> <span class='ocrx_word' id='word_1_845' title='bbox 1592 2551 1659 2580; x_wconf 73' lang='grc' dir='ltr'>αὐτὰ</span> <span class='ocrx_word' id='word_1_846' title='bbox 1689 2551 1822 2591; x_wconf 73' lang='grc' dir='ltr'>ἐθίζωμεν,</span> 
     </span>
    </p>
   </div>
  </div>
 </body>
</html>
