1893 2860
269 168 338 212 456
604 176 633 199 s.
662 175 801 199 somnis
827 174 1009 197 eunvsosr.

118 250 136 264 ι.
150 242 203 264 Con
220 249 255 265 ιε.
269 241 319 269 lioc
333 239 413 273 dixit,
431 237 520 266 statim
533 236 601 265 bono
616 235 696 265 odore
707 235 758 264 suit
771 235 896 274 repletus.
914 235 1006 263 Nemo

116 275 138 296 3.

266 290 358 322 potest
371 283 464 310 dicere
479 281 639 308 Dominum
654 280 766 314 Jesum,
788 279 844 307 nisi
857 280 889 306 in
899 277 1008 317 Spiritu

268 335 378 357 sanem.
390 327 447 355 Hoc
462 335 557 354 nomen
570 332 624 353 tam
641 325 725 353 multa
736 330 870 363 operatui.
886 324 916 353 Si
931 323 1008 351 dixe-

1041 174 1057 196 A
1064 175 1195 198 RCHOEP.
1224 174 1478 199 CONSTANTINOP
1485 189 1492 196 .

1064 236 1124 272 μῆς.
1139 237 1164 264 Τ
1165 237 1200 264 ὦν
1215 236 1343 274 δαιμόνων
1357 239 1474 266 τοιαῦται
1489 237 1515 264 αἱ
1527 234 1635 273 ἐπῳδαί.
1653 233 1709 262 Κᾶν
1721 232 1830 271 ἄγγελος

1065 284 1092 319 ᾖ,
1103 280 1151 309 κᾶν
1164 281 1336 320 ἀρχάγγελος,
1345 282 1392 311 κᾶν
1405 282 1438 311 τὰ
1453 281 1600 320 Χερουὸὶμ,
1611 281 1674 318 μὴ
1660 277 1764 317 ανέχου·
1758 276 1830 306 ’ἐπεὶ

1064 326 1121 356 οὐδὲ
1131 339 1208 356 αυται
1219 329 1272 356 αἱ
1258 328 1379 366 ουνάμεις
1387 327 1587 363 καταδέξονται,
1597 325 1665 355 ἀλλὰ
1673 324 1742 353 καὶ’
1728 323 1831 352 αποσεί-

268 374 317 408 iis,
335 375 371 400 In
386 373 503 400 nomine
518 372 618 399 Patris
632 377 660 398 et
676 370 752 398 Fila·
763 376 790 398 ec
804 370 927 408 Spiritus
939 379 1008 397 san·
1019 356 1054 406 ³2⁵
1065 384 1167 408 σονται,
1181 372 1244 401 ὅταν
1259 373 1386 402 ’‘Qum-250„
1397 373 1533 408 Δεσπότην
1549 371 1748 410 ἀτιμαζόμενοι,
1759 367 1830 406 Εγώ

267 422 317 453 cti,
331 429 392 447 cuni
404 417 466 452 fide,
480 417 569 446 omnia
582 416 724 455 perfecisti.
742 415 814 445 Vide
827 425 907 453 quam
922 414 1009 442 inulta

267 464 352 493 fecisti
370 476 375 494 :
390 463 485 492 creasti
504 462 640 491 hominem
650 486 657 497 ,
674 469 698 490 et
713 462 764 490 alia
777 461 867 490 omnia
883 467 1009 499 operatus

268 520 295 538 es
316 520 349 537 ex
371 509 539 547 baptismate.
561 508 607 536 Sic
628 507 728 536 morbis
752 507 887 545 imperans
911 515 1008 534 nomen

267 556 297 583 {it
306 554 435 583 terribile.
449 555 591 592 Propterea
604 553 727 581 diabolus
740 551 889 581 introduxit
900 562 929 579 ea
951 561 1010 589 quae

268 607 328 629 sunt
344 600 501 638 angelorum
512 623 520 634 ‚
538 599 632 627 honori
647 605 737 627 nostro
753 597 885 627 invidens.
902 597 1009 625 Daemo-

269 656 333 674 num
349 646 412 674 tales
427 652 489 674 sunt
503 645 700 673 incantationes.
712 643 828 672 Etiamsi
842 643 877 671 sit
888 642 1008 681 angelus,

268 692 373 721 etiamsi
391 691 582 730 archangelus,
599 690 703 719 etiamsi
718 689 883 725 Cherubim,
906 699 939 717 ne
959 699 1009 727 pa-

269 737 344 766 tiaris
359 749 365 764 :
381 747 443 765 nam
464 747 496 765 ne
515 736 556 764 11ae
571 735 680 774 quidem
696 736 840 764 Potestates
854 734 1007 773 excipient,

269 783 314 813 sed
328 783 463 812 excutient
475 793 536 811 cum
550 782 668 811 viderint
683 781 830 810 Dominum
846 780 1008 809 contumelia

270 831 404 859 affectum.
419 830 476 868 Ego
491 836 516 858 te
532 829 684 863 honoravi,
701 828 807 866 inquit,
829 834 854 856 et
870 827 947 863 dixi,
965 828 1008 855 Tu

271 887 314 905 me
328 877 421 905 invoca
439 888 445 903 :
463 882 489 903 et
509 882 538 903 tu
556 885 617 903 cum
638 873 767 902 dedecore
781 873 867 901 afficis
879 873 893 900 Ρ
911 873 941 902 Si
958 872 1010 900 hoc

270 931 377 949 carmen
391 931 454 949 cum
466 920 520 948 fide
530 919 677 948 cantaveris
687 941 695 953 ,
712 925 737 947 et
752 918 859 946 morbos
873 924 899 946 et
911 917 1010 946 daemo-

271 978 317 995 nes
333 966 440 1005 fugabis
457 978 463 993 :
480 973 505 994 et
519 965 541 993 si
555 965 679 993 morbum
694 975 745 992 non
762 963 944 1003 propulsaris,
958 974 1010 992 non

271 1012 298 1040 id
313 1012 343 1040 fit
357 1019 466 1051 propter
480 1010 705 1046 imbecillitatem,
720 1009 766 1038 sed
788 1020 818 1038 eo
834 1009 908 1047 quod
930 1019 1010 1048 expe-

270 1058 336 1087 diat.
353 1057 508 1086 Secundum
524 1055 738 1095 magnitudinem
750 1062 842 1092 tuam,
857 1055 961 1093 inquit,
974 1055 1012 1083 sic

271 1111 296 1132 et
317 1104 376 1132 laus
396 1110 451 1132 tua.
463 1103 514 1130 Per
527 1102 578 1130 hoc
592 1111 687 1129 nomen
702 1100 774 1129 orbis
789 1107 865 1129 terrae
879 1100 932 1128 fuit
943 1110 1011 1129 con—

271 1160 376 1185 versus,
392 1149 474 1177 fracta
489 1154 527 1176 est
542 1147 664 1187 tyrannis
674 1170 681 1183 ‚
703 1146 873 1175 conculcatus
891 1146 943 1175 fuit
957 1146 1014 1175 dia-

270 1196 365 1231 bolus,
382 1195 466 1235 aperti
481 1201 543 1222 sunt
557 1193 623 1222 coeli.
646 1193 681 1222 Et
696 1192 764 1231 quid
777 1192 853 1228 dico,
866 1192 922 1221 caeli
935 1192 948 1220 Ρ
964 1202 1012 1221 nos

272 1254 319 1282 pei·
340 1243 390 1270 hoc
409 1251 504 1270 nomen
517 1250 608 1269 sumus
623 1239 778 1278 regenerati.
804 1238 833 1268 Si
848 1238 898 1267 hoc
913 1238 1012 1266 habea-

273 1299 332 1316 mus
341 1311 349 1325 ,
362 1286 571 1327 resplendemus.
587 1285 645 1314 Hoc
656 1291 681 1314 et
692 1291 824 1324 martyres
836 1284 900 1312 facit
914 1290 939 1312 et
950 1294 1013 1313 con-

273 1336 382 1363 fessores
398 1345 403 1361 ε
426 1333 479 1361 hoc
500 1343 549 1372 pro
572 1341 669 1370 magno
686 1330 756 1359 dono
776 1336 924 1366 teneamus,
939 1335 969 1357 ut
988 1328 1015 1357 in

274 1380 360 1418 gloria
372 1379 511 1415 vivamus,
527 1384 553 1406 et
567 1378 624 1406 Deo
636 1377 789 1416 placeamus
796 1399 806 1411 ,,
828 1381 854 1404 et
873 1374 950 1413 digni
961 1374 1014 1403 ha-

274 1428 386 1454 beamur
400 1424 478 1454 bonis
490 1423 629 1464 promissis
648 1422 681 1452 iis
702 1422 750 1462 qui
772 1422 861 1462 ipsum
875 1421 1012 1460 diligunt,

275 1470 359 1510 gratia
372 1477 396 1500 et
410 1469 590 1509 benignitate,
609 1474 657 1497 etc.

1065 430 1093 447 σε
1110 418 1240 456 ἐτίμησα,
1254 430 1333 457 φησι,
1348 418 1392 447 καὶ
1404 414 1487 454 εἷπον,
1500 418 1547 456 ἐμὲ
1561 417 1625 446 κάλε
1615 428 1652 444 τί
1668 415 1712 444 καὶ
1728 426 1758 443 συ
1775 415 1832 442 ἀτι-

1065 464 1155 502 μάζεις
1167 463 1256 500 αὐτόν;
1268 462 1313 493 Ἂν
1324 463 1422 499 ταύτην
1435 463 1498 502 ᾄδῃς
1513 463 1561 498 τὴν
1577 461 1680 501 ἐπῳδὴν
1695 459 1763 498 μετὰ
1785 458 1832 488 πί-

1065 522 1161 545 στεως,
1175 510 1219 538 καὶ
1241 509 1331 542 νόσους
1346 509 1392 537 καὶ
1412 508 1535 546 δαίμονας
1549 507 1707 538 ἀπελάσεις·
1728 505 1776 534 κᾶν
1792 504 1830 542 μὴ

1065 556 1200 594 ἀπελάσῃς
1214 555 1260 590 τὴν
1283 554 1367 589 νόσον,
1390 555 1418 583 οὐ
1429 554 1502 593 παρὰ
1517 553 1660 588 ἀσθένειαν,
1676 550 1744 580 ἀλλὰ
1758 549 1831 603 παρὰ

1065 601 1095 629 τὸ
1112 600 1252 640 συμφέρον.
1283 598 1359 628 Κατὰ
1377 598 1425 633 τὴν
1447 596 1634 636 μεγαλωσύνην
1655 606 1716 631 σου,
1743 593 1833 633 φησὶν,

1064 657 1132 675 ουτω
1142 646 1211 680 καιὴ
1226 657 1251 673 α
1243 644 1320 677 νεσίς
1338 655 1392 672 σου.
1418 643 1470 672 Διὰ
1495 645 1540 671 τοῦ
1561 641 1687 679 ὀνόματος
1708 639 1800 668 τούτου
1815 640 1831 673 ἡ

1065 691 1204 729 οἰκουμένη
1222 690 1390 730 ἐπεστράφη,
1411 692 1427 724 ἡ
1443 688 1563 728 τυραννὶς
1577 687 1672 722 ἐλύθη,
1686 688 1700 715 ὁ
1714 685 1833 718 διάὸολος

1064 738 1199 773 ἐπατήθη,
1220 739 1243 766 οἱ
1271 736 1373 775 οὐρανοὶ
1392 735 1555 774 ἀνεύγησαν.
1570 733 1622 762 Καὶ
1646 732 1672 760 τί
1693 731 1782 770 λέγω,
1809 732 1833 759 οἱ

1065 784 1184 823 οὖρανοί;
1210 786 1286 820 ἡμεῖς
1316 781 1522 821 ἀνεγεννήθημεν
1560 779 1603 808 διὰ
1634 790 1680 808 του
1707 777 1834 815 ὀνόματος

1064 830 1164 859 τούτου.
1185 829 1249 858 Ἐὰν
1274 840 1349 858 τουτο
1377 828 1489 866 ἔχωμεν,
1509 826 1660 864 λάμπομεν.
1682 825 1769 853 Τουτο
1787 822 1833 853 καὶ

1028 886 1046 909 R
1065 876 1198 915 μαρτυρας
1212 878 1296 909 ποιεῖ,
1311 874 1356 902 καὶ
1377 871 1558 911 ὃμολθγητας·
1581 882 1657 899 τουτο
1673 880 1813 908 κατεχωμξ
1803 880 1828 897 ..ν

1066 921 1123 948 ἀντὶ
1149 920 1262 958 μεγάλου
1289 918 1388 958 δώρου,
1411 917 1480 946 ἵνα’
1469 929 1495 946 εν
1512 916 1572 954 δόξῃ
1584 915 1715 953 ζήσωμεν,
1729 914 1774 943 καὶ
1793 915 1834 943 εὖ·

1065 965 1250 1004 αρεστήσωμεν
1262 965 1299 1003 τῷ
1311 965 1389 1002 Θεῶ,
1402 963 1446 991 και
1460 960 1664 998 καταξιωθῶμεν
1678 961 1730 988 τῶν
1746 960 1834 998 ἐπηγ-

1064 1010 1146 1050 γελμέ
1147 1022 1196 1039 νων
1216 1010 1319 1048 ἀγαθῶν
1342 1013 1395 1042 τοῖς
1419 1009 1556 1046 ἀγαπῶσιν
1573 1004 1660 1041 αὐτὸν,
1674 1004 1766 1045 χάριτι
1786 1003 1832 1034 καὶ

1070 1054 1261 1096 φιλανθρωπία.
