1893 2860
86 1177 103 1190 1.
127 1169 179 1190 (for.
199 1168 222 1198 4.

84 1208 118 1221 ιι.
141 1201 175 1222 13-

81 1308 132 1328 Δια.
151 1313 172 1335 7.
185 1306 221 1336 59.

99 2227 179 2246 ΜΛΝ..

233 174 304 209 658

234 247 374 286 percutiat,
389 256 421 274 ne
434 247 584 274 irascuntur
597 245 716 284 quidem,
730 245 795 275 adeo
808 253 880 275 metu
894 246 971 276 disti-

234 299 328 321 neatur
337 314 345 328 ,
360 301 444 329 neque
455 290 613 329 magistrum
624 291 792 331 interpellare
802 292 915 329 audent3
925 294 972 323 sed

234 347 318 365 unum
342 343 446 364 tantum
467 343 598 375 spectant,
619 343 650 365 ut
670 337 781 375 ingressi
806 338 862 367 sine
885 338 972 377 plagis

232 381 306 409 exire
317 381 431 419 possint;
446 380 569 419 illudque
579 388 683 421 tempus
696 382 839 411 observant
851 395 858 411 :
871 390 895 411 et
910 394 971 413 cum

233 426 331 464 egressi
348 426 457 463 suerint,
472 426 528 456 sive
545 427 632 466 plagis
645 428 770 466 acceptis,
787 428 846 457 sive
860 439 912 458 non
927 440 972 458 ac-

233 471 335 510 ceptis,
355 482 410 510 prae
429 472 566 511 voluptate
583 472 617 501 de
635 473 668 501 iis
685 483 737 502 non
758 474 827 503 ultra
845 475 970 513 cogitant.

234 517 278 545 Tu
295 527 358 545 vero
373 524 444 546 stans
461 524 486 546 ct
502 518 536 546 de
556 519 671 557 peccatis
689 519 742 548 tuis
760 519 899 557 sollicitus,
919 531 971 549 non

232 564 398 593 exhorrescis
406 575 467 593 cum
479 565 594 594 aliorum
608 573 714 605 peccata
724 567 751 595 in
766 568 923 596 memoriam
932 580 972 597 re-

232 611 333 640 vocas?
347 618 372 640 ct
380 611 516 650 quomodo
527 613 615 641 Deum
627 614 725 652 rogas?
736 615 808 643 Dum
821 615 899 644 illum
910 626 973 644 con-

233 664 272 685 tra
288 657 445 696 proximum
459 658 576 696 precaris
588 681 595 694 ,
609 666 717 698 peccata
732 667 776 688 tua
792 661 915 699 graviora
930 661 973 689 sa-

233 702 280 739 cis,
302 713 350 732 nec
363 703 429 732 sinis
445 710 475 732 ut
493 703 539 731 ille
556 704 604 732 tibi
621 705 726 734 veniam
743 706 878 735 concedat.
894 708 1014 745 Quo--58¹

233 747 314 777 modo
327 748 408 783 enim,
424 749 511 786 inquit
526 750 607 785 Deus,
622 750 644 778 si
661 751 702 779 vis
718 761 760 779 me
773 762 864 780 severe
879 752 973 790 inqui·
990 754 1007 775 Α

232 804 290 822 rere
303 793 337 822 de
350 794 429 822 malis
441 801 532 822 contra
547 801 573 823 te
585 795 708 834 patratis,
724 802 894 835 pcccatorum
909 804 972 825 tuo-

232 849 293 867 rum
311 846 401 867 contra
418 850 460 868 mc
474 839 652 868 admissorum
673 841 780 869 veniam
797 842 845 870 tibi
864 842 972 870 concedi

232 885 349 924 postulas
364 885 377 912 P
399 885 542 913 Diseamus
559 885 666 914 tandem
684 897 740 915 esse
759 887 907 916 Christiani
923 900 930 916 .·
951 889 973 917 si

233 930 334 969 precari
351 930 508 965 nesciamus,
526 931 598 968 quod
619 938 707 960 tamen
732 931 880 961 admodum
896 933 973 962 facile

231 983 286 1011 est,
311 975 375 1013 quid
399 975 477 1004 aliud
495 975 632 1004 sciemus?
653 977 796 1005 Discamus
821 978 924 1017 precari
945 986 974 1008 ut

233 1021 379 1049 Christiani
391 1033 397 1048 :
410 1021 551 1060 gemilium
564 1028 625 1050 sunt
637 1022 690 1050 illae
700 1033 801 1061 preces,
815 1023 974 1053 Judaeorum

232 1074 293 1095 sunt
305 1066 357 1095 illm
369 1067 577 1106 supplicationes
588 1078 597 1104 ς
612 1067 758 1096 Christiani
770 1079 833 1097 vero
847 1076 908 1098 sunt
919 1070 973 1099 illis

233 1112 382 1147 contrariae,
399 1112 506 1142 veniam
521 1123 617 1152 nempe
639 1120 664 1142 et
686 1114 867 1143 remissionem
886 1122 974 1153 petere

233 1170 282 1199 pro
295 1159 328 1188 iis
345 1169 403 1196 quae
416 1165 507 1187 contra
522 1169 570 1187 nos
581 1159 650 1188 facta
660 1166 733 1188 sunt.
745 1161 954 1190 Maledicimur
965 1184 973 1198 ,

233 1205 338 1243 inquit,
353 1211 381 1233 et
398 1205 593 1233 benedicimus
600 1217 611 1238 ‚·
627 1207 881 1244 persequutionem
894 1210 974 1245 pati-

233 1259 315 1285 mur,
338 1256 365 1278 et
381 1252 557 1279 sustinemus
568 1262 579 1284 ;
595 1250 832 1289 blasphemamur
850 1258 877 1279 et
896 1252 975 1279 ohse-

233 1305 360 1323 cramus.
382 1295 455 1323 Audj
469 1295 637 1334 Stephanum
654 1295 788 1325 dicentem
803 1307 809 1324 z
827 1297 955 1325 Domine
965 1319 973 1331 ‚

234 1351 270 1369 ne
284 1347 398 1369 statuas
415 1341 479 1369 illis
493 1342 548 1370 hoc
563 1348 724 1381 peccatum.
745 1343 806 1370 Non
821 1342 903 1371 modo
921 1353 973 1371 non

232 1385 360 1415 adversus
375 1386 437 1414 illos
451 1387 625 1425 precabatur,
639 1387 686 1416 sed
699 1387 779 1416 etiam
793 1398 843 1427 pro
859 1388 914 1416 illis
927 1399 933 1414 :
945 1394 974 1416 tu

234 1442 296 1460 vero
311 1443 363 1460 non
379 1432 460 1461 modo
474 1443 526 1467 nc:
540 1443 589 1472 pro
608 1433 664 1461 illis
680 1434 806 1472 precariS‚
821 1434 867 1462 sed
883 1440 974 1462 contra

233 1477 305 1505 illos.
324 1478 400 1506 Sicut
413 1478 497 1515 igitur
506 1478 553 1506 ille
565 1477 743 1514 admirabilis,
757 1479 794 1507 ita
810 1485 835 1507 et
844 1485 874 1506 tu
889 1479 974 1517 pessi-

235 1535 295 1553 mus
313 1535 340 1553 es
363 1524 452 1553 homo.
477 1525 565 1560 Quem
583 1524 797 1562 admirabimur,
816 1524 861 1553 dic
881 1524 949 1552 mihi
961 1525 974 1552 ,⁰

234 1580 312 1598 eosne
323 1580 373 1609 pro
385 1570 484 1608 quibus
499 1570 596 1608 oravit,
609 1580 643 1598 an
653 1581 715 1598 eum
727 1571 773 1608 qui
786 1581 834 1610 pro
846 1570 900 1598 illis
914 1581 975 1609 pre-

236 1623 310 1644 catus
319 1616 379 1644 est?
390 1616 467 1644 Hunc
480 1616 572 1654 utique
583 1627 589 1643 z
602 1616 624 1644 si
636 1626 699 1644 vero
711 1627 770 1653 nos,
788 1616 874 1644 multo
888 1616 975 1654 magis
992 1631 1010 1653 (3

237 1666 318 1693 Deus.
330 1664 380 1693 Vis
391 1664 530 1692 inimicum
541 1664 665 1702 percuti?
678 1674 724 1692 ora
735 1674 782 1703 pro
796 1664 853 1699 illo,
866 1664 912 1692 sed
923 1674 975 1692 non

237 1721 266 1739 ea
283 1717 378 1745 mente,
397 1720 449 1738 non
464 1716 494 1738 ut
510 1709 674 1748 percutiatur
691 1721 696 1737 t
710 1709 763 1737 hoc
775 1709 846 1738 enim
862 1709 899 1737 ita
915 1720 974 1739 eve-

239 1756 294 1791 nit;
309 1763 338 1784 tu
355 1765 418 1784 vero
433 1765 484 1783 non
501 1754 529 1782 id
544 1755 570 1783 in
585 1765 665 1794 scopo
682 1755 789 1783 habeas.
802 1755 872 1783 Nam
883 1755 976 1784 beatus

239 1803 285 1830 ille
304 1802 401 1840 injuste
415 1801 504 1830 omnia
524 1800 674 1839 patiebatur
687 1824 694 1836 ‚
714 1808 739 1830 et
752 1801 912 1840 precabatur
928 1812 978 1841 pro

241 1846 441 1886 percussoribus
458 1858 466 1874 ε
484 1856 531 1874 nos
544 1852 633 1874 autem
651 1846 765 1885 plurima
777 1846 850 1885 juste
861 1847 980 1885 patimur

240 1893 274 1921 ab
294 1892 420 1921 inimicis.
440 1892 470 1920 Si
491 1899 580 1920 autem
599 1892 621 1920 is
639 1892 684 1930 qui
700 1893 796 1932 injuste
809 1893 961 1932 patiebatur
973 1913 981 1928 ,

242 1948 293 1966 non
307 1948 388 1966 ausus
403 1944 441 1965 est
455 1944 546 1965 contra
561 1947 728 1976 percussores
742 1948 836 1966 orare:
851 1938 896 1976 qui
909 1939 980 1976 juste

242 1984 372 2022 patimur,
392 1990 418 2011 et
436 1993 489 2011 non
504 1983 584 2011 modo
602 1994 654 2011 non
667 1994 807 2022 precamur
823 1995 872 2023 pro
886 1984 962 2013 inimi
972 2003 979 2007 -

243 2031 291 2067 cis,
308 2030 355 2058 scd
371 2030 451 2058 etiam
467 2036 558 2058 contra
570 2029 632 2058 illos
646 2040 762 2065 oramus,
781 2041 835 2068 quo
849 2041 900 2059 non
917 2042 980 2070 sup—

244 2076 325 2115 plicio
341 2076 417 2114 digni
433 2075 550 2105 sumus?
570 2075 677 2104 Videris
693 2076 801 2114 quidem
819 2076 858 2104 illi
874 2076 981 2115 plagam

245 2122 374 2160 infligere,
396 2121 439 2150 sed
462 2131 522 2150 vere
541 2128 632 2149 contra
650 2128 676 2149 te
699 2121 822 2159 gladium
836 2123 980 2157 convertis,

245 2179 306 2196 cum
317 2178 369 2196 non
382 2167 519 2207 permittas
531 2174 560 2195 ut
573 2167 663 2196 Judex
677 2167 727 2195 tibi
737 2174 844 2206 peccata
860 2175 904 2196 tua
914 2179 981 2197 con-

556 185 585 208 S.
626 186 765 209 ιΙΟΑΝΝΙΞ
790 186 971 210 cunYSOST.

213 2214 338 2248 2Ad0net‚
360 2213 426 2242 dum
448 2213 524 2241 illum
543 2213 632 2241 irritas
651 2220 740 2241 contra
758 2213 850 2241 alium.
870 2216 907 2242 In
924 2225 983 2253 qua

246 2262 323 2288 enim
337 2269 473 2288 mensura
488 2259 583 2287 mensi
589 2259 707 2296 fueritis
718 2281 725 2293 ,
744 2260 910 2287 remetietur
927 2270 980 2288 vo-

247 2304 299 2338 bis,
318 2303 421 2341 inquit;
436 2309 463 2331 et
478 2312 535 2340 quo
546 2303 849 2341 judiciojudicabitis,
862 2303 981 2340 judica-

248 2350 357 2377 bimini.
371 2349 461 2377 Simus
475 2358 540 2386 ergo
557 2347 589 2375 ad
607 2348 711 2375 veniam
724 2348 817 2386 proni,
834 2354 861 2375 ut
878 2349 983 2377 veniam

248 2404 438 2432 consequamur
448 2405 462 2422 a
477 2395 542 2423 Deo.

287 2439 314 2466 5.
330 2439 391 2467 Haec
402 2447 490 2468 autem
504 2441 565 2468 volo
580 2450 626 2469 vos
637 2450 688 2469 non
703 2439 798 2468 audire
810 2446 925 2476 tantum,
938 2440 982 2469 sed

249 2484 326 2511 ctiam
347 2494 460 2514 servare.
478 2487 555 2514 Nunc
574 2496 635 2515 vcro
656 2485 735 2514 verba
753 2485 840 2513 solum
856 2487 981 2514 memoria

251 2528 375 2562 totiacus,
394 2529 446 2557 imo
460 2530 566 2558 sortasse
579 2541 611 2559 nc
626 2531 705 2559 verba
719 2530 827 2568 quidem
841 2543 847 2565 ;
862 2530 906 2559 sed
922 2541 982 2560 cum

251 2573 417 2609 recesseritis,
438 2574 455 2601 si
472 2575 532 2612 quis
546 2586 577 2604 cx
591 2576 743 2605 absentibus
759 2576 976 2615 interrogaverit,

1003 188 1020 210 A
1028 189 1158 212 RcfflEP.
1186 191 1452 216 CONSTANTINOP-

1026 252 1070 278 τοῦ
1088 249 1169 288 φόὸου
1184 250 1231 286 τὴν
1245 251 1332 290 ψυχὴν
1354 253 1523 291 κατέχοντος,
1547 252 1603 281 οὐδὲ
1619 253 1736 291 ἐντυχεῖν
1750 253 1787 291 τῷ

1027 296 1192 335 διδασκάλῳ,
1207 297 1265 325 ἀλλ’
1282 299 1317 329 εἷς
1335 297 1362 326 ἓν
1378 298 1454 336 μόνον
1475 301 1523 337 ὁρᾷ
1533 321 1540 335 ,
1554 298 1584 327 τὸ
1599 298 1722 327 εἰσελθεῖν
1743 298 1788 326 καὶ

1027 341 1213 379 ἀπαλλαγῆναι
1236 342 1345 380 πληγῶν
1369 343 1466 381 χωρὶς,
1480 343 1525 372 καὶ
1546 343 1610 382 πρὸς
1631 345 1728 372 ἐκεῖνον
1744 343 1788 372 τὸν

1026 386 1115 425 καιρὸν
1130 390 1241 416 σκοπεῖ·
1257 386 1305 415 κᾶν
1320 387 1426 426 ἐξέλθῃ,
1441 388 1493 416 εἴτε
1510 389 1614 427 πληγὰς
1632 389 1721 417 λαὸὼν
1737 389 1788 417 εἴτε

1027 431 1062 468 μὴ
1078 432 1176 468 mahte,
1191 432 1249 461 οὐδὲ
1265 433 1301 465 εἷς
1314 435 1373 461 νοῦν
1388 434 1474 462 ἐκεῖνα
1493 434 1584 462 λοιπὸν
1600 434 1725 472 βάλλεται
1738 435 1789 463 ὑπὸ

1025 479 1072 511 τῆς
1091 478 1194 513 ἡδονῆς.
1209 477 1247 507 Σὺ
1264 478 1291 507 δὲ
1317 477 1398 511 ἑστὼς
1421 478 1466 507 καὶ
1491 481 1623 517 μεριμνῶν
1648 479 1714 519 ὑπὲρ
1735 480 1788 508 τῶν

1025 523 1225 563 ἁμαρτημάτων
1241 525 1293 552 τῶν
1308 526 1371 561 σῶν,
1381 525 1409 553 οὖ
1425 523 1540 563 φρίττεις
1552 526 1605 553 τῶν
1619 525 1711 563 ἑτέρων
1725 538 1789 564 μνη·

1026 568 1155 605 μονεύων,
1172 569 1216 598 καὶ
1230 572 1287 602 πῶς
1302 569 1345 598 τὸν
1358 569 1427 598 Θεὸν
1440 571 1603 609 παρακαλεῖς
1614 581 1621 606 ;
1635 570 1677 599 Δι’
1688 566 1724 599 ὧν
1737 571 1789 610 γὰρ

1026 614 1102 643 αὐτὸν
1117 616 1176 642 κατ’
1191 615 1289 643 ἐκείνου
1305 614 1385 648 ἀξιοῖς
1398 637 1404 650 ,
1419 614 1462 644 διὰ
1476 615 1572 644 τούτων
1587 616 1632 643 καὶ
1647 615 1679 644 τὰ
1694 619 1788 645 σαυτοῦ

1026 660 1168 698 πικρότεροι
1183 661 1293 699 ἐργάζῃ,
1311 662 1357 689 οὐκ
1369 660 1453 699 ἀφιεὶς
1471 661 1547 689 αὐτὸν
1561 661 1718 699 συγγνώμην
1730 662 1790 691 δοῦ-

1026 717 1069 733 ναι
1083 710 1137 738 τοῖς
1148 710 1210 739 σοῖς.
1226 707 1289 739 Πῶς
1300 706 1367 745 γὰρ,
1381 708 1403 735 εἷ
1417 707 1500 739 θέλεις
1513 719 1546 744 με
1556 707 1687 745 γίνεσθαι,
1701 707 1790 746 φησὶν,

1027 750 1165 786 ἐξεταστὴν
1175 752 1271 791 ἀκριὸἧ
1287 754 1339 780 τῶν
1354 753 1389 785 εἷς
1402 752 1430 781 σὲ
1444 752 1725 790 πεπλημμελημένων,
1735 754 1791 786 πῶς

1027 797 1078 824 τῶν
1100 795 1174 836 παρὰ
1189 800 1235 825 σοῦ
1248 798 1285 830 εἰς
1302 797 1349 834 ἐμὲ
1370 797 1552 835 γεγενημένων
1572 796 1652 830 ἀξιοῖς
1673 796 1792 836 γενέσθαι

1027 841 1074 876 τὴν
1091 842 1279 881 συγχώρησιν;
1294 842 1428 880 Μοίθωμέν
1454 854 1518 872 ποτε
1540 839 1606 871 εἶναι
1622 843 1791 882 Χριστιανοί·

1027 888 1049 915 εἰ
1063 886 1186 926 εὔχεσθαι
1200 889 1247 917 οὐκ
1259 888 1344 925 ἴσμεν,
1355 888 1419 928 ὅπερ
1431 888 1500 917 ἐστὶν
1516 888 1621 917 εὔκολον
1632 888 1677 917 καὶ
1693 888 1793 927 σφόδρα

1028 932 1125 971 ῥᾴδιον,
1137 933 1164 961 τί
1177 936 1229 962 τῶν
1244 934 1332 962 ἄλλων
1356 933 1497 971 εἷσόμεθα;
1521 934 1656 971 Μοίθωμεν
1671 934 1793 973 εὔχεσθαι

1026 980 1061 1011 ὡς
1076 979 1231 1017 Χριστιανοί
1241 991 1246 996 ·
1258 979 1392 1014 Ἑλλήνων
1406 979 1470 1007 εἰσὶν
1483 980 1580 1007 ἐκεῖναι
1590 979 1616 1006 αἱ
1629 979 1721 1018 εὐχαὶ,
1732 978 1794 1008 Ἰου-

1026 1023 1106 1051 δαίων
1118 1025 1214 1052 ἐκεῖναι
1225 1026 1252 1052 αἱ
1267 1024 1382 1059 δεήσεις·
1392 1027 1438 1053 τοῦ
1449 1025 1608 1063 Χριστιανοῧ
1622 1024 1649 1052 δὲ
1661 1023 1777 1053 ἐναντίαι
1785 1047 1793 1060 ,

1026 1069 1119 1107 ἄφεσιν
1135 1069 1180 1098 καὶ
1196 1070 1343 1106 ἀμνηστίαν
1363 1071 1444 1098 αἰτεῖν
1459 1072 1510 1098 τῶν
1527 1071 1564 1102 εἷς
1584 1072 1654 1108 ἡμᾶς
1668 1072 1794 1109 πεπλημ-

1028 1114 1192 1152 μελημένων.
1208 1115 1410 1154 Λοιδορούμενοι
1420 1138 1428 1151 ,
1442 1114 1531 1154 φησὶν,
1550 1116 1706 1154 εὐλογοῦμεν
1715 1137 1722 1150 ,
1733 1117 1793 1145 διω-

1027 1160 1132 1197 κόμενοι
1149 1161 1310 1200 ἀνεχόμεθα,
1326 1160 1556 1200 βλασφημούμενοι
1576 1162 1792 1200 παρακαλοῦμεν.

1027 1205 1119 1235 Ἄκουε
1140 1210 1186 1235 τοῦ
1204 1206 1338 1246 Στεφάνου
1361 1206 1497 1244 λέγοντος·
1513 1205 1608 1246 Κύριε,
1634 1206 1671 1244 μὴ
1693 1207 1793 1246 στήσῃς

1028 1252 1113 1285 αὐτοῖς
1127 1251 1176 1287 τὴν
1187 1252 1319 1291 ἁμαρτίαν
1333 1252 1490 1287 ταύτην.οὖ
1501 1252 1577 1290 μόνον
1587 1253 1615 1280 οὗ
1626 1251 1773 1291 κατηύχετο
1785 1275 1792 1289 ,

1027 1297 1096 1326 ἀλλὰ
1107 1298 1152 1327 καὶ
1166 1298 1347 1338 ὑπερ-ηὔχετο·
1360 1297 1391 1327 σὺ
1406 1297 1434 1327 δὲ
1444 1300 1472 1327 οὗ
1485 1297 1562 1336 μόνον
1577 1300 1626 1337 οὐχ
1639 1298 1791 1338 ὓπερηύξω,

1028 1343 1096 1373 ἀλλὰ
1115 1344 1160 1372 καὶ
1185 1343 1314 1379 κατηύξω.
1327 1342 1436 1382 εὨσπερ
1450 1340 1493 1372 οἶν
1514 1343 1658 1381 θαυμάσιος
1679 1345 1792 1380 ἐκεῖνος,

1028 1389 1095 1417 οὕτω
1109 1389 1141 1418 σὺ
1155 1389 1286 1421 κάκιστος.
1297 1388 1366 1417 Τίνα
1383 1389 1560 1426 θαυμάζομεν,
1582 1388 1640 1417 εἶπέ
1659 1400 1720 1426 μοι;
1733 1389 1793 1421 τοὺς

1027 1434 1094 1472 ὑπὲρ
1111 1431 1148 1463 ὧν
1162 1433 1271 1469 ηὔξατο,
1285 1433 1302 1468 ἢ
1320 1433 1363 1461 τὸν
1385 1433 1610 1473 ὑπερευχόμενον;
1624 1435 1724 1463 Τοῦτον
1747 1435 1795 1469 δη-

1027 1480 1114 1509 λονότι
1127 1491 1134 1497 ·
1149 1481 1172 1508 εἰ
1191 1480 1217 1507 δὲ
1232 1482 1323 1517 ἡμεῖς,
1346 1480 1436 1517 πολλῷ
1459 1480 1558 1517 μᾶλλον
1574 1482 1588 1508 ὃ
1609 1479 1686 1512 Θεός.
1700 1480 1793 1509 Βούλει

1028 1525 1190 1560 πλήττεσθαι
1209 1525 1253 1554 τὸν
1269 1524 1377 1564 ἐχθρόνς
1394 1519 1466 1557 εἶξαι
1479 1523 1546 1562 ὑπὲρ
1561 1526 1658 1560 «brev,
1674 1525 1742 1554 ἀλλὰ
1757 1525 1793 1563 μὴ

1028 1571 1136 1608 τοιαύτῃ
1158 1570 1276 1610 διανοίᾳ,
1293 1570 1330 1608 μὴ
1353 1572 1387 1603 ὡς
1410 1569 1534 1604 πλήττων
1547 1581 1552 1587 ·
1575 1572 1652 1598 τοῦτο
1673 1571 1720 1608 μὲν
1745 1571 1797 1610 γὰρ

1028 1617 1144 1654 γίνεται,
1160 1616 1191 1644 σὺ
1204 1617 1230 1644 δὲ
1247 1616 1283 1654 μὴ
1305 1616 1390 1655 τούτῳ
1406 1615 1476 1644 ποίει
1491 1617 1529 1654 τῷ
1553 1618 1653 1655 σκοπῷ.
1669 1616 1763 1645 Καίτοι
1783 1620 1797 1646 ὅ

1030 1662 1158 1700 μακάριος
1171 1663 1267 1694 ἐκεῖνος
1281 1661 1376 1694 ἀδίκως
1389 1661 1477 1689 πάντα
1489 1661 1591 1700 ἔπασχε
1600 1683 1610 1696 ,
1623 1662 1668 1690 καὶ
1682 1662 1795 1701 ὑπερηύ-

1029 1719 1091 1745 χετο
1103 1720 1109 1725 ·
1125 1710 1203 1745 ἡμεῖς
1218 1707 1245 1736 δὲ
1259 1707 1345 1736 πολλὰ
1366 1707 1411 1736 καὶ
1434 1706 1541 1739 δικαίως
1562 1707 1699 1746 πάσχομεν
1723 1708 1796 1747 παρὰ

1030 1755 1080 1781 τῶν
1094 1755 1203 1792 ἐχθρῶν.
1219 1754 1253 1782 Εἰ
1267 1753 1294 1781 δὲ
1308 1755 1321 1781 ὁ
1337 1752 1433 1786 ἀδίκως
1446 1752 1537 1781 παθὼν
1549 1753 1597 1781 οὐκ
1612 1753 1743 1790 ἐτόλμησε
1758 1754 1795 1792 μὴ

1030 1799 1231 1837 ὗπερεύξασθαι,
1251 1800 1274 1827 οἱ
1295 1798 1385 1827 δίκαια
1399 1798 1560 1837 πάσχοντες,
1584 1797 1629 1826 καὶ
1654 1798 1691 1835 μὴ
1718 1799 1797 1836 μόνον

1030 1845 1080 1883 οὐχ
1105 1844 1325 1883 ὑπερευχόμενοι,
1341 1844 1408 1872 ἀλλὰ
1433 1843 1479 1872 καὶ
1504 1843 1710 1882 κατευχόμενοι,
1725 1844 1796 1876 τίνος

1032 1891 1078 1919 οὐκ
1089 1889 1168 1927 ἐσμὲν
1183 1890 1249 1924 ἄξιοι
1260 1889 1406 1928 τιμωρίας;
1420 1890 1510 1922 Δοκεῖς
1525 1889 1572 1926 μὲν
1588 1889 1679 1928 ἐκείνῳ
1695 1889 1795 1918 διδόναι

1032 1937 1080 1971 τὴν
1091 1935 1206 1973 πληγὴν,
1217 1935 1247 1963 τὸ
1259 1934 1286 1962 δὲ
1300 1934 1393 1970 ἀληθὲς
1402 1934 1470 1962 κατὰ
1480 1937 1576 1963 σαυτοῦ
1585 1935 1614 1964 τὸ
1626 1934 1695 1973 ξίφος
1706 1936 1780 1968 ὠθεῖς
1788 1958 1795 1971 ,

1034 1983 1081 2011 οὐκ
1094 1981 1178 2020 ἀφιεὶς
1193 1980 1237 2009 τὸν
1253 1980 1380 2015 δικαστὴν
1393 1981 1418 2008 ἐν
1428 1983 1481 2012 τοῖς
1495 1983 1549 2012 σοῖς
1561 1980 1737 2018 ἁμαρτήμασι
1752 1992 1797 2018 γε·

1034 2027 1122 2056 νέσθαι
1136 2027 1245 2064 ἥμερον,
1257 2026 1290 2054 δι’
1304 2021 1339 2054 ὧν
1352 2025 1429 2054 αὐτὸν
1449 2025 1518 2054 κατὰ
1530 2026 1625 2065 ἑτέρων
1638 2025 1798 2065 παροξύνεις.

1034 2068 1072 2113 ῗῼ.
1095 2072 1147 2111 γὰρ
1172 2072 1260 2111 μέτρῳ
1290 2075 1424 2110 μετρεῖτε,
1446 2070 1700 2109 ἀντιμετρηθήσεται
1726 2073 1798 2109 ὑμῖν,

1036 2118 1115 2157 φησὶ,
1127 2118 1172 2146 καὶ
1186 2113 1208 2156 ᾧ
1221 2116 1331 2156 κρίματι
1349 2116 1464 2155 κρίνετε,
1479 2116 1642 2155 κριθήσεσθε.
1657 2116 1799 2155 Γενώμεθα

1036 2164 1120 2193 τοίνυν
1143 2162 1364 2201 συγγνωμονικοὶ,
1387 2161 1429 2190 ἵνα
1453 2162 1570 2190 τοιούτου
1599 2162 1722 2200 τύχωμεν
1754 2166 1799 2192 τοῦ

1037 2212 1114 2238 Θεοῦ.

1078 2438 1171 2465 Ταῦτα
1183 2437 1228 2464 οὐκ
1239 2435 1341 2465 ἀκούειν
1355 2437 1421 2473 ὑμᾶς
1433 2436 1507 2472 μόνον
1521 2435 1663 2473 βούλομαι,
1676 2435 1742 2464 ἀλλὰ
1755 2436 1798 2464 καὶ

1040 2483 1185 2521 φυλάττειν.
1209 2482 1263 2509 Νῦν
1282 2481 1308 2509 δὲ
1330 2481 1409 2519 μέχρι
1425 2481 1549 2520 ῥημάτων
1563 2483 1580 2515 ἦ
1596 2480 1688 2518 μνήμη
1702 2481 1778 2518 μόνον
1794 2494 1798 2498 ·

1038 2530 1108 2567 τάχα
1120 2527 1146 2556 δὲ
1161 2526 1217 2556 οὐδὲ
1229 2527 1307 2565 μέχρι
1321 2526 1432 2562 τούτων,
1448 2526 1516 2555 ἀλλὰ
1531 2526 1701 2555 διαλυθέντων
1713 2529 1798 2564 ἡμῶν,

1038 2575 1066 2602 ἂν
1085 2573 1203 2611 ἐᾱωτῆσῃ
1216 2585 1252 2606 τις
1270 2576 1319 2601 τῶν
1336 2573 1370 2609 μὴ
1387 2572 1610 2611 παραγεγηνότιον,
1626 2572 1650 2600 τί
1662 2573 1797 2611 διελέχθη-
