1893 2860
109 680 132 698 Ι·“.
142 680 178 699 «lt.
195 678 230 700 23.

263 150 334 193 1364
617 161 645 182 s.

263 222 342 250 simul
355 229 379 249 ct
395 221 473 249 noxia
488 227 560 254 sunt,
578 230 662 258 neque
673 221 724 249 hae
739 221 765 249 in
783 231 811 250 re
824 221 878 250 illis
890 228 920 250 ut
934 221 998 250 liliis

261 267 443 303 gratiliccmur
461 277 466 291 :
487 265 514 293 in
533 265 651 294 castitate
673 266 790 295 maxime
811 277 997 296 conservemus

262 313 322 340 illos
342 324 347 338 :
366 310 461 339 vitium
482 310 553 339 enim
569 311 722 350 oppositum
744 312 861 341 maxime
876 313 997 341 omnium

257 359 424 395 juventutem
447 356 542 395 perdit.
560 357 602 386 Ad
617 368 675 386 eam
695 368 750 386 rem
768 359 860 387 multis
873 369 940 397 opus
960 365 997 387 est

261 403 337 431 nohis
363 402 520 439 laboribus,
545 403 663 431 maxima
687 405 837 434 attentione.
862 404 922 433 Cito
944 404 997 433 illis

260 459 356 477 uxores
370 459 516 483 sumamus,
529 455 558 476 ut
571 459 638 487 pura
649 456 673 477 et
684 450 782 478 intacta
794 460 905 489 corpora
919 460 998 489 spon-

260 505 294 522 sa*
317 494 451 533 excipiant
473 505 479 521 :
503 493 531 521 hi
548 505 650 523 amores
664 494 826 524 ardentiores
849 502 919 524 sunt.
944 495 997 530 Qui

260 546 321 568 ante
333 539 440 578 nuptias
450 546 537 567 castus
548 539 610 577 suit,
625 540 709 569 multo
723 541 807 580 magis
818 547 878 580 post
891 541 997 580 nuptias

260 585 309 615 erit
323 597 329 612 ι
344 585 392 624 qui
407 595 468 613 rero
480 592 540 614 ante
554 586 661 624 nuptias
676 586 801 615 fornicari
815 586 920 622 didicit,
939 593 997 626 post

261 631 368 671 nuptias
390 631 470 660 ctiam
492 631 669 660 fornicabitur
689 643 695 660 :
717 642 781 661 nam
796 634 873 668 l'iro,
896 632 995 671 inquit,

257 678 435 716 fornicatori
449 679 542 705 omnis
559 679 646 716 panis
657 680 754 706 suavis
773 684 823 706 est.
839 677 902 707 Ideo
916 689 995 707 coro·-

259 734 299 753 nae
323 723 456 763 capitibus
477 723 662 762 imponuntur,
690 724 844 763 symbolum
866 725 994 759 victori-1⁸,

259 768 332 808 quod
353 776 429 797 antea
450 768 554 806 invit-ti,
579 769 616 797 sic
640 769 674 797 ad
696 769 844 798 thalamum
859 770 996 807 accedant,

259 814 321 854 quia
335 825 387 843 non
402 814 518 853 superati
532 821 620 843 sunta
633 814 753 843 libidine,
770 814 852 850 Quod
866 815 888 843 si
907 826 923 844 a
937 815 998 844 libi—

259 860 322 889 dine
337 867 439 899 captus,
455 860 640 889 meretricibus
658 870 712 888 sese
725 859 869 896 dediderit,
884 872 932 889 cur
954 872 997 890 co-

261 916 354 935 ronam
367 905 452 944 capite
466 912 560 943 gestat,
581 915 642 934 cum
657 913 797 944 superatus
816 907 920 935 fuerit?
935 907 998 936 Haec

262 952 315 980 illis
328 951 427 980 monita
441 957 466 979 et
480 958 612 990 praecepta
625 951 728 987 demus,
742 959 897 987 terreamus,
911 953 998 982 minas

259 997 428 1033 iutentemus,
445 996 523 1025 modo
541 997 580 1033 id,
597 997 676 1026 modo
691 997 766 1026 aliud
782 998 916 1029 facientes,
934 1000 996 1027 Ma-

259 1053 342 1081 gnum
356 1042 506 1082 depositum
524 1043 665 1079 babemus,
688 1043 757 1071 filios
780 1054 882 1083 nempe.
899 1044 997 1073 Curam

259 1099 321 1127 ergo
335 1099 427 1116 corum
439 1088 594 1124 habeamus,
608 1088 677 1119 nihil
687 1099 740 1117 non
752 1098 873 1128 agamus,
887 1099 918 1117 ne
930 1089 999 1118 illud

260 1134 336 1163 nobis
351 1134 485 1173 malignus
504 1134 550 1162 ille
564 1134 674 1162 auferat.
690 1135 768 1163 Nunc
782 1142 870 1163 autem
887 1146 903 1163 a
922 1135 998 1163 nobis

258 1180 390 1209 contraria
408 1179 496 1210 omnia
512 1186 681 1219 praestantur.
697 1181 735 1210 Ut
750 1190 813 1219 ager
833 1181 867 1209 sit
882 1181 999 1220 optimus

258 1226 347 1256 omnia
359 1225 484 1261 facimus,
497 1232 522 1255 et
534 1233 562 1254 ut
575 1225 650 1254 fideti
665 1226 723 1255 viro
738 1226 875 1256 tradamus
890 1240 896 1255 :
910 1227 1000 1256 asina·

258 1272 340 1309 rium,
356 1272 512 1307 mulionem,
527 1278 725 1311 procuratorem
744 1279 768 1301 et
780 1273 1001 1313 dispensatorem,

256 1317 302 1355 qui
324 1317 359 1346 sit
373 1317 473 1357 optime
487 1317 609 1352 affectus,
628 1319 772 1356 quaerimus
796 1331 801 1346 :
821 1318 895 1357 quod
910 1325 1000 1348 autem

255 1362 375 1391 omnium
398 1362 476 1391 nobis
491 1362 713 1401 pretiosissimum
734 1370 783 1401 est,
799 1371 828 1392 ut
841 1364 929 1393 filium
945 1364 1000 1392 ali-

255 1408 298 1436 cui
310 1408 517 1445 committamus,
530 1409 574 1446 qui
587 1409 670 1448 possit
687 1410 744 1448 ejus
756 1410 904 1439 castitatem
918 1411 998 1447 tueri,

256 1454 284 1483 id
305 1454 485 1493 negligimus,
508 1465 672 1493 quamquam
696 1455 718 1483 is
739 1456 865 1484 omnibus
892 1456 1002 1495 praediis

256 1500 333 1528 nobis
347 1499 432 1528 carior
445 1510 500 1528 esse
513 1499 592 1528 dehet
608 1512 614 1527 :
634 1507 728 1528 caetera
751 1501 821 1529 euim
833 1501 920 1529 omnia
934 1512 1001 1541 pro-

256 1552 314 1584 pter
329 1556 389 1574 eum
400 1545 687 1584 possidentur.Praedia
697 1546 751 1574 illis
759 1546 847 1575 danda
858 1557 995 1581 curamus,

256 1592 328 1631 ipsos
342 1598 430 1620 autem
457 1591 573 1619 minime.
600 1591 698 1621 Viden'
722 1592 760 1620 rei
781 1591 998 1621 absurditatem?

257 1637 350 1665 Primo
362 1637 411 1665 filii
422 1637 539 1665 animam
549 1637 649 1673 excole,
661 1644 685 1666 et
697 1637 754 1666 haec
768 1644 856 1676 postea
867 1637 978 1666 aderunt
992 1651 998 1666 z

259 1694 319 1713 nam
333 1683 355 1712 si
370 1683 444 1712 illius
460 1683 549 1712 anima
573 1684 644 1713 bona
658 1694 710 1713 non
723 1684 768 1718 sit,
785 1684 852 1712 nihil
872 1684 896 1714 ei
916 1695 998 1724 pecu—

259 1729 309 1757 nia:
330 1728 476 1768 proderunt
499 1740 505 1755 :
529 1729 570 1756 sin
584 1736 673 1757 autem
685 1729 769 1768 proba
779 1751 786 1764 ,
800 1729 869 1757 nihil
883 1740 916 1758 ex
931 1741 998 1769 pau-

259 1781 361 1813 pertate
382 1773 503 1802 laedetur.
518 1774 569 1803 Vis
587 1774 664 1802 illum
685 1774 836 1812 relinquere
862 1774 998 1804 divitem?

259 1822 324 1852 doce
339 1832 393 1850 csse
408 1821 523 1859 probum
542 1833 548 1848 :
569 1821 603 1849 ita
619 1821 689 1850 enim
704 1832 758 1850 rem
776 1822 935 1850 familiarem
952 1833 999 1850 au-

260 1877 320 1905 gere
336 1867 447 1906 poterit;
473 1873 499 1895 et
522 1866 544 1895 si
563 1877 615 1895 non
632 1874 738 1906 augeat,
754 1878 806 1896 non
829 1868 856 1896 in
871 1867 998 1896 deteriori

259 1913 411 1942 conditione
427 1913 487 1949 erit,
506 1923 588 1951 quam
609 1913 628 1941 ii
654 1913 699 1951 qui
716 1913 833 1953 plurima
849 1914 996 1953 possident.

260 1960 288 1988 si
304 1966 392 1988 autem
406 1959 546 1998 improbus
569 1959 660 1995 fuerit,
676 1959 779 1988 etiamsi
794 1960 932 1989 innumera
948 1960 998 1989 bo-

260 2015 292 2033 na
316 2004 368 2044 ipsi
385 2004 531 2042 relinquas,
557 2014 609 2033 non
627 2004 763 2033 custodem
787 2005 930 2044 reliquisti,
954 2005 999 2034 sed

261 2050 425 2079 miseriorem
440 2049 590 2086 reddidisti,
610 2050 642 2078 iis
657 2051 703 2088 qui
726 2051 753 2079 in
767 2058 912 2079 extremam
929 2063 997 2090 pau-

261 2103 388 2134 pertatem
403 2095 540 2125 devenerc.
563 2096 638 2124 Filiis
653 2096 723 2124 euim
743 2107 794 2125 non
809 2104 877 2126 recte
892 2097 999 2126 institu-

264 2144 310 2181 tis,
326 2143 419 2172 melior
436 2150 474 2172 est
494 2150 645 2182 paupertas,
660 2155 739 2182 quam
753 2144 866 2174 divitiae.
882 2145 998 2184 Pauper-

262 2197 300 2217 tas
314 2189 385 2217 enim
401 2189 461 2218 illos
475 2189 518 2217 vel
534 2189 632 2218 invitos
645 2189 671 2217 in
687 2190 787 2218 virtute
800 2190 913 2228 retinet,
928 2191 998 2219 divi-

260 2234 303 2262 tiae
318 2244 381 2263 vero
395 2245 427 2263 ne
443 2234 559 2264 volentes
573 2234 684 2272 quidem
705 2242 879 2274 temperantes
893 2246 949 2264 esse
963 2236 998 2264 si-

261 2286 336 2315 nunt,
355 2280 402 2308 sed
421 2279 576 2315 extrahunt,
596 2287 717 2308 excitunt
739 2287 763 2308 et
786 2281 812 2309 in
835 2281 908 2309 mille
929 2281 998 2309 mila

260 2326 413 2363 conjiciunt.
429 2327 541 2362 Matres,
562 2326 633 2354 filias
649 2333 749 2355 vestras
772 2333 841 2356 recte
856 2327 1016 2368 componi-5
1006 2350 1042 2369 559

675 162 813 184 JOANMS
839 162 1021 185 cttttYSOST.

1019 2145 1036 2167 F
1053 2145 1104 2173 νοῖς

1052 163 1068 184 Α
1076 163 1202 185 ttcttttst‘.
1231 164 1292 186 CON
1298 165 1482 189 §TANTtNOP
1489 180 1497 188 .

1052 222 1158 250 πάντων
1177 223 1255 252 πλέον
1269 224 1317 258 τὴν
1331 225 1442 261 νεότητα
1463 225 1626 264 λυμαίνεται.
1648 225 1716 263 Πρὸς
1739 226 1815 253 τοῦτο

1052 269 1156 296 πολλῶν
1169 271 1233 305 ἡμῖν
1246 269 1284 297 δεῖ
1298 271 1348 300 τῶν
1365 271 1471 309 ἀγώνων
1481 293 1489 306 ,
1501 272 1600 305 πολλῆς
1614 272 1660 305 τ’ἧς
1671 271 1815 310 προσοχῆς.

1052 314 1166 352 Ἰαχέως
1185 315 1271 346 αὐτοῖς
1285 319 1409 353 γυναῖκας
1424 317 1544 355 ἄγωμεν,
1565 316 1632 346 ὥστε
1647 315 1749 354 καθαρὰ
1763 317 1814 343 αῦ-

1052 361 1103 387 τῶν
1118 359 1162 388 καὶ
1183 359 1304 399 ἀνέπαφα
1317 360 1350 389 τὰ
1364 361 1476 399 σώματα
1496 362 1616 401 δέχεσθαι
1629 361 1678 396 τὴν
1691 361 1813 399 νύμφην·

1052 400 1123 433 οὗτοι
1142 407 1165 434 οἳ
1186 405 1280 444 ἔρωτες
1305 407 1465 446 θερμότεροι.
1483 406 1518 436 ‘0
1531 420 1582 446 προ
1596 419 1640 436 του
1655 407 1740 446 γάμου
1762 418 1814 436 σω-

1052 453 1166 490 φρονῶν,
1179 452 1269 490 πολλῳ
1288 453 1386 490 μᾶλλον
1401 452 1468 490 μετὰ
1481 452 1524 481 τὸν
1536 453 1638 490 γάμον·
1654 455 1668 481 ὁ
1680 453 1706 482 δὲ
1723 451 1812 490 μαθὼν

1052 496 1185 535 πορνεύειν
1198 497 1249 535 πρὸ
1263 500 1307 525 τοῦ
1321 497 1407 535 γάμου
1416 520 1424 533 ,
1438 497 1484 526 καὶ
1504 497 1572 535 μετὰ
1587 497 1629 526 τὀν
1642 498 1726 536 γάμον
1738 500 1814 526 τοῦτο

1052 542 1165 577 ποιήσει.
1187 542 1272 582 Ἀνδρὶ
1290 542 1353 581 γὰρ,
1378 543 1456 581 φησὶ,
1477 542 1564 582 πόρνῳ
1578 547 1629 575 πᾶς
1647 543 1723 582 ἄρτος
1742 543 1814 579 ἡδύς.

1051 588 1102 616 Διὰ
1115 591 1192 617 τοῦτο
1207 588 1331 627 στέφανοι
1341 592 1399 621 ταῖς
1419 589 1543 626 κεφαλαῖς
1559 588 1730 624 ἐπιτίθενται,
1745 588 1813 626 σύμ-

1051 634 1126 662 6ολον
1138 636 1185 668 τῆς
1199 633 1286 668 νίκης,
1298 633 1338 661 ὅτι
1353 633 1480 669 ἀήττητοι
1491 633 1641 672 γενόμενοι,
1655 633 1722 662 οὕτω
1732 645 1813 673 προσ-

1050 678 1173 718 έρχονται
1190 680 1222 716 τῇ
1247 680 1323 717 εὐνῇ,
1337 679 1377 708 ὅτι
1395 679 1431 718 μὴ
1453 679 1687 718 κατηγωνίσθησαν
1703 679 1753 708 {ntia
1767 681 1815 714 τῆς

1050 725 1152 758 ἡδονῆς.
1167 725 1199 753 Εἰ
1214 723 1241 752 δὲ
1262 724 1339 757 ἁλοὺς
1358 724 1407 753 ὑπὸ
1426 726 1473 759 τῆς
1492 725 1587 759 ἡδονῆς
1601 723 1709 763 πόρναις
1724 724 1814 752 ἑαυτὸν

1050 770 1117 807 ἐκδῷ
1126 792 1134 805 ,
1148 769 1217 803 τίνος
1231 770 1315 799 ἕνεκεν
1331 770 1421 799 λοιπὸν
1432 771 1477 798 καὶ
1490 770 1615 809 στέφανον
1635 769 1690 809 ἔχει
1712 769 1756 799 ἐπὶ
1768 771 1815 805 τῆς

1050 817 1174 854 κεφαλῆς,
1186 815 1333 854 ἡττημένος
1341 828 1348 852 ;
1357 817 1452 845 Ταῦτα
1462 817 1549 849 αὐτοῖς
1558 818 1729 857 παραινῶμεν
1737 837 1745 850 ,
1755 815 1815 844 τού·

1025 868 1034 890 2
1050 873 1102 893 τοις
1112 863 1284 900 νουθετῶμεν,
1296 862 1430 900 φοὲῗῶμεν,
1445 863 1605 899 ἀπειλῶμεν,
1617 864 1660 890 νῦν
1673 861 1719 900 μὲν
1731 864 1815 895 τοῦτο,

1050 910 1092 935 νῦν
1115 905 1142 935 δὲ
1166 907 1248 934 ἐκεῖνο
1270 910 1411 938 ποιοῦντες.
1436 907 1563 945 Μεγάλην
1589 906 1816 946 παρακαταθήκην

1051 952 1146 991 ἔχομεν
1165 951 1199 980 τὰ
1220 952 1324 980 παιδία.
1337 951 1524 990 Φροντίζωμεν
1543 951 1631 980 τοίνυν
1653 952 1752 988 αὐτῶν,
1770 951 1816 980 καὶ

1050 997 1137 1026 πάντα
1148 999 1265 1035 ποιῶμεν
1273 1018 1280 1031 ,
1293 997 1329 1034 μὴ
1339 999 1352 1026 ὁ
1364 997 1476 1036 πονηρὸς
1487 999 1558 1035 ἡμᾶς
1574 996 1664 1028 αὐτοὺς
1679 996 1816 1036 ἀφέληται.

1052 1045 1106 1072 Νῦν
1121 1044 1147 1072 δὲ
1165 1043 1253 1072 πάντα
1269 1042 1425 1075 ἀπεναντίας
1436 1042 1536 1081 γίνεται
1550 1043 1612 1082 παρ’
1624 1043 1710 1081 ἡμῶν.
1722 1041 1816 1074 Ὅπως

1053 1088 1099 1126 μὲν
1118 1088 1169 1127 γὰρ
1190 1088 1265 1117 ἔσται
1279 1088 1308 1116 τὸ
1327 1087 1423 1127 χωρίον
1440 1089 1535 1124 καλὸν,
1547 1089 1634 1117 πάντα
1653 1088 1817 1127 πράττομεν,

1051 1134 1095 1162 καὶ
1108 1133 1179 1166 ὅπως
1198 1134 1272 1173 ἀνδρὶ
1287 1135 1374 1172 πιστῷ
1389 1136 1464 1162 τοῦτο
1483 1134 1686 1173 ἐγχειρίσωμεν,
1701 1133 1746 1161 καὶ
1757 1134 1818 1167 ὀνη-

1052 1179 1134 1215 λάτην
1144 1202 1152 1216 ,
1167 1179 1212 1208 καὶ
1222 1179 1379 1219 ὀρεοκόμον,
1394 1180 1438 1208 καὶ
1454 1179 1608 1220 ἐπίτροπον,
1622 1179 1667 1208 καὶ
1680 1178 1818 1218 λογοθέτην

1052 1225 1221 1254 εὐνούστατον
1236 1226 1409 1263 ἐπιζητοῦμεν
1424 1236 1430 1242 ·
1445 1224 1458 1253 ὃ
1471 1225 1498 1253 δὲ
1508 1225 1613 1254 πάντων
1633 1226 1697 1263 ἡμῖν
1712 1225 1769 1252 ἔστι
1780 1235 1819 1252 τι-

1053 1270 1179 1311 μιώτερον
1189 1293 1197 1307 ,
1211 1270 1282 1304 ὅπως
1296 1270 1339 1299 τὸν
1353 1270 1406 1299 υἱὸν
1423 1270 1606 1310 ἐπιτρέψωμεν
1623 1281 1674 1298 τινι
1688 1271 1725 1309 τῷ
1740 1270 1819 1298 δυνα-

1054 1317 1125 1356 μένῳ
1139 1319 1216 1345 αὐτοῦ
1231 1317 1278 1351 τὴν
1294 1316 1463 1356 σωφροσύνην
1479 1317 1652 1355 διατηρῆσαι,
1667 1317 1696 1344 οὐ
1711 1317 1819 1344 σκοποῦ-

1055 1375 1101 1400 μεν
1111 1374 1117 1380 ·
1130 1363 1216 1391 καίτοι
1230 1365 1306 1392 τοῦτο
1317 1363 1423 1391 πάντων
1439 1363 1494 1391 ἐστὶ
1506 1363 1535 1391 τὸ
1547 1365 1638 1400 κτῆμα
1652 1360 1820 1400 τιμιώτερον,

1054 1409 1098 1436 καὶ
1113 1410 1198 1437 ἐκεῖνα
1211 1408 1255 1436 διὰ
1268 1410 1344 1436 τοῦτο
1355 1408 1465 1447 γίνεται.
1480 1409 1542 1436 Τῶν
1558 1407 1604 1445 μὲν
1617 1403 1659 1436 οὖν
1676 1407 1819 1444 κτημάτων

1055 1455 1140 1485 αὐτοῖς
1152 1453 1331 1492 φροντίζομεν,
1345 1454 1431 1481 αὐτῶν
1445 1452 1471 1480 δὲ
1486 1452 1584 1482 οὐκέτι.
1601 1452 1683 1492 (Ορᾷς
1696 1452 1742 1487 τὴν
1759 1453 1819 1481 ἄλο-

1055 1499 1127 1537 γίαν,
1138 1498 1267 1535 Ἄσκησον
1280 1501 1326 1526 τοῦ
1340 1497 1433 1530 παιδὸς
1446 1498 1493 1533 τὴν
1505 1498 1603 1537 ψυχὴν,
1613 1500 1723 1527 κάκεῖνα
1735 1497 1819 1538 παρέ-

1054 1556 1114 1573 σται
1126 1545 1217 1573 λοιπόν
1230 1557 1235 1562 ·
1248 1544 1344 1580 ταύτης
1357 1543 1404 1582 μὲν
1417 1543 1468 1583 γὰρ
1480 1545 1526 1573 οὐκ
1541 1544 1619 1578 οὔσης
1630 1545 1738 1583 ἀγαθῆς,
1747 1543 1818 1573 οὐδὲν

1052 1591 1143 1629 ὄφελος
1159 1591 1229 1629 αὐτῷ
1250 1593 1301 1619 τῶν
1321 1590 1465 1630 χρημάτων
1480 1602 1486 1607 ·
1507 1589 1603 1625 ταύτης
1625 1589 1652 1618 δὲ
1673 1593 1817 1629 κατωρθω-

1054 1637 1144 1674 μένης,
1163 1636 1234 1665 οὐδὲν
1262 1636 1357 1674 βλάόος
1374 1636 1426 1665 ἀπὸ
1441 1638 1488 1670 τ’ἥς
1507 1635 1606 1668 πενίας.
1625 1635 1719 1665 Βούλει
1737 1647 1819 1665 κατα-

1052 1684 1137 1711 λιπεῖν
1152 1683 1227 1711 αὗτον
1241 1682 1380 1717 πλούσιονς
1395 1682 1495 1715 δίδαξον
1511 1682 1586 1710 αὐτὸν
1607 1678 1673 1711 εἶναι
1686 1683 1818 1722 χρηστόν·

1053 1728 1119 1757 οὕτω
1140 1728 1192 1768 γὰρ
1208 1728 1252 1757 καὶ
1273 1728 1306 1756 τὰ
1324 1728 1448 1766 κτήματα
1470 1731 1648 1767 συγκροτῆσαι
1665 1729 1818 1765 δυνήσεται,

1026 1777 1034 1791 ⁴*
1053 1775 1096 1803 καὶ
1112 1774 1155 1803 ἐὰν
1170 1774 1206 1813 μὴ
1223 1774 1363 1810 κτήσηται,
1377 1776 1427 1803 τῶν
1443 1773 1610 1811 κεκτημένων
1625 1774 1696 1802 οὐδὲν
1709 1774 1817 1803 ἔλαττον

1053 1820 1221 1849 διακείσεται.
1233 1820 1278 1848 Ἂν
1295 1819 1321 1848 δὲ
1335 1819 1447 1858 πονηρὸς
1460 1815 1493 1858 ᾖ,
1510 1819 1558 1848 κᾶν
1576 1819 1657 1858 μυρία
1669 1820 1817 1860 καταλίπῃς

1054 1867 1141 1904 αὐτῷ,
1154 1865 1197 1893 τὸν
1211 1865 1315 1903 φύλακα
1328 1867 1356 1893 οὗ
1370 1865 1509 1897 κατέλιπες
1519 1887 1527 1902 ‚
1545 1865 1612 1894 ἀλλὰ
1626 1867 1677 1894 τῶν
1691 1866 1726 1897 εἷς
1737 1865 1816 1904 ἔσχα-

1054 1924 1097 1941 τον
1118 1911 1210 1943 πενίας
1224 1910 1391 1945 ἐληλακότων
1405 1910 1512 1950 χείρονα
1534 1911 1668 1945 ἐποίησας.
1683 1912 1746 1943 Τοῖς
1765 1911 1817 1951 γὰρ

1055 1957 1091 1995 μὴ
1108 1959 1269 1996 ῥυθμισῠεῖσι
1281 1958 1332 1984 τῶν
1352 1955 1453 1984 παίδων
1467 1958 1566 1991 καλῶς,
1585 1956 1686 1993 βέλτιον
1705 1956 1817 1985 πλούτου

1053 2003 1139 2032 πενία.
1150 2002 1256 2038 Ἐκείνη
1271 2002 1317 2040 μὲν
1329 2002 1379 2042 γὰρ
1390 2002 1434 2030 καὶ
1447 2002 1556 2035 ἄκοντας
1567 2001 1674 2041 κατέχει
1685 2003 1711 2031 ἓν
1724 2003 1817 2041 ἀρετ-ξ’

1054 2045 1125 2081 οἶτος
1146 2048 1173 2077 δὲ
1198 2048 1255 2076 οὐδὲ
1277 2047 1448 2086 βουλομένους
1470 2047 1562 2087 ἀφίησι
1585 2052 1740 2087 σωφρονεῖν,
1757 2049 1816 2077 ἀλλ’

1054 2095 1139 2133 ἐξάγει
1157 2094 1201 2122 καὶ
1223 2093 1414 2133 καταστρέφει,
1437 2092 1482 2121 καὶ
1501 2092 1600 2133 μυρίοις
1615 2093 1741 2130 ἐμῧάλλει
1762 2094 1817 2122 δει-

1108 2141 1160 2169 ,At
1172 2139 1281 2178 μητέρες
1293 2139 1338 2171 τὰς
1349 2138 1510 2177 θυγατέρας
1506 2139 1621 2167 μάλιστα
1634 2138 1817 2177 διανείμασθε·

1053 2186 1156 2218 εὔκολος
1179 2187 1239 2223 ὑμῖν
1261 2188 1277 2220 ἠ
1300 2184 1402 2223 φυλακὴ
1428 2184 1513 2218 αὕτη
1537 2188 1734 2223 περισκοπεῖτε,
1748 2183 1817 2214 ὥστε

1053 2230 1184 2270 οἰκουροὺς
1202 2234 1282 2258 εἶναι’
1296 2242 1347 2270 προ
1360 2230 1386 2258 δὲ
1401 2230 1506 2258 πάντων
1522 2230 1564 2258 ευλ
1568 2229 1639 2262 αῧεῖς
1657 2229 1735 2262 αὐτὰς
1749 2233 1816 2258 εἰναι

1052 2288 1128 2305 παιοε
1131 2288 1197 2311 υετε,
1209 2276 1333 2314 κοσμίοις,
1346 2275 1490 2314 χρημάτιιω
1504 2279 1684 2314 καταφρονεῖν,
1696 2276 1816 2304 ἆκαλλω

1052 2323 1158 2354 πίστους
1182 2322 1277 2359 μένειν.
1297 2321 1377 2350 Οὕτω
1400 2321 1464 2360 πρὸς
1485 2333 1527 2349 τον
1549 2321 1633 2359 γάμον
1657 2320 1754 2350 ἔκδοτε.
1768 2319 1815 2350 Ἂν

260 2377 302 2405 tc;
318 2371 403 2400 facilis
418 2371 495 2400 vohis
514 2378 552 2400 cst
565 2371 722 2422 hujusmodi
736 2383 817 2409 cura,
833 2372 953 2411 vigilate
970 2381 997 2402 ut
1017 2379 1032 2399 Λ
1051 2369 1131 2402 οὕτως
1150 2368 1230 2400 αὐτὰς
1250 2367 1470 2405 διαπὶᾶττωμεν,
1484 2369 1529 2396 οὐκ
1546 2367 1624 2399 αὐτὰς
1642 2367 1734 2404 μόνον,
1748 2366 1815 2396 ἀλλὰ

259 2393 332 2444 tloini
345 2424 484 2445 maneant:
502 2424 563 2445 ante
576 2417 664 2446 omnia
678 2424 765 2447 autem
780 2418 813 2447 ad
828 2418 951 2457 pietatem
965 2419 997 2447 il-

260 2461 297 2487 las
313 2460 451 2498 instituite,
466 2469 490 2490 ct
505 2469 532 2490 ut
547 2463 663 2491 honestae
676 2463 727 2492 sint
740 2474 769 2492 ac
786 2465 911 2503 pecunias
927 2475 996 2503 sper-

258 2512 330 2540 nant,
342 2516 373 2534 ne
386 2507 486 2534 cultum
499 2515 523 2535 ct
534 2515 657 2536 ornatum
677 2510 755 2537 nimis
769 2517 868 2538 curent.
883 2511 926 2539 Sic
938 2511 996 2539 illas

259 2550 359 2589 nuptiis
383 2551 488 2580 tradite.
511 2552 538 2579 Si
555 2553 613 2581 illas
631 2554 667 2585 sic
683 2555 835 2593 efformctis,
857 2566 908 2585 non
924 2555 994 2595 ipsas

1051 2428 1095 2443 και
1112 2415 1152 2443 τὸν
1173 2414 1254 2452 ἄνδρα
1277 2413 1417 2442 οιασώσετε
1438 2413 1481 2442 τὸν
1506 2413 1635 2450 μελλοντα
1653 2412 1763 2448 αὐτ-ἦν’
1749 2425 1813 2451 αγα-

1050 2460 1139 2498 γέσθαι
1151 2472 1157 2477 ·
1176 2461 1203 2488 οὐ
1219 2460 1260 2487 τὸν
1284 2459 1381 2497 ἄνδρα,
1399 2458 1467 2487 ἀλλὰ
1486 2459 1529 2487 καὶ
1550 2458 1583 2486 τὰ
1605 2458 1698 2487 παιδία
1710 2469 1716 2475 ·
1731 2460 1760 2487 οὗ
1780 2459 1813 2487 τὰ

1050 2506 1140 2534 παιδία
1150 2528 1157 2541 ,
1170 2505 1237 2534 ἀλλὰ
1251 2505 1293 2533 καὶ
1308 2505 1340 2532 τὰ
1362 2505 1463 2542 ἔγγονα.
1478 2505 1534 2538 Τῆς
1549 2504 1598 2542 γὰρ
1618 2503 1687 2542 ῥίζης
1700 2504 1812 2542 γενομέ-

1049 2568 1093 2591 νης
1115 2556 1213 2594 καλῆς,
1234 2557 1256 2583 οἱ
1271 2554 1361 2583 κλάδοι
1376 2555 1418 2582 ἐπὶ
1436 2554 1464 2582 τὸ
1487 2553 1587 2591 βέλτιον
1607 2553 1809 2589 ἐκταθήσονται,
