1846 2860
481 145 512 167 ΙΝ
541 145 649 168 ErtST.

80 207 243 246 θαυμάσεται
266 206 315 241 τὴν
339 206 449 244 δύναμιν
472 208 517 234 τοῦ
539 206 715 245 κηρύγματος.
737 207 777 235 Οὐ
797 205 847 244 γὰρ

79 254 132 282 ἀπὸ
154 253 284 291 δόγματος
306 251 442 291 δόγματα,
465 253 523 281 ἀλλ’
540 253 593 281 ἀπὸ
615 251 779 292 πραγμάτιον
803 251 848 280 καὶ

80 299 135 337 βίου
150 298 184 327 τὰ
206 298 326 336 δόγματα
347 298 478 337 κρίνουσιν
493 298 633 332 Ἵὲλληνες.
648 298 788 327 Ἰζστωσαν
804 293 847 326 οὖν

79 347 166 378 αὐτοῖς
184 345 230 373 καὶ
250 349 371 383 γυναῖκες
392 345 437 373 καὶ
463 345 549 374 δοῦλοι
568 344 721 373 διδάσκαλοι
743 343 785 372 διὰ
801 345 848 377 τῆς

78 391 175 423 οἷκείας
198 391 372 429 ἀναστροφῆς.
391 390 444 419 Καὶ
468 390 519 429 γὰρ
542 390 587 418 καὶ
608 391 672 427 παρ’
689 391 789 424 αὐτοῖς,
803 388 848 416 καὶ

78 439 214 475 πανταχοῦ
234 439 311 465 τοῦτο
334 436 543 474 διωμολόγηται,
561 435 601 463 ὅτι
622 435 652 463 τὸ
671 436 724 462 τῶν
749 434 848 462 δούλων

78 482 151 521 γένος
174 483 267 520 ἰταμόν
282 483 338 515 πώς
359 484 428 518 ἐστι,
452 480 679 515 δυσδιατύπωτον,
700 479 848 517 δυστράπε-

78 529 136 565 λον,
152 529 180 558 οὐ
195 528 295 568 σφόδρα
317 528 464 563 ἐπιτήδειον
481 526 545 565 πρὸς
568 525 616 560 τὴν
631 527 677 560 τῆς
700 526 796 562 ἀρετῆς
811 525 849 552 δι-

79 574 238 611 δασκαλίαν,
253 576 281 603 οὐ
297 574 340 603 διὰ
360 574 406 610 τὴν
422 573 513 613 φύσιν,
537 571 573 610 μὴ
587 571 700 610 γένοιτο,
717 569 785 599 ἀλλὰ
806 570 848 598 διὰ

78 620 126 656 τὴν
141 620 309 660 Ωοὶνοιτροφὴν
330 620 374 648 καὶ
391 620 437 655 τὴν
452 618 576 656 ἀμέλειαν
588 617 635 653 τὴν
648 616 721 656 παρὰ
733 618 784 644 τῶν
807 616 849 644 δε-

79 668 192 695 σποτῶν.
212 666 323 701 Ἐπειδὴ
339 666 389 704 γὰρ
404 666 541 704 πανταχοῦ
557 662 658 696 οὐδενὸς
668 662 766 703 ἑτέρου,
781 661 848 690 ἀλλὰ

77 714 125 747 τῆς
140 713 224 741 αὐτῶν
246 711 378 743 διακονίας
391 712 414 740 οἱ
429 714 583 749 κρατοῦντες
597 711 681 738 αὐτῶν
696 707 848 747 φροντίζου-

78 770 136 787 σιν·
152 760 174 786 εἰ
197 758 225 786 δέ
247 768 296 785 που
320 756 364 784 καὶ
382 758 434 784 τῶν
458 755 560 794 τρόπων
586 755 782 792 ἐπιμεληθεῖεν,
803 753 847 781 καὶ

76 805 152 832 τοῦτο
173 803 253 831 πάλιν
273 801 316 830 διὰ
338 802 386 836 τὴν
403 803 487 830 αὐτῶν
509 801 658 829 ἀνάπαυσιν
673 800 846 839 πράττουσιν,

75 848 144 877 ὥστε
159 848 195 886 μὴ
208 848 355 887 πράγματα
377 849 464 880 αὐτοῖς
479 847 604 886 παρέχειν
626 847 642 881 ἢ
660 846 847 885 πορνεύοντας,

75 893 92 927 ἢ
117 893 324 930 κλέπτοντας,ἢ
348 894 509 932 μεθύοντας·
536 892 642 925 εἰκότως
666 891 845 930 ἠμελημένοι,

75 939 120 968 καὶ
150 939 241 969 οὐδένα
265 942 317 968 τῶν
346 938 638 978 πολυπραγμονούντων
664 938 784 977 ἔχοντες,
810 939 847 970 εἰς

76 985 142 1015 αὐτὰ
163 988 211 1021 τῆς
232 986 326 1018 κακίας
347 986 379 1015 τὰ
405 986 524 1024 βάραθρα
547 985 791 1017 καταποντίζονται.
812 984 845 1012 Εἴ

76 1032 136 1070 γὰρ,
151 1031 211 1060 ἔνθα
225 1031 314 1070 πατὴρ
330 1031 457 1071 ἐφέστηκε
472 1031 517 1060 καὶ
533 1031 621 1069 μήτηρ
641 1030 686 1059 καὶ
707 1030 845 1068 παιδαγω-

75 1079 120 1116 γὸς
135 1078 180 1107 καὶ
194 1078 303 1117 τροφεὺς
323 1078 368 1106 καὶ
383 1077 538 1110 διδάσκαλος
553 1077 597 1106 καὶ
618 1078 778 1111 ἡλικιῶται,
801 1075 846 1104 καὶ

77 1123 142 1159 αὐτὴ
161 1126 177 1158 ἢ
195 1127 242 1159 τῆς
263 1123 409 1162 ἐλευθερίας
424 1123 485 1156 δόξα
501 1123 688 1162 περικειμένη,
703 1121 846 1151 καὶπολλὰ

76 1169 166 1209 ἕτερα,
182 1169 256 1207 μόλις
276 1170 306 1198 ἄν
321 1181 360 1202 τις
380 1169 498 1208 διαφύγοι
513 1169 560 1201 τὰς
581 1171 632 1197 τῶν
649 1169 770 1207 πονηρῶν
785 1179 845 1196 συν-

77 1216 167 1248 ουσίας
179 1228 185 1233 ·
207 1215 232 1244 τί
251 1216 299 1244 οἴει
314 1215 372 1248 τοὺς
386 1215 492 1243 πάντων
513 1215 610 1243 τούτων
626 1214 738 1254 ἐρήμους
759 1213 844 1248 ὄντας,

76 1262 121 1290 καὶ
135 1267 238 1301 μιαροῖς
254 1261 491 1299 ἀναμιγνυμένους,
505 1261 550 1290 καὶ
570 1261 637 1299 μετὰ
652 1260 740 1293 ἀδείας
754 1255 792 1292 οἷς
814 1260 844 1288 ἂν

74 1307 182 1336 ἐθέλωσι
198 1307 412 1346 συγγινομένους,
425 1307 525 1339 οὐδενὸς
542 1307 613 1339 ὄντος
626 1308 670 1335 τοῦ
690 1306 736 1338 τὰς
757 1305 844 1345 φιλίας

74 1354 159 1381 αὐτῶν
183 1354 479 1391 πολυπραγμονοῦντος,
501 1352 526 1380 τί
555 1352 603 1380 οἴει
629 1352 688 1384 τοὺς
715 1351 845 1384 τοιούτους

73 1399 192 1435 ἔσεσθαι;
206 1399 258 1428 Διὰ
270 1401 347 1427 τοῦτο
359 1399 482 1428 δύσκολον
497 1398 586 1426 δοῦλον
601 1398 721 1436 γενέσθαι
738 1397 842 1436 ἀγαθόν.

72 1444 173 1477 Ἄλλως
194 1445 221 1473 δὲ
240 1444 297 1474 οὐδὲ
319 1443 489 1476 διδασκαλίας
511 1443 702 1478 ἀπολαύουσιν,
718 1443 778 1472 οὔτε
791 1445 843 1471 τῶν

72 1490 164 1525 ἔξωθεν
187 1491 245 1520 οὔτε
265 1492 317 1519 τῶν
336 1491 400 1530 παρ’
422 1493 485 1528 ἡμῖν
503 1501 508 1507 ·
533 1491 562 1518 οὐ
588 1489 843 1528 συναναστρέφονται

72 1536 196 1576 ἀνδράσιν
223 1536 378 1576 ἐλευθέροις,
399 1535 534 1574 κοσμίοις,
560 1535 660 1570 πολλὴν
686 1537 733 1570 τῆς
757 1536 842 1563 αὐτῶν

72 1582 146 1618 δόξης
158 1583 323 1621 ποιουμένοις
338 1582 473 1622 φροντίδα.
491 1582 542 1610 Διὰ
553 1584 637 1610 ταῦτα
650 1581 737 1610 πάντα
750 1580 843 1610 δύσκο-

71 1630 117 1657 λον
131 1628 176 1657 καὶ
191 1628 354 1666 θαυμαστὸν,
370 1628 502 1667 χρήσιμον
519 1627 621 1662 οἰκέτην
636 1627 756 1666 γενέσθαι
767 1626 840 1656 ποτέ.

71 1675 159 1704 ”Οταν
173 1671 216 1704 οὖν
236 1675 342 1711 ἴδωσιν,
357 1674 397 1703 ὅτι
411 1674 441 1702 τὸ
457 1674 529 1713 γένος
549 1674 580 1703 τὸ
602 1673 684 1707 οὕτως
701 1673 811 1707 αὔθαδες
825 1676 841 1708 ἦ

72 1723 117 1749 τοῦ
140 1720 308 1759 κηρύγματος
328 1720 434 1759 δύναμις
451 1720 559 1759 χαλινὸν
578 1723 714 1759 περιθεῖσα
736 1719 843 1748 πάντων

73 1767 213 1807 εἰργάσατο
234 1766 411 1806 κοσμιώτερον
426 1767 471 1796 καὶ
492 1766 700 1805 ἐπιεικέστερον,
718 1766 766 1794 κᾶν
782 1765 844 1805 σφό-

74 1814 123 1851 δρα
137 1812 242 1842 πάντων
256 1807 320 1841 ὦσιν
336 1812 494 1852 ἁλογιί)τεροι
509 1814 532 1841 οἱ
555 1812 697 1847 δεσπόται,
717 1812 844 1850 λήψονται

74 1859 174 1888 ἔννοιαν
189 1859 306 1897 μεγάλην
322 1859 445 1899 περὶτῶν
469 1859 606 1897 δογμάτων
622 1860 674 1887 τῶν
688 1859 751 1897 παρ’
771 1860 845 1895 ἡμῖν.

76 1907 162 1939 Δῆλον
177 1905 227 1944 γὰρ
243 1905 282 1933 ὅτι
297 1905 342 1933 καὶ
364 1905 407 1933 τὸν
430 1905 491 1943 περὶ
513 1906 560 1939 τῆς
574 1904 743 1936 ἀναστάσεως
766 1904 845 1942 φόῧον

77 1950 122 1979 καὶ
140 1950 184 1978 τὸν
205 1953 252 1985 τῆς
275 1950 385 1989 κρίσεως
408 1949 452 1978 καὶ
473 1950 516 1978 τὸν
539 1952 590 1978 τῶν
613 1949 700 1978 ἄλλων
722 1949 845 1978 ἁπάντων

78 1995 145 2033 μετὰ
163 1996 206 2024 τὸν
229 1995 339 2024 θάνατον
354 1995 581 2034 φιλοσοφουμένων
593 1996 656 2034 παρ’
670 1997 734 2032 ἡμῖν
748 1995 845 2034 πρότε-

79 2053 120 2081 ρον
143 2042 328 2080 ἐγκαταθέντες
350 2042 434 2070 αὐτῶν
456 2043 488 2079 τῇ
513 2042 601 2080 ψυχῇ,
630 2040 711 2073 οὕτως
733 2040 844 2080 ἴσχυσαν

76 2088 289 2127 ἀποκρούσασθαι
303 2087 350 2123 τὴν
367 2087 476 2123 κακίαν,
500 2087 655 2126 ἀντίρροπον
682 2099 740 2115 τινα
765 2088 844 2126 φόὲῗον

75 2137 121 2169 ’.ἧς
136 2134 188 2163 ἀπὸ
202 2136 254 2162 τῶν
268 2135 356 2162 κακῶν
369 2134 463 2168 ἡδονῆς
478 2134 513 2166 εἷς
524 2132 572 2167 τὴν
583 2134 683 2161 ἑαυτῶν
697 2133 845 2172 ἐνιδρύσαν-

75 2193 116 2213 τες
129 2180 323 2220 ψυχήν.”Ωστε
345 2182 391 2209 οὐκ
414 2181 470 2217 εἰκῇ
494 2180 551 2209 οὐδὲ
574 2180 665 2212 ἁπλῶς
680 2179 760 2209 πολὺν
778 2179 843 2218 ὑπὲρ

75 2226 173 2256 τιύτων
194 2229 330 2265 πανταχοῦ
351 2230 465 2254 ποιεῖται
487 2226 530 2255 τὸν
554 2225 630 2264 λόγον
643 2238 649 2243 ·
665 2225 718 2265 ὅσῳ
740 2225 790 2266 γὰρ
813 2225 842 2254 ἂν

75 2267 125 2301 slim
145 2272 236 2307 κακοὶ,
251 2272 365 2310 τοσούτῳ
382 2271 498 2310 μάλιστα
512 2271 673 2309 θαυμάζεται
695 2275 740 2301 τοῦ
762 2271 843 2310 κηρύ-

76 2330 175 2356 γματος
191 2320 206 2352 ἠ
223 2317 305 2356 ἰσχύς.
326 2318 379 2346 Καὶ
395 2317 445 2357 γὰρ
466 2317 554 2356 ἰατρὸν
575 2317 635 2346 τότε
659 2317 842 2355 θαυμάζομεν,

77 2367 138 2393 ὅταν
160 2364 203 2392 τὸν
218 2363 421 2402 ἀπεγνωσμένον
442 2364 487 2392 καὶ
503 2364 625 2401 οὐδεμιᾶς
641 2363 762 2401 βοηθείας
776 2365 843 2392 ἀπο-

75 2411 189 2439 λαύοντα
204 2409 262 2439 οὐδὲ
277 2411 408 2448 κρατῆσαι
422 2412 473 2438 τῶν
494 2410 610 2448 ἀκαίρων
627 2411 771 2447 ἐπιθυμιῶν
796 2410 841 2438 δυ-

78 2457 202 2494 νάμενον,
226 2457 282 2485 ἀλλ’
297 2458 322 2485 ἐν
344 2456 450 2488 ταύταις
471 2456 713 2495 ἐγκαλινδούμενον,
729 2456 844 2494 ε’ναγάγῃ

115 2551 123 2560 .
142 2541 232 2575 [Colb.
246 2542 407 2577 άνχςτμμκ]

680 145 724 167 ΑΒ
751 144 824 167 TtTu
832 145 853 166 M
862 158 868 166 .

897 144 976 167 ωε».
1006 143 1041 167 n.
1072 143 1191 166 noun„
1221 143 1269 165 tv.
1546 130 1638 178 ,3¹7

899 205 1069 241 servientem,
1085 205 1140 234 vim
1153 202 1351 244 praedieationis
1366 201 1474 230 omnino
1489 201 1640 231 mirabitur.

901 251 959 279 Non
970 251 1040 279 enim
1051 262 1066 279 a
1076 250 1167 279 verbis
1180 249 1318 287 dogmata,
1334 258 1429 276 verum
1443 258 1476 276 ex
1488 247 1552 286 ipsis
1563 247 1642 276 rebus

900 303 924 325 et
938 307 973 325 ex
984 297 1040 326 vita
1054 296 1180 335 dogmata
1195 295 1325 324 aestimare
1340 294 1425 323 solent
1447 293 1568 332 gentiles.
1583 293 1643 322 Sint

900 353 963 381 ergo
986 343 1041 371 illis
1055 343 1176 371 doctores
1191 349 1216 371 et
1231 342 1355 370 mulieres
1375 347 1401 369 et
1420 340 1501 375 servi,
1518 351 1613 380 nempe
1626 351 1641 369 a

901 388 955 417 vita
969 395 994 416 et
1010 389 1130 417 moribus
1143 388 1207 416 suis.
1224 387 1330 416 Etenim
1345 394 1370 415 et
1382 386 1456 425 apud
1470 386 1530 415 illos
1546 393 1570 415 et
1585 386 1642 414 ubi-

900 444 952 470 que
966 433 1017 461 hoc
1031 433 1056 461 in
1072 434 1190 461 confesso
1205 440 1253 469 est,
1268 442 1406 461 servorum
1422 442 1505 470 genus
1520 431 1642 470 petulans

899 489 965 515 esse,
974 479 1087 507 difficile
1099 479 1194 517 regiae
1204 478 1275 514 duci,
1287 488 1437 517 parumque
1448 477 1575 506 idoneum
1587 488 1643 506 esse

899 523 935 552 ad
945 523 1095 552 doctrinam
1108 524 1296 563 capessendam
1306 535 1314 561 5
1330 535 1382 552 non
1393 535 1426 552 ex
1437 531 1545 561 natura,
1560 523 1640 560 absit,

866 582 883 604 Β
899 569 947 598 sed
974 577 1083 608 propter
1102 570 1331 598 conversationem
1350 576 1375 597 et
1394 569 1566 598 dominorum
1591 580 1641 598 ne·-

899 615 1066 654 gligentiam.
1084 615 1155 649 Quia
1171 615 1242 643 enim
1258 615 1357 652 ubique
1372 614 1440 643 nibil
1459 614 1533 643 aliud
1549 622 1642 644 curant

899 659 974 696 heri,
1000 670 1080 698 quam
1103 666 1132 687 ut
1157 659 1209 687 sibi
1231 659 1368 695 serviant;
1397 660 1419 687 si
1441 670 1526 687 mores
1549 670 1641 688 eorum

899 705 1044 744 aliquando
1064 716 1224 745 componere
1242 705 1376 740 studeant,
1400 705 1450 733 hoc
1472 705 1504 733 ad
1526 706 1641 743 quietem

899 762 974 780 suam
998 752 1114 787 faciunt,
1138 752 1175 780 ita
1203 758 1231 780 ut
1260 762 1312 780 non
1346 751 1451 789 negotia
1480 751 1534 779 illis
1559 752 1641 780 exhi-

899 797 989 833 beant,
1003 798 1026 826 si
1053 798 1237 835 fornicentur,
1253 798 1385 833 furentur,
1401 804 1447 826 aut
1470 797 1590 825 ebrietati
1615 809 1642 826 se

899 845 998 874 dedant
1012 859 1020 883 5
1034 846 1097 875 hinc
1108 846 1197 875 evenit
1218 853 1248 874 ut
1271 845 1308 874 ita
1324 845 1447 884 neglecti,
1459 856 1489 873 ac
1509 845 1641 873 neminem

897 892 950 920 sibi
967 892 1160 929 advigilantem
1173 891 1347 928 habentes,in
1362 891 1419 930 ipsa
1433 891 1556 929 nequitia:
1567 891 1643 918 bira-

898 939 958 967 thra
980 939 1181 977 demergantur.
1198 938 1226 967 Si
1256 938 1338 974 enim,
1356 937 1402 966 ubi
1426 944 1500 977 pater
1523 937 1603 966 instat
1618 945 1643 966 et

898 992 983 1014 mater
1000 993 1025 1014 ct
1040 985 1203 1024 paedagogus
1227 984 1406 1022 nutritiusque
1430 990 1454 1012 et
1478 984 1604 1021 magister
1618 991 1642 1012 et

898 1031 1022 1069 aequales,
1047 1032 1157 1070 ipsaque
1180 1030 1353 1069 ingenuitatis
1374 1029 1478 1069 opinio,
1506 1030 1643 1068 multaque

897 1077 1017 1115 alia,vix
1032 1077 1166 1117 quispiam
1180 1076 1364 1116 improborum
1374 1076 1504 1104 consortia
1516 1076 1639 1115 effugiat:

897 1135 963 1162 quos
977 1131 1056 1164 putas
1067 1125 1172 1152 futuros
1183 1133 1238 1151 esse
1248 1133 1303 1159 eos,
1313 1122 1359 1160 qui
1372 1122 1414 1150 his
1423 1122 1548 1150 omuibus
1560 1122 1640 1151 desti—

898 1170 958 1205 tuti,
975 1170 1110 1198 sceleratis
1135 1169 1262 1205 admixti,
1278 1179 1308 1196 ae
1330 1178 1391 1196 cum
1406 1168 1529 1196 libertate
1542 1169 1642 1206 quihus

897 1217 992 1245 volunt
1007 1216 1223 1255 societatejuneti
1239 1222 1319 1251 sunt,
1335 1225 1395 1243 cum
1407 1225 1484 1243 nemo
1499 1215 1534 1243 sit
1548 1215 1593 1252 qui
1609 1216 1642 1243 il-

897 1262 984 1291 lorum
997 1263 1127 1291 amicitias
1140 1269 1213 1290 curet
1222 1262 1235 1289 ἶ)
1248 1260 1326 1299 quid,
1343 1261 1463 1299 inquam,
1478 1268 1556 1300 putas
1581 1261 1642 1290 illos

897 1319 952 1338 csse
962 1309 1086 1338 futuros?
1097 1308 1160 1338 Ideo
1171 1307 1284 1336 difficile
1297 1314 1334 1336 est
1345 1307 1446 1335 bonum
1459 1317 1513 1336 esse
1524 1318 1640 1336 servum.

898 1355 1026 1394 Alioquin
1046 1361 1136 1383 autem
1151 1354 1191 1382 illi
1207 1363 1290 1392 neque
1303 1353 1424 1382 doctrina
1439 1353 1575 1389 fruuntur,
1592 1364 1638 1382 ne-

896 1412 948 1439 que
961 1408 1070 1430 externa
1084 1411 1169 1439 neque
1183 1407 1271 1428 nostra
1285 1411 1292 1427 :
1309 1410 1360 1427 non
1371 1410 1433 1427 eum
1446 1399 1513 1427 viris
1529 1410 1640 1427 versan-

897 1452 941 1473 tur
962 1446 1065 1479 liberis,
1086 1445 1197 1481 ornatis,
1220 1444 1333 1472 multam
1359 1443 1470 1471 honoris
1497 1443 1642 1481 gloriaeque

861 1503 879 1526 1)
896 1501 950 1519 suae
963 1502 1055 1519 curam
1071 1490 1241 1518 habentibus.
1258 1490 1370 1528 Propter
1382 1490 1439 1517 haec
1457 1489 1547 1517 omnia
1561 1488 1640 1516 disti-

895 1537 954 1573 cile,
968 1537 1021 1565 imo
1036 1547 1077 1564 res
1091 1535 1223 1564 mirabilis
1238 1542 1287 1572 est,
1301 1535 1323 1563 si
1337 1534 1499 1563 domesticus
1515 1535 1601 1563 bonus
1616 1541 1640 1563 et

896 1581 970 1610 utilis
981 1591 1109 1619 umquam
1122 1580 1211 1608 suerit.
1221 1580 1289 1608 Cum
1301 1589 1364 1617 ergo
1377 1578 1494 1607 viderint
1505 1579 1560 1607 vim
1573 1589 1640 1618 prae-

896 1671 1016 1700 omnium
1029 1669 1254 1700 modestissimum
1276 1676 1301 1697 et
1315 1669 1488 1697 mitissimum
1503 1668 1641 1697 reddidis-

897 1729 923 1746 se
935 1729 944 1755 3
961 1717 1064 1746 etiamsi
1078 1715 1223 1744 admodum
1232 1716 1239 1721 ⁴
1250 1715 1446 1743 irrationabiles
1460 1714 1513 1742 sint
1526 1715 1640 1749 domini,

897 1773 1023 1801 magnam
1037 1761 1195 1800 dogmatum
1209 1767 1361 1789 nostrorum
1383 1759 1538 1799 opinionem
1552 1761 1643 1788 eonci-

899 1809 981 1847 pieut.
1000 1806 1173 1846 Perspicuum
1188 1806 1258 1834 enim
1274 1812 1323 1842 est,
1340 1812 1441 1834 metum
1465 1806 1642 1834 resurrectio-

899 1854 940 1882 nis
954 1860 979 1882 et
994 1852 1092 1892 judicii
1112 1859 1137 1880 et
1159 1852 1323 1890 reliquorum
1347 1852 1468 1880 omnium
1490 1859 1550 1891 post
1570 1863 1642 1881 mor-

899 1907 951 1928 tem
963 1900 1125 1935 futurorum,
1137 1909 1196 1936 quae
1209 1909 1224 1926 a
1237 1898 1315 1926 nobis
1329 1898 1518 1937 praedieantur,
1535 1898 1561 1926 in
1578 1899 1641 1926 illo-

898 1958 959 1976 rum
974 1946 1070 1975 animis
1084 1945 1218 1982 defixum,
1241 1944 1387 1982 nequitiam
1411 1944 1521 1973 illorum
1545 1945 1642 1974 animis

898 1993 1031 2033 depellere
1053 1992 1182 2032 potuisse,
1200 2002 1262 2020 cnm
1284 1991 1406 2019 timorem
1423 1991 1500 2019 illum
1514 1991 1641 2020 vitiorum

900 2039 1033 2079 voluptati
1056 2038 1209 2078 oppositum
1235 2037 1262 2066 in
1280 2044 1367 2066 mente
1390 2037 1527 2067 haberent.
1549 2039 1642 2076 Itaque

898 2097 950 2116 non
964 2093 1062 2114 temere
1074 2095 1121 2113 nee
1133 2084 1189 2112 sine
1204 2094 1283 2112 eausa
1299 2094 1421 2122 maguam
1434 2083 1466 2113 de
1477 2084 1519 2112 his
1541 2084 1643 2122 ubique

898 2134 1027 2162 rationem
1044 2131 1126 2160 babet
1144 2143 1149 2160 :
1164 2138 1263 2169 quanto
1278 2130 1364 2169 magis
1375 2131 1445 2159 enim
1467 2131 1505 2158 illi
1525 2131 1641 2170 improbi

898 2180 995 2209 suerint
1006 2203 1013 2215 ‚
1024 2186 1096 2208 tauto
1116 2178 1202 2217 magis
1216 2178 1257 2206 vis
1271 2177 1467 2217 praedicationis
1482 2178 1506 2206 in
1519 2177 1641 2206 admira—

900 2225 969 2254 tione
983 2224 1105 2252 habetur.
1117 2224 1186 2252 Nam
1202 2222 1336 2250 medicum
1350 2228 1414 2250 tunc
1426 2222 1580 2250 mirabilem
1594 2222 1640 2251 di-

898 2271 994 2307 cimus,
1007 2269 1116 2310 quando
1127 2269 1307 2308 desperatum,
1326 2268 1400 2296 nullo
1417 2268 1548 2297 fruentem
1561 2269 1641 2298 auxi-

899 2318 945 2355 lio,
962 2328 1009 2347 nec
1020 2317 1054 2345 ab
1063 2315 1257 2355 intempestivis
1266 2314 1460 2354 cupiditatibus
1470 2326 1498 2344 se
1508 2315 1641 2344 continere

898 2364 1039 2399 valentem,
1055 2362 1108 2390 imo
1121 2362 1147 2390 in
1162 2361 1215 2389 illis
1226 2361 1387 2396 volutatum,
1400 2360 1433 2389 ad
1449 2361 1588 2389 sanitatem
1600 2372 1640 2390 rc-

899 2408 976 2436 ‹lurit
990 2414 1015 2436 et
1027 2406 1146 2444 corrigit.
1159 2405 1192 2433 Et
1204 2405 1267 2433 vide
1279 2415 1400 2442 qua‘naut
1415 2405 1449 2433 ab
1465 2405 1518 2433 illis
1534 2405 1638 2443 exigam

900 2464 957 2492 qua)
972 2453 1091 2482 omnium
1108 2451 1224 2480 maxime
1237 2451 1352 2480 dominis
1366 2451 1482 2489 quietem
1497 2457 1637 2491 praestent:

1649 1597 1705 1618 Cum
1725 1600 1793 1620 servis

895 1625 1037 1654 dicationis
1061 1625 1097 1653 ita
1124 1624 1246 1663 petulans
1272 1634 1373 1662 genus,
1397 1622 1523 1662 imposito
1549 1623 1761 1657 fren0,quonwdo

1652 1662 1769 1690 agendum.
