1893 2860
257 143 324 176 5„2
604 156 632 178 5.

293 215 320 242 ἆ.
335 214 416 243 Vides
429 225 484 242 rem
495 214 573 243 istam
588 215 717 244 damnum
732 217 806 245 esse?
818 217 890 245 vides
901 227 990 256 super·

660 156 800 179 JOANMS
827 156 1008 179 cnm'sosT.
1040 157 1193 181 ARCHIEP.
1220 159 1486 183 CONSTANTINOP-

1087 217 1169 258 Ὁρᾷς
1181 220 1221 248 ὅτι
1235 221 1316 259 ζημία
1327 222 1356 250 τὸ
1366 227 1494 261 πρᾶγμα,
1506 225 1567 262 ὁρᾷς
1579 223 1616 252 ὅτι
1630 223 1750 262 περιττὸν
1764 222 1808 250 καὶ

253 272 394 290 vacaneum
410 269 434 289 et
452 262 573 290 inutilem
585 263 598 290 P
619 264 687 292 Nam
711 265 733 292 si
757 275 841 303 neque
864 265 991 303 majorem
1011 263 1028 286 F
1047 264 1171 299 ἀνόνητόν
1182 267 1266 301 ἐστιν;
1279 269 1310 296 1Ξῖ
1322 268 1372 307 γὰρ
1386 269 1453 306 μήτε
1466 269 1557 308 χρείαν
1568 269 1680 308 παρέχει
1692 268 1808 304 πλείονα,

254 316 342 335 usum.
371 316 454 343 neque
478 305 679 335 delectationem
710 309 787 336 affert
810 308 993 348 (procedente

251 351 321 379 cuim
346 359 462 390 tempore
487 352 632 380 satietatem
648 354 718 392 parit
731 355 754 392 ):
768 354 834 383 nihil
851 355 925 383 aliud
941 362 989 391 est,

250 396 299 423 nisi
315 396 453 425 damnum.
466 397 519 425 Sed
533 398 642 427 obstans
661 399 746 428 inanis
762 401 852 439 gloria:
871 400 991 429 studium

248 496 303 514 csse
315 486 510 522 arbitrabatur,
523 498 552 516 ea
568 489 675 527 reliquit
689 501 694 517 ε
710 501 758 518 uos
770 501 833 519 vero
849 501 933 529 neque
949 502 990 528 ea,

248 542 307 569 qua:
315 531 411 560 damna
426 540 497 567 sunt,
509 544 557 572 pro
573 534 681 563 Christo
696 536 879 574 relinquemus
892 537 905 565 {²
916 538 990 572 Quo-

249 588 331 616 usque
346 578 452 607 tandem
464 579 540 608 humi
555 579 637 609 defixi
656 581 837 610 haerebimus?
851 593 990 622 quousque

247 623 281 652 ad
297 624 389 653 caelum
406 636 458 653 11011
482 626 684 664 spectabimus?
700 629 758 656 Non
782 629 879 657 videtis
901 640 988 665 senes,

248 681 327 708 quam
351 671 456 700 nullum
478 683 567 700 rerum
593 674 786 711 praeteritarum
810 685 915 703 5011511111
939 676 988 704 113-

246 715 308 743 110111
320 717 332 743 2‘
347 726 397 745 nun
411 716 507 745 videtis
523 718 665 746 morientes
674 741 681 755 ,
694 730 755 748 cum
771 731 844 749 senes
853 743 860 756 ,
873 729 929 749 tum
940 722 988 760 ju-

246 771 325 789 venes
337 761 350 789 9
364 772 416 790 11011
434 762 532 791 videtis
547 774 605 799 eos,
620 765 666 802 qui
683 765 708 793 in
724 766 780 794 vita
795 766 852 805 ipsa
866 767 921 795 suis
941 778 986 795 re—

245 807 296 835 hus
309 808 415 846 spoliati
430 816 491 837 sunt
503 810 517 837 ,³
532 810 586 838 Cur
610 811 690 839 rebus
705 812 876 841 instabilibus
899 813 986 841 1111113-

245 863 304 881 mus
316 854 328 881 ?
341 864 389 881 cur
403 854 518 883 infirmis
527 855 671 894 alligamur
682 857 695 884 ἶ)
709 868 849 896 quousque
861 869 910 887 non
927 870 985 898 per-

244 909 386 936 sequemur
402 907 536 928 manentes
551 912 581 929 ac
595 902 702 930 stabiles
713 903 726 930 .⁰
740 903 812 937 Quid
826 914 877 932 non
891 904 985 933 darent

243 954 317 971 senes
326 967 332 979 ‚
347 955 400 982 quo
414 945 504 974 liceret
516 946 648 985 deponere
660 950 839 977 senectutem?
852 950 885 978 Et
898 957 983 979 tamen

244 1000 302 1026 quae
319 990 410 1018 isthaec
426 990 558 1019 dementia
580 999 619 1020 est
637 993 671 1021 ad
689 994 831 1032 pristinam
855 996 925 1024 velle
937 997 983 1035 ju-

243 1041 379 1063 ventutem
404 1035 508 1072 redire,
531 1044 610 1074 atque
632 1038 713 1078 hujus
736 1040 773 1067 rei
794 1041 983 1078 consequendae

243 1091 321 1109 causa
337 1081 414 1109 facile
429 1082 518 1110 omnia
531 1082 609 1120 darc;
622 1094 684 1112 cum
697 1095 759 1113 vero
770 1085 847 1114 liceat
860 1088 984 1126 consequi

238 1126 425 1165 juventutem,
441 1127 484 1155 cui
507 1138 559 1156 non
575 1129 698 1158 succedat
713 1138 846 1168 senectus,
857 1133 985 1171 juventu-

241 1179 293 1200 tem
309 1173 402 1201 multis
416 1184 475 1202 cum
493 1173 597 1204 divitiis
609 1177 777 1215 conjunctam
792 1179 930 1218 multoque
942 1180 984 1208 vi-

239 1218 382 1255 vaciorem,
394 1229 441 1247 nec
452 1220 563 1258 paulum
579 1221 709 1259 quiddam
720 1223 789 1252 velle
805 1224 880 1260 dare,
894 1225 940 1254 sed
955 1237 984 1254 ca

240 1263 365 1300 retinere,
378 1275 437 1303 quae
448 1265 527 1294 etiam
540 1266 566 1294 111
578 1268 700 1306 praesenti
715 1268 782 1296 nihil
793 1271 926 1308 prosunt?
941 1271 984 1300 Ex

240 1319 324 1340 morte
338 1312 457 1341 eximere
472 1320 496 1342 te
512 1324 562 1342 non
576 1322 695 1353 possunt,
715 1327 767 1344 11011
782 1318 906 1346 morbum
918 1330 981 1358 pro-

241 1357 359 1396 pulsare,
371 1369 421 1386 non
436 1359 579 1398 prohibere
589 1367 750 1390 senectutem
758 1385 766 1399 ,
778 1370 823 1391 3111
835 1364 983 1403 quidquam

241 1403 315 1431 aliud
330 1415 433 1439 eorum,
451 1416 509 1443 qua?
524 1407 670 1436 necessario
685 1414 710 1436 et
723 1410 870 1438 secundum
882 1418 983 1440 naturae

242 1449 327 1487 legem
342 1450 485 1486 accidunt,
499 1458 523 1480 et
535 1452 624 1481 adbuc
637 1453 691 1481 illis
706 1454 808 1483 haeres?
820 1456 926 1494 Ecquid
941 1458 982 1486 lu-

241 1496 291 1532 cri,
308 1496 353 1524 dic
374 1497 440 1525 mihi
453 1498 465 1526 P
480 1499 551 1527 Hinc
567 1499 691 1536 ebrietas,
709 1501 836 1540 edacitas,
853 1504 983 1534 obscoenae

239 1552 270 1570 ac
284 1542 448 1582 multiplices
462 1545 624 1584 voluptates,
636 1558 694 1584 quae
705 1548 789 1586 magis
804 1560 884 1588 quam
898 1552 983 1580 amari

239 1588 342 1617 domini
364 1599 410 1617 nos
434 1591 613 1620 excruciant?
629 1593 692 1621 Haec
718 1595 806 1623 solum
831 1607 865 1625 ex
879 1597 983 1627 divitiis

239 1635 339 1663 lucrari
353 1646 504 1674 possi1mus‚
517 1638 590 1666 aliud
602 1649 664 1667 vero
677 1640 756 1677 nihil,
766 1644 982 1681 quandoquidem

240 1680 277 1708 ita
291 1681 436 1709 volumus:
449 1693 511 1710 nam
525 1683 547 1711 51
561 1683 666 1719 11110101,
691 1685 786 1715 caelum
810 1699 872 1717 sane
894 1689 982 1728 ipsum

239 1726 344 1755 divitiis
369 1738 599 1766 consequeremur.
616 1731 688 1770 Ergo
700 1732 812 1768 bonum,
826 1734 924 1773 inquit,
937 1737 981 1765 di-

239 1772 320 1801 vitiae.
343 1773 402 1801 ,Non
419 1773 469 1801 boc
483 1774 586 1803 divitiae
608 1784 744 1814 praestant,
761 1779 806 1807 sed
824 1783 983 1819 possessoris

239 1818 381 1846 consilium
395 1826 420 1847 et
434 1819 568 1849 voluntas.
591 1822 719 1851 Liberum
746 1825 816 1854 enim
838 1827 981 1857 arbitrium

239 1875 294 1893 0550
306 1865 376 1902 quod
388 1866 438 1894 1100
451 1866 540 1904 saciat,
550 1868 593 1896 vel
603 1868 666 1897 hinc
678 1869 740 1898 licet
754 1871 979 1914 animadvertere,

239 1909 311 1947 quod
323 1910 402 1939 etiam
420 1922 520 1951 pauper
535 1913 592 1941 caeli
612 1913 686 1943 adire
699 1915 874 1947 hereditatem
890 1921 980 1958 possit.

240 1955 359 1993 Etenim,
381 1957 454 1995 quod
477 1968 546 1997 saepe
565 1959 635 1995 dixi,
653 1971 704 1989 non
726 1972 876 1993 mensuram
891 1976 982 1995 rerum

241 2012 298 2040 quze
313 2001 411 2030 dantur
427 2003 500 2032 Deus
517 2012 629 2044 spectat,
644 2006 689 2035 sed
704 2008 823 2038 animum
837 2009 978 2041 dantium:

240 2049 302 2077 licet
321 2056 346 2077 01
366 2050 488 2089 pauperi,
506 2058 530 2079 et
546 2062 629 2090 pauca
643 2052 718 2082 danti
742 2062 828 2084 totum
842 2059 977 2097 consequi.

241 2094 336 2133 Exigit
349 2096 419 2124 enim
434 2097 506 2125 Deus
531 2108 580 2136 pro
601 2100 730 2138 cujusque
744 2101 884 2132 facultate:
896 2115 982 2143 neque

240 2140 342 2169 divitiae
366 2152 479 2180 regnum
495 2143 648 2183 conciliant,
663 2157 748 2185 neque
767 2157 910 2189 paupertas
930 2162 979 2190 ge-

241 2187 354 2215 hennam
367 2210 374 2224 ‚
397 2188 443 2217 sed
476 2196 588 2228 utraque
621 2191 707 2221 bonus
718 2216 727 2231 ‚
752 2201 776 2222 et
802 2196 889 2225 malus
919 2199 979 2227 ani-

242 2242 309 2261 mus.
331 2233 408 2261 Hunc
435 2233 517 2273 igitur
544 2236 721 2275 corrigamus,
738 2239 810 2269 hunc
833 2252 980 2283 compona-

242 2288 312 2313 mus,
328 2278 399 2307 hunc
414 2279 492 2308 talem
513 2282 620 2319 qualem
641 2293 696 2312 0550
717 2285 792 2314 decet
806 2296 978 2329 praestemus5

242 2327 320 2358 atque
330 2323 419 2351 omnia
434 2331 510 2352 erunt
526 2326 603 2354 nobis
616 2327 715 2359 facilia.
726 2330 794 2359 Nam
807 2333 978 2369 quemadmo-

243 2367 308 2394 dum
324 2369 430 2405 artifex,
448 2370 504 2399 51νο
518 2371 643 2401 ferrream
660 2374 716 2403 sive
731 2387 840 2406 auream
863 2381 978 2410 securim

244 2411 357 2449 haheat,
378 2424 450 2452 zeque
471 2416 544 2454 ligna
558 2418 637 2447 eaedjt
651 2430 681 2449 ac
694 2420 783 2459 dolat,
805 2424 857 2453 imo
872 2426 978 2457 facilius

277 2523 286 2531 *¹
307 2513 390 2546 [For-t.
406 2518 531 2551 03721273]

1047 313 1114 347 μήτε
1128 311 1217 350 τέρψιν
1233 314 1397 352 (προσκορὴς
1411 315 1462 353 γὰρ
1477 317 1514 354 τῷ
1526 315 1611 354 χρόνῳ
1622 315 1753 352 γίνεται),
1766 315 1808 342 οὗ·

1047 357 1088 386 ὀὲν
1100 356 1187 397 ἔτερόν
1200 360 1268 388 ἐστιν
1283 359 1299 393 ἢ
1313 361 1404 397 ζημία.
1419 361 1487 389 Ἀλλ’
1499 363 1545 390 οὐκ
1558 362 1649 400 ἀφίησι
1660 363 1736 389 τοῦτο
1745 362 1808 399 ὀρᾷν

1014 405 1062 448 ςοὴ
1075 404 1206 437 κενοδοξία
1222 405 1365 434 κωλύουσα.
1382 403 1448 435 Eira
1463 410 1476 435 6
1493 406 1538 444 μὲν
1554 408 1658 439 Παῦλος
1673 407 1740 445 ἅπερ
1752 405 1809 434 ἐνό-

249 441 325 476 facit,
340 452 372 469 110
388 441 537 470 videamus.
552 443 590 470 Ita
608 445 708 473 Paulus
723 445 831 483 quidem
845 456 904 483 quze
917 445 990 473 lucra
1010 459 1028 480 Α
1047 450 1119 486 μιζεν
1138 445 1203 478 εἶναι
1222 451 1301 489 κέρδη
1311 473 1318 485 ,
1332 454 1415 480 ταῦτα
1429 452 1514 480 εἴασεν
1525 464 1530 470 ·
1554 455 1630 489 ἡμεῖς
1646 453 1672 481 δὲ
1689 452 1747 481 οὐῗὲ
1759 451 1808 486 τὴν

999 1740 1018 1761 Ι)

998 2144 1017 2166 Ε

1046 495 1142 532 ζημίαν
1165 496 1271 534 ἀφῶμεν
1287 497 1329 525 διὰ
1344 497 1387 526 τὸν
1402 498 1532 536 Χριστόν;
1552 498 1640 537 Μέχρι
1654 498 1718 527 πότε
1728 500 1760 536 τῇ
1774 499 1807 536 γῇ

1045 540 1252 580 προσηλώμεθα,
1273 542 1352 582 μέχρι
1366 543 1433 575 τίνος
1454 544 1502 572 οὐκ
1513 543 1694 581 ἀναῖλέπομεν
1717 545 1753 575 εἰς
1763 543 1807 571 τὸν

1044 587 1168 626 οὐρανόν,
1183 589 1242 627 Οὐχ
1255 591 1332 627 ὁρᾶτε
1343 588 1400 621 τοὺς
1411 588 1603 627 γεγηρακότας,
1618 591 1674 621 πῶς
1686 588 1807 626 οὐδεμίαν

1044 636 1095 662 τῶν
1110 634 1292 674 παρελθόντων
1313 634 1416 674 ἔχουσιν
1432 635 1569 670 αἴσθησιν,
1588 635 1638 673 οὐχ
1660 636 1738 673 ὁρᾶτε
1749 634 1808 666 τοὺς

1043 681 1231 716 τελευτῶντας,
1241 680 1300 713 τοὺς
1311 683 1336 709 ἐν
1345 680 1414 720 γήρα
1422 703 1429 715 ,
1440 680 1498 712 τοὺς
1509 681 1535 708 ἐν
1545 680 1661 715 νεότητι;
1673 680 1721 719 οὐχ
1730 682 1808 719 ὁρᾶτε

1042 725 1101 759 τοὺς
1112 728 1137 755 ἐν
1149 728 1186 765 τῷ
1202 728 1247 764 ζῇν
1261 726 1486 765 ἀπεστερημένους
1497 727 1599 761 αὐτῶν,
1612 726 1648 754 Τί
1658 729 1712 758 τοῖς
1725 725 1808 753 ἀστά-

1041 784 1094 804 τοις
1109 772 1340 810 προστετήκαμεν,
1353 772 1378 800 τί
1389 771 1584 811 προσδεδέμεθα
1596 775 1649 804 τοῖς
1661 771 1807 820 ἀὸεὸαίοιῖ,

1042 812 1120 850 μέχρι
1131 812 1199 844 τίνος
1210 814 1257 840 οὐκ
1272 812 1519 849 ἀντιλαμῖανόμεθα
1536 813 1587 840 τῶν
1603 811 1750 848 μενόντων;
1770 811 1806 839 'lt

1040 859 1087 886 οὐκ
1098 858 1128 885 ἂν
1144 858 1242 886 ἔδωκαν
1254 860 1277 886 οἱ
1287 858 1406 896 γέροντες
1414 880 1421 892 ,
1434 858 1458 886 εἴ
1469 870 1498 896 γε
1510 859 1570 892 ἒνῆν
1580 857 1705 890 ἀποξέσαι
1717 857 1747 885 τὸ
1757 859 1806 896 γῆ-

1042 916 1103 943 ρας;
1130 899 1197 932 Εἶτα
1212 904 1295 937 πόσης
1310 905 1356 932 οὐκ
1375 904 1445 932 ἔστιν
1461 903 1576 941 ἀλογίας,
1601 903 1736 941 βούλεσθαι
1756 902 1803 940 μὲν

1039 951 1084 978 ἐπὶ
1097 950 1144 985 τὴν
1160 950 1270 984 νεότητα
1284 948 1331 983 τὴν
1345 950 1475 989 προτέραν
1494 950 1642 978 ἐπανελθεῖν
1654 972 1661 985 ,
1675 949 1721 978 καὶ
1734 949 1802 977 πάν-

1038 1007 1071 1023 τα
1082 996 1192 1027 εὐκόλως
1203 994 1233 1022 ἂν
1245 994 1310 1033 ὑπὲρ
1321 993 1411 1022 τούτου
1425 996 1525 1030 δοῦναι,
1535 994 1602 1023 ὥστε
1612 994 1732 1033 γενέσθαι
1741 993 1804 1023 νεώ-

1038 1052 1112 1079 τερον
1122 1063 1128 1076 ,
1140 1040 1224 1079 παρὸν
1239 1039 1264 1069 δὲ
1277 1040 1387 1074 νεότητα
1398 1039 1488 1068 >affetu
1503 1039 1627 1069 οὐδέποτε
1636 1043 1719 1079 γῆρας
1727 1040 1803 1080 ἔχου·

1039 1099 1087 1115 σαν
1101 1087 1145 1115 καὶ
1159 1087 1270 1122 νεότητα
1288 1087 1355 1125 μετὰ
1369 1086 1481 1115 πλούτου
1493 1088 1590 1116 πολλοῦ
1601 1086 1667 1115 πολὺ
1679 1098 1801 1124 πνευμα-

1037 1133 1182 1172 τικωτέραν
1190 1154 1197 1167 ,
1220 1133 1286 1171 μηδὲ
1305 1133 1400 1173 μικρὸν
1418 1132 1556 1171 βούλεσθαι
1571 1132 1710 1171 προέσθαι,
1734 1131 1802 1160 ἀλλὰ

1038 1179 1158 1218 κατέχειν
1173 1179 1207 1207 τὰ
1221 1178 1303 1217 μηδὲν
1317 1181 1353 1211 εἷς
1364 1179 1394 1207 τὸ
1407 1179 1490 1217 παρὸν
1505 1179 1667 1216 ὠφελοῦντος
1679 1177 1804 1207 Θανάτου

1038 1237 1069 1254 σε
1083 1225 1216 1258 ἐξελέσθαι
1230 1227 1258 1253 οὔ
1278 1225 1394 1261 δύναται,
1406 1225 1481 1254 νόσον
1496 1224 1627 1253 ἀπελάσαι
1641 1225 1688 1252 οὐκ
1703 1222 1806 1262 ἰσχύει,Ἴ

1037 1275 1048 1287 ³
1062 1273 1144 1309 γῆρας
1162 1272 1280 1299 κωλῦσαι
1290 1293 1297 1307 ,
1321 1270 1392 1300 οὐδὲν
1405 1270 1502 1299 τούτων
1525 1272 1576 1298 τῶν
1590 1268 1739 1308 ἀναγκαίων
1756 1268 1803 1297 καὶ

1037 1317 1105 1346 κατὰ
1119 1317 1163 1346 τὸν
1175 1319 1222 1352 τ’ἧς
1238 1316 1338 1355 φύσεως
1358 1316 1435 1354 νόμον
1452 1315 1667 1354 παραγινομένων
1678 1326 1684 1332 ·
1703 1314 1748 1343 καὶ
1762 1314 1802 1343 ἔτι

1038 1365 1122 1392 αὐτῶν
1135 1362 1183 1402 ἔχῃ
1194 1375 1201 1398 ;
1216 1363 1251 1391 Τί
1263 1363 1293 1391 τὸ
1308 1362 1407 1400 κέρδος,
1420 1362 1478 1390 εἶπέ
1493 1373 1556 1399 μοι;
1570 1362 1707 1390 Ἐντεῦθεν
1718 1360 1783 1398 μέθη
1792 1383 1801 1396 ,

1036 1409 1232 1449 γαστριμαργία
1244 1432 1251 1444 ,
1267 1409 1358 1443 ἡδοναὶ
1377 1408 1470 1437 ἄτοποι
1486 1407 1531 1436 καὶ
1547 1407 1729 1441 παντοδαπαὶ,
1753 1418 1800 1435 πι-

1036 1457 1106 1494 κρῶν
1127 1455 1258 1483 δεσποτῶν
1272 1455 1370 1492 μᾶλλον
1383 1456 1454 1491 ἡμᾶς
1467 1453 1682 1494 κατατείνουσαι,
1706 1454 1800 1482 Ταῦτα

1037 1501 1088 1530 ἀπὸ
1102 1505 1147 1530 τοῦ
1158 1501 1270 1530 πλούτου
1284 1500 1427 1540 κερδαίνειν
1439 1500 1494 1528 ἐστὶ
1508 1499 1584 1537 μόνον
1595 1521 1603 1534 ,
1617 1499 1706 1537 ἕτερον
1718 1498 1744 1528 δὲ
1755 1499 1801 1527 οὖ-

1037 1547 1077 1576 δὲν
1089 1570 1096 1583 ,
1109 1547 1199 1582 ἐπειδὴ
1215 1547 1244 1575 οὖ
1259 1547 1418 1585 βουλόμεθα·
1440 1546 1496 1574 ἐπεὶ
1511 1545 1576 1584 εἴγε
1591 1545 1735 1583 ἠθέλομεν,
1754 1544 1798 1573 τὸν

1036 1593 1143 1632 οὐρανὸν
1168 1593 1198 1621 ἂν
1225 1594 1302 1621 αὐτὸν
1324 1592 1572 1631 ἕκληρονομήσαμεν
1597 1591 1650 1619 ἀπὸ
1675 1589 1798 1619 πλούτου.

1036 1641 1137 1668 Οὐκοῦν
1152 1639 1231 1667 καλὸν
1246 1641 1260 1667 6
1271 1640 1391 1674 πλοῦτος,
1402 1638 1488 1677 φησίν.
1500 1639 1561 1676 Οὐχ
1572 1639 1585 1666 ὁ
1596 1637 1708 1668 πλοῦτος
1721 1638 1803 1664 τοῦτο

1035 1689 1118 1721 ποιεῖ,
1131 1687 1189 1714 ἀλλ’
1201 1687 1216 1719 ἡ
1228 1689 1273 1713 τοῦ
1284 1684 1444 1722 κεκτημένου
1453 1683 1616 1723 προαίρεσις·
1626 1685 1665 1711 ὅτι
1673 1682 1725 1721 γὰρ
1734 1693 1800 1720 προ·

1036 1731 1132 1769 αίρεσις
1147 1734 1222 1759 τοῦτο
1235 1735 1305 1759 ποιεῖ
1314 1753 1321 1767 ,
1343 1731 1436 1759 σκόπει
1449 1732 1578 1758 ἐντεῦθεν·
1602 1728 1685 1758 ἔνεστι
1698 1727 1797 1757 καὶτὸν

1034 1777 1136 1812 πένητα
1150 1778 1417 1816 κατακληρονομῆσαι
1438 1776 1482 1804 τὸν
1496 1775 1613 1815 οὐρανόν.
1639 1774 1727 1813 Ὅπερ
1746 1773 1797 1812 γὰρ

1034 1823 1161 1855 πολλάκις
1176 1818 1247 1850 εἶπον
1257 1845 1264 1858 ,
1280 1824 1308 1851 οὐ
1321 1824 1359 1861 τῷ
1375 1822 1463 1861 μέτρῳ
1477 1822 1528 1849 τῶν
1549 1820 1690 1858 διδομένων
1705 1822 1719 1848 6
1731 1820 1799 1852 Θεὸς

1034 1869 1174 1909 προσέχει,
1186 1868 1254 1897 ἀλ)ὰ
1264 1871 1296 1906 τῇ
1308 1868 1460 1907 προαιρέσει
1469 1869 1520 1896 τῶν
1531 1866 1710 1905 παρεχόντων.
1722 1865 1800 1894 Ἕνε-

1034 1926 1077 1943 στι
1094 1915 1140 1943 καὶ
1152 1915 1177 1942 ἐν
1192 1914 1269 1954 πενίᾳ
1280 1914 1342 1942 ὄντα
1353 1935 1360 1948 ,
1375 1913 1419 1942 καὶ
1433 1913 1509 1951 ὀλίγα
1523 1912 1600 1940 δόντα
1610 1935 1616 1947 ,
1628 1912 1658 1940 τὸ
1673 1916 1726 1940 πᾶν
1744 1912 1799 1939 αἶπ-

1034 1961 1196 1999 ενέγκασθαι.
1207 1960 1250 1989 Τὰ
1260 1959 1311 1998 γὰρ
1320 1960 1388 1988 κατὰ
1399 1959 1507 1997 δύναμιν
1517 1961 1530 1987 6
1538 1958 1604 1990 Θεὸς
1612 1959 1730 1985 ἀπαιτεῖ·
1740 1956 1800 1985 οὔτε

1035 2009 1146 2039 πλοῦτος
1161 2006 1277 2046 προξενεῖ
1290 2005 1335 2034 τὸν
1356 2005 1461 2044 οὐρανὸν
1474 2026 1481 2039 ,
1503 2004 1561 2033 οὔτε
1577 2003 1654 2032 πενία
1667 2002 1714 2038 τὴν
1726 2002 1799 2041 γέεν-

1035 2065 1081 2081 ναν
1096 2075 1102 2089 ,
1129 2052 1188 2081 ἀλλ’
1204 2052 1315 2091 ἑκάτερα
1331 2050 1481 2091 προαίρεσις
1497 2049 1580 2089 ἀγαθὴ
1601 2049 1646 2078 καὶ
1667 2047 1799 2087 μοχθηροί.

1035 2099 1142 2133 Ταύτην
1165 2094 1208 2128 οἰῖν
1233 2097 1432 2136 διορθώσωμεν,
1455 2095 1551 2130 ταύτην
1575 2093 1783 2131 ἀνακτησώμεθα
1790 2115 1800 2130 ,

1035 2145 1133 2179 ταύτην
1156 2144 1338 2184 ῥυθμίσωμεν,
1362 2143 1407 2171 καὶ
1422 2142 1509 2170 πάντα
1524 2143 1588 2178 ἡμῖν
1604 2140 1678 2169 ἔσται
1692 2139 1797 2168 εὔκολα.

1034 2191 1161 2229 Καθάπερ
1173 2190 1223 2229 γὰρ
1234 2192 1247 2218 6
1260 2189 1393 2228 τεχνίτης,
1406 2188 1436 2216 ἄν
1452 2198 1480 2215 τε
1494 2187 1629 2225 σιδηροῦν,
1645 2186 1675 2214 ἄν
1688 2197 1717 2214 τε
1731 2197 1798 2224 χρυ-

1034 2240 1094 2265 σοῧν
1106 2237 1251 2275 σκέπαρνον
1263 2235 1326 2274 ἔχῃ,
1341 2233 1437 2272 ὁμοίως
1447 2232 1582 2271 ἐργάζεται
1592 2232 1625 2260 τὰ
1638 2231 1700 2264 ξύλα
1708 2253 1716 2266 ,
1731 2231 1799 2268 μᾶλ-

1033 2283 1077 2310 λον
1093 2282 1119 2310 δὲ
1134 2283 1160 2310 ἐν
1175 2284 1212 2320 τῷ
1224 2282 1322 2319 σιδηρῷ
1334 2279 1411 2308 πλέον
1423 2291 1428 2296 ·
1444 2279 1512 2306 οὕτω
1523 2278 1568 2306 καὶ
1582 2279 1705 2310 ἐνταῦθα,
1721 2278 1799 2305 εὔκο-

1033 2329 1146 2366 λώτερον
1161 2329 1260 2365 μᾶλλον
1275 2326 1317 2354 διὰ
1333 2327 1379 2359 τ’ἦς
1391 2324 1481 2356 πενίας
1495 2327 1511 2358 ἦ
1525 2323 1604 2363 ἀρετ),
1617 2324 1798 2361 κατορθοῦται.

1033 2377 1102 2415 Περὶ
1115 2376 1161 2414 μὲν
1177 2375 1228 2415 γὰρ
1242 2377 1286 2404 τοῦ
1298 2374 1409 2402 πλούτου
1421 2372 1499 2411 φησὶν
1511 2374 1524 2400 6
1535 2371 1659 2410 Χριστὸς,
1674 2368 1798 2399 Εὐκολώ-

1032 2439 1106 2467 τερον
1131 2426 1250 2465 κάμηλον
1273 2424 1316 2453 διὰ
1334 2424 1480 2463 τρυμαλιᾶς
1501 2422 1606 2461 ῥαφίδος
1628 2417 1797 2456 aisement&
