1893 2860
120 556 223 578 „Tm-ss.
240 562 258 577 1.

117 587 141 609 8.
155 594 178 615 9.

270 166 339 210 598
617 175 646 196 S.

674 175 813 197 Joamms
838 174 1018 197 cuRYsos'r.
1047 174 1202 200 ARCfflEP.
1230 178 1496 202 CONSTANTINOP-

269 236 376 273 quando
391 236 459 263 male
474 234 598 262 audiente
609 234 691 263 fratre
705 234 888 263 maledicentis
908 244 936 263 os
953 244 1004 263 non
1024 238 1040 260 E
1061 237 1175 275 ἀπιστῇς
1200 243 1253 271 τοῖς
1274 240 1441 278 λεγομένοις,
1462 242 1498 278 μὴ
1525 241 1705 278 καταστέλλης
1719 263 1726 276 ,
1748 241 1823 274 ποίας

269 282 394 318 obstruis,
408 291 453 309 nec
468 281 500 309 iis
513 291 572 318 quae
587 279 714 308 dicuntur
728 279 810 308 fidem
825 290 905 319 negas
917 290 964 309 nec
976 290 1006 309 ea

269 327 434 365 comprimis,
449 327 587 365 cujusnam
603 326 728 355 amicitia}
737 333 776 355 est
787 326 838 355 hoc
851 326 981 354 indicium
992 327 1005 354 Ξ)

268 373 307 400 Ει
324 373 468 409 abundat,
483 372 580 410 inquit,
594 373 703 400 caritas
719 374 946 411 uniuscujusque
956 382 1006 400 ‘ve-

268 425 358 446 strum
374 420 497 446 invicem
511 429 519 444 :
536 420 564 446 24.
580 419 622 446 ita
641 423 671 445 ut
687 423 713 445 et
730 428 780 446 nos
799 419 854 456 ipsi
871 419 903 445 in
922 419 1006 446 vohis

267 463 426 501 gloriemur
443 465 473 491 in
488 464 629 492 Ecclesiis
652 464 718 492 Dei.
742 464 772 491 In
797 463 879 503 priori
894 463 1005 502 epistola

268 509 334 537 dicit
348 520 438 537 onmes
455 509 588 537 Ecclesias
610 509 774 538 Macedouiae
793 516 819 538 et
833 509 941 538 Achaiae
961 520 1006 538 re—

270 566 375 584 sonasse
388 555 480 583 audita
494 566 585 584 eorum
600 555 653 584 ssdc
675 567 681 584 z
705 558 754 584 Ita
774 563 804 584 ut
822 567 880 584 non
898 558 945 593 sit,
961 556 1006 584 in-

269 601 337 639 quit,
351 603 432 630 nohis
446 612 559 629 necesse
570 602 730 640 quidquam
745 602 826 640 loqui
837 613 845 628 .·
860 603 915 637 ipsi
928 604 1004 630 enim

267 648 303 676 de
317 649 399 676 nohis
411 649 592 676 annuntiant
604 648 721 686 qualem
733 649 885 676 introitum
897 649 1005 676 habue-

268 695 358 721 rimus
370 694 411 721 ad
424 704 479 722 vos
497 705 505 720 :
519 693 564 721 liic
578 700 667 721 autem
681 693 757 729 dicit,
776 695 813 723 Ut
836 704 887 722 nos
900 695 1004 733 glorie—

268 749 343 767 mur.
360 739 436 774 Quid
447 746 484 768 est
499 750 562 777 ergo
576 739 647 777 quod
661 739 764 768 dictum
776 740 836 768 est?
849 740 909 768 Illic
929 739 1004 776 dicit,

267 785 363 812 Nostra
378 795 429 813 non
444 792 520 824 egent
536 785 658 813 doctrina
676 797 681 812 :
696 785 740 814 hic
756 792 845 814 autem
859 796 910 814 non
925 786 1003 823 dicit,

267 832 322 860 Nos
341 842 385 859 cos
400 831 537 868 docemus,
559 831 616 866 sed,
637 832 814 860 Gloriantur.
829 832 859 861 Si
880 842 943 870 ergo
958 842 1005 860 nos

266 876 300 905 de
312 877 388 905 vobis
399 884 424 905 et
436 878 492 905 Deo
504 877 603 915 gratias
614 877 727 915 agimus,
739 884 764 905 et
776 878 923 916 gloriamur
932 878 1005 918 apud

266 923 406 959 hominem
423 923 507 950 multo
521 923 607 960 magis
621 933 666 951 vos
686 923 737 951 hoe
749 924 834 951 faeere
848 931 951 962 oportet
972 925 1025 967 de5

266 968 363 996 nostris
387 967 472 996 bonis.
497 968 526 996 Si
543 969 613 996 enim
635 979 694 1006 quae
716 979 731 996 a
749 969 828 997 vobis
849 976 919 998 recte
934 977 1006 1008 gesta

265 1020 337 1048 sunt⁷
355 1013 437 1052 digna
450 1021 511 1042 sunt
525 1014 623 1052 quibus
635 1014 681 1043 alii
697 1014 856 1053 glorientur,
870 1015 1006 1053 quomodo

265 1059 342 1087 nobis
352 1059 561 1088 lamentatione?
574 1059 635 1088 Dici
647 1070 698 1088 non
708 1067 802 1099 potest.
813 1062 862 1089 Ita
873 1067 903 1089 ut
914 1068 941 1089 et
955 1071 1006 1090 nos

264 1107 330 1143 ipsi,
351 1104 452 1143 inquit,
474 1107 505 1133 in
529 1107 615 1134 ‘vohis
635 1106 793 1145 gloriemur
811 1108 843 1134 in
862 1107 1006 1136 Ecclesiis

264 1150 322 1177 Dei
339 1161 392 1188 pro
404 1153 549 1189 patientia
570 1158 671 1180 vestra
689 1158 715 1180 et
731 1152 806 1192 fide.
827 1152 877 1180 Hic
892 1152 1007 1181 ostendit

265 1196 381 1224 multum
393 1197 550 1236 praeteriisse
565 1198 693 1237 temporis
710 1210 716 1225 :
730 1209 744 1226 a
761 1198 846 1227 multo
859 1199 928 1227 enim
942 1206 1006 1228 tem-

264 1253 328 1280 pore
342 1250 452 1282 apparet
468 1244 608 1283 patientia,
623 1255 676 1273 non
696 1245 724 1273 in
738 1244 844 1273 duobus
858 1252 903 1274 aut
918 1246 1005 1275 tribus

264 1288 371 1317 diebus.
389 1291 447 1318 Non
462 1290 583 1319 absolute
597 1298 686 1319 autem
698 1291 765 1320 dicit
780 1292 946 1330 patientiam.
960 1293 1006 1321 Pa-

263 1334 362 1362 ticntiae
374 1335 484 1372 quidem
497 1343 566 1364 certe
577 1343 616 1364 est
627 1337 704 1365 bonis
716 1337 856 1376 promissis
868 1348 920 1365 non
932 1338 985 1366 frui
996 1350 1005 1375 ;

264 1392 335 1410 nunc
354 1389 443 1411 autem
462 1384 589 1422 majorem
613 1384 679 1411 dicit
701 1383 869 1422 patientiam.
899 1384 1004 1418 Quam-

264 1438 326 1456 nam
336 1429 350 1456 Ξ)
363 1429 431 1457 Eam
442 1440 501 1467 quae
510 1430 615 1457 exsistit
627 1441 675 1468 per
685 1430 912 1468 persequutiones.
924 1431 1005 1466 Quod

264 1480 353 1502 autem
365 1485 422 1503 eam
436 1475 540 1511 innuat,
553 1475 726 1514 perspicuum
738 1481 775 1503 est
787 1486 820 1503 ex
833 1475 864 1503 iis
874 1486 933 1513 quae
945 1476 1006 1504 sub-

261 1519 322 1557 jicit
338 1531 343 1546 :
359 1522 395 1547 In
410 1522 544 1549 omnibus
557 1522 829 1559 persequutionibus
844 1523 951 1549 vestris
977 1528 1004 1550 et

264 1567 502 1595 tribulacionibus
523 1577 597 1605 quas
613 1568 770 1594 sustinetis.
792 1567 861 1594 Nam
877 1574 1005 1606 perpetuo

263 1611 349 1639 vitam
364 1612 477 1649 agebant
492 1622 553 1640 cum
568 1612 690 1640 hostibus
709 1611 755 1649 qui
771 1611 891 1650 undique
904 1622 948 1641 eos
963 1623 1005 1641 co-

264 1657 398 1685 nabantur
411 1657 516 1692 laedere,
533 1658 691 1695 firmamque
702 1665 726 1686 et
742 1657 910 1686 immobilem
921 1665 1006 1686 osten-

265 1702 364 1731 debant
380 1703 545 1742 patientiam.
562 1702 728 1731 Erubescant
751 1703 803 1740 illi,
829 1704 874 1741 qui
898 1710 1007 1742 propter

265 1749 407 1777 bominum
431 1749 612 1788 patrocinium
642 1756 779 1777 transeunt
810 1749 845 1777 ad
867 1749 1005 1787 dogmata.

265 1796 335 1824 Nam
354 1806 414 1823 cum
429 1795 517 1823 adhue
531 1801 597 1823 esset
612 1795 719 1822 initium
734 1794 943 1833 praedicationis,
958 1794 1008 1822 ho-

1060 285 1143 310 ταῧτα
1158 282 1245 321 φιλίας
1264 285 1423 323 τεκμήριον;
1450 287 1502 315 Καὶ
1523 287 1675 322 πλεονάζει,
1698 286 1785 325 φησὶν,
1805 289 1822 320 ἡ

1061 327 1151 366 ἀγάπη
1165 328 1219 360 ἑνὸς
1233 329 1343 358 ἑκάστου
1351 331 1456 359 πάντων
1468 333 1542 370 ὑμῶν
1554 334 1589 364 εἰς
1601 332 1743 367 ἀλλήλους,
1753 331 1823 360 ὥστε

1060 375 1132 410 ἡμᾶς
1149 373 1240 406 αὐτοὺς
1256 376 1282 403 ἐν
1299 377 1360 412 ὑμῖν
1374 379 1522 414 καυχᾶσθαι
1539 378 1566 405 ἐν
1580 382 1636 409 ταῖς
1651 376 1823 411 Ἐκκλησίαις

1060 421 1105 446 τοῦ
1121 419 1252 448 Θεοῧ.Ἔν
1263 422 1324 458 γοῦν
1340 422 1372 458 τῇ
1383 421 1498 460 προτέρα
1518 423 1642 460 ἐπιστολῇ
1652 421 1698 454 τὰς
1711 421 1824 455 Ἐκκλη-

1061 463 1118 496 σίας
1133 464 1210 502 φησὶν
1234 465 1339 498 ἁπάσας
1356 467 1403 500 τῆς
1418 467 1582 500 Μακεδονίας
1596 468 1640 496 καὶ
1655 470 1702 502 τ’ῆς
1716 466 1822 506 Ἀχαΐας

1060 508 1208 548 ἐξηγεῖσθαι
1230 510 1362 547 μαθούσας
1387 511 1420 539 τὰ
1440 512 1508 539 κατὰ
1527 511 1574 546 τὴν
1599 512 1686 542 πίστιν
1716 513 1802 541 αὐτῶν
1814 521 1820 527 ”

1061 553 1244 594 “Ώστε,φησὶ,
1258 555 1293 593 μὴ
1308 556 1399 595 χρείαν
1418 557 1489 595 ἔχειν
1503 560 1574 594 ἡμᾶς
1586 558 1675 586 λαλεῖν
1692 569 1733 586 τι·
1749 557 1822 586 αὐτοὶ

1058 600 1109 640 γὰρ
1122 601 1182 640 περὶ
1195 604 1271 639 ἡμῶν
1280 602 1487 641 ἀπαγγέλλουσιν
1500 602 1590 631 ὁποίαν
1602 603 1698 631 εἴσοδον
1710 603 1822 642 ἔσχομεν

1059 646 1122 685 πρὸς
1131 649 1212 684 ὑμᾶς·
1225 649 1335 676 ἐνταῦθα
1348 648 1375 676 δέ
1389 659 1477 687 φησιν,
1486 648 1570 677 υΩστε
1584 650 1654 686 ἡμᾶς
1663 652 1820 688 καυχᾶσθαι.

1023 689 1283 723 frte-'ff'
1357 694 1624 723 ’'ff-F
1811 696 1818 705 ⁵

1125 705 1190 726 mcor
1213 704 1257 721 ow
1272 706 1327 722 emt
1340 705 1369 722 1¹0
1385 706 1534 733 Ξῑρημξνον,
1574 706 1623 723 ,κει
1637 706 1725 735 φησιν,
1737 696 1775 725 ὅτι
1793 706 1822 723 Qu

1056 738 1157 766 δέονται
1172 739 1341 772 διδασκαλίας
1356 742 1403 774 τ’ῆς
1418 742 1480 778 παρ’
1494 742 1569 778 ἡμῶν
1582 753 1588 758 ·
1612 742 1722 771 ἐνταῦθα
1738 742 1765 771 δὲ
1777 743 1824 771 οὐκ
1851 760 1857 764 ·

1059 780 1139 819 εἶπεν,
1155 785 1195 813 ὅτι
1210 785 1366 823 διδάσκομεν
1383 785 1476 818 αὐτοὺς
1487 809 1494 822 ,
1518 787 1585 816 ἀλλὰ
1603 787 1766 826 καυχώμεθα
1779 788 1824 817 καὶ

1059 830 1247 868 σεμνυνόμεθα.
1258 832 1291 860 Εἰ
1300 832 1385 860 τοίνυν
1396 834 1471 869 ἡμεῖς
1483 834 1522 871 ἐφ’
1531 835 1592 871 ὑμῖν
1601 833 1646 861 καὶ
1654 834 1824 873 εὖχαριστοῧ-

1062 887 1108 913 μεν
1129 878 1167 915 τῷ
1181 878 1242 915 Θεῷ
1252 900 1260 912 ,
1275 877 1319 906 καὶ
1333 877 1495 917 καυχώμεθα
1508 879 1581 918 παρὰ
1596 880 1750 918 ἀνθρώποις,
1762 881 1824 908 πολ-

1039 950 1050 966 7
1060 923 1098 960 λῷ
1117 923 1215 959 μᾶλλον
1231 925 1298 960 ὑμᾶς
1317 923 1360 951 ἐπὶ
1370 928 1422 956 τοῖς
1431 924 1568 963 ἡμετέροις
1580 924 1631 963 χρὴ
1647 927 1736 958 καλοῖς
1749 928 1824 954 τοῦτο

1023 977 1042 998 Α
1061 971 1152 996 ποιεῖν.
1164 969 1197 996 Εἰ
1204 968 1255 1006 γὰρ
1263 969 1358 1008 ἑτέροις
1367 969 1536 1008 καυχήματός
1544 971 1612 998 ἐστιν
1623 969 1684 1003 ἄξια
1691 971 1724 999 τὰ
1733 982 1826 1010 κατορ-

1062 1012 1171 1050 θώματα
1183 1016 1265 1051 ὗμῶν,
1277 1014 1291 1028 *
1300 1016 1354 1046 πῶς
1375 1017 1438 1051 ἡμῖν
1458 1014 1557 1054 θρήνων
1565 1027 1572 1050 ;
1581 1016 1639 1043 Οὐκ
1649 1015 1718 1044 ἔστιν
1727 1017 1808 1044 εἰπεῖν
1818 1027 1824 1034 ·

1060 1058 1143 1087 ’Ώστε
1153 1061 1224 1096 ἡμᾶς
1235 1058 1338 1093 αὐτοὺς,
1352 1060 1440 1098 φησὶν,
1456 1061 1481 1088 ἐν
1493 1061 1555 1097 ὑμῖν
1566 1063 1716 1099 καυχᾶσθαι
1731 1063 1757 1090 ἐν
1767 1066 1826 1094 ταῖς

1060 1104 1233 1139 Ἐκκλησίαις
1241 1108 1286 1133 τοῦ
1295 1106 1364 1134 Θεοῦ
1373 1105 1438 1144 ὑπὲρ
1449 1107 1496 1139 τ’ἦς
1504 1108 1636 1143 ὑπομονῆς
1645 1107 1717 1144 ὑμῶν
1727 1106 1772 1135 καὶ
1783 1106 1825 1135 πί-

1061 1150 1284 1182 στειι)ς.ἸΞνταῧθα
1293 1150 1405 1179 δείκνυσι
1413 1151 1458 1179 καὶ
1465 1150 1545 1179 πολὺν
1554 1151 1716 1189 παρελθόντα
1723 1151 1825 1192 χρόνον·

1059 1197 1076 1229 ἡ
1085 1195 1134 1233 γὰρ
1144 1195 1263 1234 ὑπομονὴ
1277 1197 1330 1225 ἀπὸ
1337 1197 1431 1235 χρόνου
1440 1197 1557 1236 φαίνεται
1567 1198 1676 1233 πολλοῦ,
1685 1199 1732 1226 οὔκ
1743 1200 1769 1227 ἓν
1781 1198 1827 1227 δύο

1060 1241 1105 1268 καὶ
1117 1241 1201 1279 τρισὶν
1215 1241 1335 1281 ἡμέραις.
1356 1243 1417 1281 Οὐχ
1434 1243 1524 1275 ἁπλῶς
1539 1242 1567 1272 δέ
1584 1255 1662 1282 φησιν
1679 1243 1824 1282 ὑπομονήν.

1059 1287 1186 1315 Μάλιστα
1198 1287 1243 1326 μὲν
1252 1284 1295 1316 οῧν
1307 1288 1351 1317 καὶ
1362 1289 1391 1317 τὸ
1399 1291 1451 1317 τῶν
1463 1289 1665 1327 ἐπηγγελμένων
1677 1290 1780 1328 ἀγαθῶν
1789 1289 1825 1328 μὴ

1023 1339 1039 1361 ss
1058 1333 1108 1368 ἤδη
1126 1333 1282 1369 ἀπολαύειν,
1305 1336 1439 1372 ὑπομονῆς
1462 1335 1533 1363 ἐστι·
1548 1337 1593 1363 νῦν
1609 1334 1636 1364 δὲ
1658 1335 1703 1363 καὶ
1721 1335 1827 1373 μείζονα

1057 1379 1128 1417 λέγει
1141 1379 1287 1417 ὑπομονήν.
1300 1380 1384 1408 Ποίαν
1399 1380 1430 1415 δὴ
1442 1380 1539 1414 ταύτην
1550 1393 1558 1416 ;
1572 1380 1630 1415 Τὴν
1644 1381 1687 1408 διὰ
1702 1383 1754 1409 τῶν
1767 1381 1827 1409 διω-

1057 1426 1142 1461 γμῶν.
1158 1423 1223 1452 “Ort
1242 1424 1268 1453 δὲ
1285 1424 1383 1460 ταύτην
1400 1425 1559 1461 αἰνίττεται,
1573 1427 1651 1460 δῆλον
1666 1426 1692 1460 ἐξ
1707 1422 1742 1454 ὧν
1755 1427 1826 1455 ἐπά-

1057 1481 1097 1508 γει
1112 1469 1156 1497 καὶ
1171 1470 1257 1507 λέγει·
1273 1470 1319 1498 Ἐν
1335 1475 1401 1499 πᾶσι
1417 1475 1470 1503 τοῖς
1485 1472 1609 1510 διωγμοῖς
1621 1473 1694 1509 ὑμῶν
1707 1472 1751 1500 καὶ
1770 1477 1828 1505 ταῖς

1058 1515 1174 1554 θλίψεσιν
1185 1511 1224 1548 αἷς
1239 1516 1372 1554 ἀνέχεσθε.
1390 1517 1531 1555 Πολεμίοις
1545 1517 1597 1557 γὰρ
1611 1517 1722 1550 συνέζων
1737 1518 1826 1553 διηνε-

1057 1563 1108 1592 κῶς
1121 1561 1246 1589 πάντοθεν
1266 1562 1392 1599 βλάπτειν
1408 1563 1588 1601 ἐπιχειροῦσι,
1600 1563 1644 1591 καὶ
1659 1563 1771 1602 στεῤῥὰν
1781 1564 1827 1593 καὶ

1058 1606 1179 1641 ἀκίνητον
1194 1607 1241 1642 τὴν
1256 1608 1389 1644 ὑπομονὴν
1402 1608 1592 1638 ἐπεδείκνυντο.
1609 1609 1828 1648 ΑἷσᾸυνέσθωο-αν

1057 1653 1113 1680 ὅσοι
1133 1652 1175 1680 διὰ
1196 1653 1358 1691 προστασίαν
1383 1653 1528 1693 ἀνθρώπων
1554 1656 1589 1687 εἷς
1612 1654 1731 1693 δόγματα
1751 1654 1827 1693 μεθί-

1059 1709 1177 1726 στανται,
1193 1697 1254 1726 ‘'Em-t
1267 1698 1317 1736 γὰρ
1330 1700 1415 1737 ἀρχῆς
1431 1699 1509 1733 οὔσης
1519 1703 1564 1728 τοῦ
1580 1699 1766 1739 κηρύγματος,
1782 1700 1828 1729 ἄν·

1060 1746 1158 1782 θρωποι
1173 1743 1282 1779 πένητες
1295 1744 1339 1771 καὶ
1350 1745 1402 1773 ἀπὸ
1413 1746 1460 1778 τῆς
1472 1748 1649 1785 καθημερινῆς
1671 1747 1765 1778 ζῶντες
1785 1748 1830 1786 ἔρ-

1059 1789 1152 1826 γασίας
1165 1789 1230 1828 πρὸς
1245 1790 1340 1828 ἄνδρας
1355 1791 1575 1828 πολιτευομένους
1596 1791 1640 1819 καὶ
1654 1791 1773 1831 πρώτους
1784 1794 1832 1827 τ’ἥς

265 1840 350 1869 mines
373 1851 513 1880 paupere5‚
537 1847 563 1869 et
584 1851 619 1869 ex
640 1840 797 1878 quotidiano
813 1850 892 1879 opere
905 1840 1007 1869 victum
1023 1845 1041 1867 C
1061 1835 1162 1868 πόλεως
1176 1835 1269 1874 ἔχθρας
1277 1836 1512 1874 ἀνεδέχοντο,οὕῒέ
1528 1836 1735 1874 βασῑλὲῡ)ς,οὗῒε
1743 1837 1833 1877 ἄρχον·

265 1887 316 1915 sibi
343 1894 467 1926 parantes
484 1887 611 1915 adversus
632 1897 676 1915 eos
695 1886 742 1924 qui
757 1886 883 1924 gerebant
897 1896 1008 1925 rempu-

265 1932 375 1967 blicam,
389 1939 414 1960 et
431 1932 512 1971 primi
527 1939 601 1960 erant
617 1931 744 1967 civitatis,
759 1931 940 1970 suscipiebant
957 1931 1009 1959 ini-

267 1978 400 2015 micitias5
420 1989 481 2006 cum
497 1989 544 2007 nec
564 1989 623 2015 rex,
646 1988 692 2006 nec
707 1977 878 2016 magistratus
894 1987 1007 2014 usquam

266 2031 333 2053 esset
356 2024 453 2061 fidelis,
476 2031 501 2052 et
514 2024 617 2052 bellum
641 2023 768 2051 subibant
784 2022 964 2062 implacabile,
982 2029 1006 2051 et

266 2080 299 2098 ne
311 2071 349 2099 sic
363 2069 474 2108 quidem
490 2070 663 2098 absistebant.
681 2070 708 2098 5.
722 2071 760 2097 In
774 2069 938 2108 exemplum
955 2070 1007 2107 ju-

266 2118 306 2145 sti
315 2116 422 2155 judicii
436 2117 503 2144 Dei.
522 2115 595 2145 Vide
609 2114 745 2155 quomodo
765 2115 803 2143 eis
818 2121 892 2153 paret
910 2125 1005 2143 conso-

267 2161 403 2190 lationem.
420 2162 543 2196 Dixerat,
559 2163 615 2190 Deo
630 2160 729 2200 gratias
744 2172 853 2200 agemus
866 2173 872 2188 :
888 2161 1004 2196 dixerat,

268 2208 426 2237 Gloriamur
441 2208 513 2248 apud
528 2209 648 2237 homines
672 2219 678 2235 z
699 2208 755 2236 haec
770 2208 880 2246 quidem
893 2208 963 2236 bona
982 2214 1008 2236 et

268 2254 395 2291 honesta5
413 2253 459 2282 sed
472 2254 545 2292 quod
560 2254 678 2283 maxime
694 2254 789 2291 quaerit
808 2254 831 2282 is
852 2253 899 2292 qui
914 2253 1006 2282 dolore

269 2299 396 2336 afficitur,
416 2300 446 2328 id
460 2307 498 2328 est
515 2300 639 2329 liberatio
659 2310 674 2328 a
690 2300 779 2337 malis⁷
802 2307 827 2328 et
842 2299 1006 2338 supplicium

270 2355 361 2373 eorum
381 2345 427 2383 qui
446 2345 473 2374 in
495 2345 566 2385 ipsos
591 2346 660 2374 male
684 2352 800 2384 egerant.
818 2346 887 2374 Nam
902 2345 1009 2383 quando

274 2390 422 2419 imbecillus
435 2398 474 2420 est
487 2392 602 2429 animus,
614 2391 672 2421 haec
687 2392 805 2420 maxime
819 2391 931 2430 requirit
943 2403 948 2419 :
964 2391 1008 2429 qui

272 2441 309 2462 cst
324 2435 393 2463 enim
410 2436 598 2477 philosophus,
613 2448 644 2466 ne
656 2438 707 2467 hoc
720 2437 840 2476 quidem.
859 2437 934 2473 Quid
947 2447 1009 2475 ergo

307 2538 316 2548 η
335 2531 393 2560 [Sic
406 2531 478 2556 σου).
491 2532 559 2557 Eam
572 2534 736 2567 amum-,J

1061 1893 1104 1913 τος
1112 1881 1182 1913 ὄντος
1191 1893 1240 1909 που
1249 1885 1342 1910 πιστοῦ
1350 1903 1357 1915 ,
1370 1882 1414 1909 καὶ
1425 1882 1540 1919 πόλεμον
1551 1883 1697 1921 ἀκήρυκτον
1707 1883 1833 1921 ὓφίσταν-

1060 1938 1104 1961 το,
1119 1926 1164 1954 καὶ
1180 1926 1236 1955 οὐδὲ
1251 1926 1332 1958 οὕτως
1347 1927 1491 1959 ἐξίσταντο.
1505 1927 1652 1966 Ἔνδειγμα
1665 1931 1712 1963 τ’ῆς
1726 1929 1831 1961 δικαίας

1060 1972 1171 2012 κρίσεως
1181 1976 1225 2001 τοῦ
1237 1974 1315 2001 Θεοῦ.
1323 1972 1396 2012 “Ορα
1408 1975 1464 2006 πῶς
1475 1974 1561 2007 αὐτοῖς
1572 1974 1677 2013 συνάγει
1687 1974 1734 2010 τὴν
1745 1987 1831 2014 παρα-

1061 2018 1165 2055 μυθίαν.
1184 2013 1265 2046 Εἶπεν
1281 2017 1322 2046 ὅτι
1336 2019 1552 2058 Εὐχαριστοῧμεν
1565 2021 1602 2058 τῷ
1614 2022 1676 2059 Θεῷ
1685 2042 1692 2055 ,
1704 2015 1774 2049 εἶπεν
1788 2020 1830 2050 ὅτι

1060 2064 1229 2103 Καυχώμεθα
1237 2064 1309 2102 παρὰ
1318 2064 1471 2102 ἀνθρώποις.
1483 2065 1557 2093 Καλὰ
1568 2065 1614 2103 μὲν
1623 2061 1665 2094 οὖν
1677 2065 1828 2095 καὶταῦτα·

1060 2111 1118 2137 ἀλλ’
1130 2110 1143 2138 ὃ
1155 2109 1271 2147 μάλιστα
1283 2110 1375 2143 ζητεῖὸ
1386 2109 1554 2148 ὀδυνώμενος,
1562 2111 1637 2139 τοῦτο’
1649 2113 1729 2147 ἐστιν,
1741 2113 1827 2140 ἀπαλ-

1061 2154 1142 2193 λαγὴν
1165 2157 1216 2182 τῶν
1238 2156 1341 2189 κακῶν,
1355 2155 1401 2183 καὶ
1420 2155 1549 2193 τιμωρίαν
1562 2157 1613 2184 τῶν
1634 2158 1722 2189 κακῶς
1735 2157 1829 2190 αὐτοὺς

1060 2200 1254 2229 ὖόιατιθέντων.
1266 2199 1350 2228 ιὈταν
1366 2199 1417 2239 γὰρ
1429 2200 1539 2235 ἀσθενὴς
1552 2197 1569 2240 ᾗ
1589 2204 1606 2237 ἠ
1633 2202 1717 2241 ψυχὴ,
1746 2206 1829 2232 ταῦτα

1062 2248 1178 2283 μάλιστα
1194 2248 1310 2281 ἐπιζητεῖ
1322 2258 1328 2263 ·
1345 2249 1361 2281 ἡ
1379 2246 1429 2285 γὰρ
1443 2247 1595 2286 φιλόσοφος,
1620 2248 1676 2277 οὐδὲ
1698 2251 1782 2278 τοῦτο.
1793 2250 1819 2278 Τ
1823 2249 1831 2277 ί

1026 2299 1044 2321 1)
1062 2288 1105 2322 οὖν
1119 2294 1189 2321 ἐστιν
1204 2292 1219 2321 ὅ
1230 2303 1318 2331 φησιν,
1328 2291 1476 2330 Ἔνδειγμα
1488 2294 1534 2327 τῆς
1548 2293 1650 2326 δικαίας
1661 2293 1772 2332 κρίσεως
1785 2298 1830 2323 τοῦ

1063 2341 1149 2375 Θεοῦ,
1162 2338 1233 2372 Ἤδη
1252 2337 1299 2373 τὴν
1316 2338 1489 2366 ἀνταπόδοσιν
1503 2338 1609 2376 ᾐνίξατο
1623 2339 1762 2379 ἑκατέραν,
1785 2340 1832 2368 καὶ

1063 2384 1110 2420 τὴν
1122 2385 1173 2412 τῶν
1190 2383 1333 2412 ποιούντων
1349 2385 1436 2415 κακῶς
1446 2405 1454 2419 ,
1475 2384 1521 2412 καὶ
1533 2384 1579 2419 τὴν
1597 2387 1649 2413 τῶν
1660 2385 1829 2424 πασχόντων

1064 2439 1098 2469 ὥς
1113 2436 1143 2464 ἂν
1164 2436 1186 2464 εἰ
1198 2435 1283 2474 ἔλεγεν
1295 2447 1301 2452 ·
1316 2435 1360 2470 ἵν’,
1382 2435 1442 2463 ὅταν
1463 2437 1530 2473 ὑμᾶς
1548 2436 1593 2473 μὲν
1610 2441 1744 2475 στεφανοῖ,
1759 2436 1830 2466 ἐκεί-

1108 2534 1115 2543 “
1138 2532 1274 2565 [Suspecta
1285 2531 1337 2556 lunc
1350 2534 1429 2563 surm}
