1893 2860
460 150 492 172 m·
522 150 627 172 Et‘lS'r.

660 150 703 171 At)
731 149 875 171 l’lllLlPl‘.

1612 143 1625 150 m

905 148 981 171 CAP.
1014 151 1035 172 l.
1065 151 1181 174 nomm..
1212 152 1258 174 lll.
1583 154 1644 177 231

86 213 101 245 ἦ
124 211 219 250 φρικτὴ
234 211 324 246 θυσία,
339 212 395 242 πῶς
412 213 440 239 οὗ
461 211 652 248 δυσωπτζτομεν
667 210 733 250 ὑπὲρ
755 211 898 250 τούτων2ιῆ
911 217 938 238 ut
954 211 979 239 in
997 212 1165 250 venerandis,
1183 213 1301 251 inquam,
1317 220 1395 251 atque
1406 214 1539 243 horrificis
1554 223 1650 255 niyste<

84 257 128 285 τὸν
139 256 207 285 Θεὸν
223 258 452 295 παρακαλοῦντες;
469 256 547 286 Ἀλλὰ
567 259 646 286 τοῦτο
661 257 708 295 μὲν
723 257 783 295 περὶ
801 258 852 285 τῶν
873 262 890 282 A
910 256 956 285 riis
973 259 1100 287 nientoria
1117 270 1209 287 eorum
1225 259 1282 295 ssat,
1296 259 1343 297 qui
1360 259 1530 289 decesserunt
1544 273 1549 288 :
1567 272 1649 290 nove-

83 303 110 330 ἐν
125 302 212 331 πίστει
224 302 406 342 παρελθόντων
419 315 424 320 ·
438 304 461 331 οἱ
476 302 503 332 δὲ
515 304 707 342 κατηχούμενοι
721 303 779 331 οὐδὲ
791 303 853 331 ταύ-

84 361 131 384 της
144 348 328 382 καταξιοῧνται
350 351 397 384 τ’ἧς
408 349 593 389 παραμυθίας,
609 349 677 378 ἀλλὰ
691 349 851 387 ἀπεστέρην-

83 405 126 422 ται
141 394 229 429 πάσης
243 396 290 429 τ’ἧς
312 395 434 429 τοιαύτης
458 395 589 431 ἧοηθειάς,
604 395 673 429 πλὴν
696 398 758 432 μιᾶς
774 394 852 426 τινός.

83 439 167 473 Ποίαξ
180 439 211 474 δὴ
227 440 341 477 *taut-133
355 441 463 470 Ἔνεστι
477 441 586 477 πένησιν
604 441 670 481 ὑπὲρ
684 442 769 469 αὐτῶν
783 440 852 469 διδό-

83 498 143 515 ναι·
156 491 226 515 ποιεῖ
248 499 307 515 τινα
322 488 409 520 αὐτοῖς
431 487 594 526 παραψυχὴν
616 487 646 516 τὸ
662 492 789 525 πρᾶγμα·
807 486 852 514 καὶ

83 532 135 572 γὰρ
146 534 209 571 παρ’
225 533 346 568 ἀλλήλων
362 535 432 571 ἡμᾶς
444 534 601 572 ὠφελεῖσθαι
615 533 737 572 βούλεται
748 534 761 561 ὁ
775 532 851 564 Θεός.

84 578 135 607 Διὰ
145 579 171 607 τί
183 578 234 618 γὰρ
252 579 316 618 ὑπὲρ
332 580 435 619 εἰρήνης
450 580 495 609 καὶ
517 579 666 612 εὐσταθείας
687 581 732 606 τοῦ
753 577 851 615 κόσμου

84 625 218 654 ἐκέλευσεν
234 625 371 664 εὕχεσθαι;
385 626 427 654 διὰ
444 625 470 654 τί
489 626 554 664 ὑπὲρ
573 625 678 654 πάντων
694 623 852 662 ἁνθρώπωνς

85 671 179 700 Καίτοι
193 683 222 709 γε
238 673 348 700 ἐνταῦθα
362 674 387 701 ἐν
402 677 482 700 πᾶσιν
495 673 545 700 εἰσι
561 671 606 700 καὶ
617 671 713 709 λῃσταὶ
729 670 773 698 καὶ
787 681 851 705 τυμ-

84 716 199 756 empti-sp:
214 718 257 745 καὶ
279 717 407 753 κλέπται,
423 718 468 746 καὶ
489 716 589 755 μυρίων
611 719 699 745 κακῶν
713 715 850 754 γέμοντες·

85 763 142 790 ἀλλ’
157 761 229 800 ὅμως
251 762 318 800 ὑπὲρ
332 762 437 791 πάντων
456 763 601 802 εὐχόμεθα·
618 762 682 794 ἴσως
704 761 755 800 γὰρ
777 761 851 789 ἔσται

83 819 122 840 τις
137 808 222 836 αὐτῶν
244 808 398 846 ἐπιστροφή.
411 808 520 848 Ίὶσπερ
532 803 576 836 οὐν
590 808 655 846 ὑπὲρ
677 810 729 836 τῶν
746 807 850 840 ζώντων

83 851 213 891 εὐχόμεθα
234 853 286 880 τῶν
300 853 371 882 οὐδὲν
394 853 602 882 διαλλαττόντων
619 856 670 882 τῶν
686 855 794 892 νεκρῶν,
808 852 849 881 οὕ-

82 910 133 931 τως
153 898 237 927 ἔνεστι
251 899 295 927 καὶ
310 898 376 938 ὑπὲρ
388 898 492 928 ἐκείνων
508 898 639 938 εὔχεσθαι.
655 899 689 928 ‘O
706 898 770 928 Ἰὼῧ
785 898 849 938 ὑπὲρ

83 946 135 972 τῶν
149 944 251 972 παίδων
269 944 351 973 ἐποίει
373 945 478 981 θυσίας,
504 945 549 974 καὶ
571 945 738 980 ἀπήλλαττεν
759 944 850 976 αὐτοὺς

84 991 134 1018 τῶν
149 991 348 1029 ἁμαρτημάτων
362 1002 367 1008 ·
381 991 427 1026 Μή
446 1003 510 1020 ποτε
522 991 671 1027 ἐνενόησαν,
686 991 765 1030 φησὶ,
782 990 808 1019 τί
824 992 850 1019 ἐν

83 1038 116 1074 τῇ
131 1036 227 1074 καρδίᾳ
240 1037 335 1065 αὐτῶν.
351 1035 430 1065 Οὕτω
448 1048 487 1070 τις
503 1041 653 1076 προνοεῖται
665 1037 776 1066 παίδων.
793 1038 851 1066 Οὐκ

83 1077 154 1116 εἷπε,
167 1081 286 1121 καθάπερ
299 1084 322 1111 οἱ
335 1083 429 1111 πολλοὶ
444 1085 496 1112 τῶν
512 1087 555 1112 νῦν
572 1082 716 1122 ἀνθρώπων
725 1105 733 1118 ,
750 1086 760 1098 ³
769 1094 851 1111 κατα-

83 1127 166 1156 λείπω
183 1130 269 1161 αῦτοῖς
281 1129 433 1168 ὑπάρχοντα
444 1141 450 1146 ·
466 1130 513 1158 οὐκ
527 1124 598 1162 εἶπε,
613 1129 650 1157 δῶ
661 1130 747 1161 αὐτοῖς
762 1128 850 1161 δόξαν·

83 1174 130 1201 οὐκ
141 1168 223 1207 εἶπεν,
238 1173 323 1213 ἀρχὴν
338 1175 488 1213 ὠνήσομαι·
501 1176 547 1203 οὐκ
563 1171 644 1210 εἶπεν,
657 1173 752 1214 ἀγροὺς
767 1175 851 1213 πριῶ·

84 1231 132 1256 μαι
142 1231 148 1236 ·
163 1219 232 1248 ἀλλὰ
246 1220 287 1254 τί;
301 1220 348 1255 Μή
363 1233 388 1249 τι
403 1221 540 1255 ἐνενόησαν
557 1222 583 1249 ἐν
598 1222 629 1258 τῇ
646 1219 741 1259 καρδίᾳ
755 1222 849 1249 αὐτῶν.

83 1266 108 1293 Τ
111 1264 119 1293 ι’
137 1265 188 1305 γὰρ
210 1265 300 1304 ὄφελος
321 1266 426 1295 ἐκείνων
440 1267 544 1295 πάντων
569 1268 679 1295 ἐνταῦθα
706 1265 851 1303 μενόντων;

82 1310 177 1340 Οὐδέν.
195 1310 248 1340 Τὸν
271 1312 382 1349 βασιλέα
403 1312 509 1341 πάντων
532 1311 611 1340 ἵλεων
626 1311 746 1346 ποιήσω,
762 1311 850 1350 φησὶν,

84 1358 184 1393 αὐτοῖς,
199 1357 243 1386 καὶ
256 1356 328 1386 οὐδὲν
344 1358 431 1390 αὐτοῖς
449 1357 535 1386 λείπει
548 1357 638 1386 λοιπόν
652 1369 657 1374 ·
674 1356 768 1396 Κύριος
784 1357 849 1395 γὰρ,

82 1403 161 1442 φησὶ,
175 1403 308 1441 ποιμαίνει
332 1416 379 1441 με,
401 1403 446 1432 καὶ
467 1403 539 1432 οὐδέν
555 1415 588 1441 με
602 1403 749 1442 ὑστερήσει.
765 1399 850 1435 Οὗτος

81 1450 194 1481 πλοῦτος
215 1449 313 1487 μέγας,
328 1445 401 1482 οἶτος
422 1449 566 1489 θησαυρός·
592 1449 623 1477 ἂν
647 1450 691 1478 τὸν
716 1451 761 1478 τοῦ
779 1451 849 1478 Θεοῦ

81 1495 159 1535 φόὸον
174 1496 287 1534 ἔχωμεν,
301 1496 403 1528 οὐδενὸς
417 1499 480 1534 ἡμῖν
494 1496 532 1524 δεῖ
541 1507 546 1512 ·
563 1495 593 1524 ἂν
604 1495 630 1524 δὲ
642 1499 717 1524 τοῦτο
734 1495 770 1534 μὴ
783 1495 851 1535 ἔχω·
869 1511 886 1533 D

83 1553 141 1579 μεν,
156 1542 201 1570 καὶ
222 1541 269 1576 τὴν
288 1541 422 1580 βασιλείαν
442 1541 522 1577 αὐτὴν
545 1541 588 1571 ἐὰν
610 1541 726 1581 ἔχωμεν,
744 1543 850 1571 πάντων

82 1586 161 1625 ἐσμὲν
181 1586 342 1626 πενέστεροι.
361 1587 445 1616 Οὐδὲν
471 1587 526 1616 ἴσον
551 1590 595 1616 τοῦ
622 1588 782 1627 φοὸουμένου
805 1588 848 1617 τὸν

83 1633 193 1673 Κύριον·
207 1632 241 1662 Ὁ
251 1633 328 1672 φοΈος
341 1633 402 1672 γὰρ,
413 1633 476 1672 φησὶ
485 1656 492 1669 ,
503 1636 548 1662 τοῦ
561 1634 657 1673 Κυρίου
670 1634 756 1662 πάντα
769 1635 848 1673 ὓπερ-

82 1679 170 1708 iens.
185 1680 284 1708 Τοῦτον
298 1679 457 1717 κτησώμεθα
466 1702 473 1714 ,
485 1679 550 1718 ὑπὲρ
561 1679 650 1708 τούτου
661 1679 749 1708 πάντα
761 1680 846 1719 πράτ-

81 1736 168 1763 τωμεν
179 1736 184 1742 ·
195 1724 244 1753 κᾶν
257 1724 304 1759 τὴν
315 1725 402 1764 ψυχὴν
414 1725 558 1754 ἀποδόσθαι
567 1725 622 1765 δέῃ,
634 1725 670 1764 μὴ
683 1726 846 1765 φεισώμεθα,

81 1770 129 1798 κᾶν
148 1770 178 1799 τὸ
192 1772 270 1808 σῶμα
283 1771 444 1809 κατακόψαι·
460 1771 547 1800 πάντα
567 1771 734 1810 πράττωμεν,
748 1771 790 1800 ἴνα
802 1774 847 1800 τοῦ

81 1815 161 1855 φόὸου
176 1815 266 1845 τούτου
278 1816 455 1855 ἐπιτύχωμεν.
466 1817 546 1845 Οὕτω
557 1816 607 1856 γὰρ
620 1817 732 1855 ἐσόμεθα
742 1817 848 1846 πάντων

80 1861 269 1901 εὐπορώτεροι,
281 1862 327 1891 καὶ
341 1865 392 1891 τῶν
412 1863 560 1901 μελλόντων
576 1863 764 1901 ἐπιτευξόμεθα
779 1865 848 1902 ἀγα-

81 1910 132 1937 θῶν
146 1909 172 1937 ἐν
182 1909 290 1947 Χριστῷ
305 1908 394 1943 Ἰησοῦ
415 1911 452 1948 τῷ
474 1909 564 1949 Κυρίῳ
579 1910 665 1947 ἡμῶν,
686 1911 743 1947 μεθ’
769 1905 798 1937 οῧ
811 1911 849 1948 τῷ

81 1953 170 1992 Πατρὶ
188 1954 244 1991 ἅμα
258 1956 295 1993 τῷ
310 1954 377 1993 ἁγίῳ
391 1954 528 1992 Πνεύματι
550 1955 610 1988 δόξα
620 1977 627 1990 ,
642 1954 751 1993 κράτος,
767 1955 849 1993 τιμὴ,

83 2001 126 2027 ν’ὖν
141 1998 186 2028 καὶ
197 1999 252 2034 ἀεὶ,
268 1999 312 2028 καὶ
329 2001 364 2031 εἷς
375 1999 433 2032 τοὺς
446 2001 542 2032 αἰῶνας
555 2001 607 2028 τῶν
628 1999 738 2028 αἰώνων.
753 2000 847 2039 Ἀμήν.

117 2523 125 2534 ²
145 2514 224 2550 [Pori.
239 2518 365 2543 καταλίπω.
379 2516 505 2545 Ὸυηῦειιε]

872 675 887 696 1:

908 310 967 331 rant
980 304 1041 332 binc
1055 306 1169 333 multunt
1185 305 1218 333 ad
1235 305 1293 333 illos
1306 305 1374 334 lueri
1387 306 1518 343 accedere,
1533 308 1647 336 inultuni

908 348 1039 378 utilitatis,
1058 350 1096 377 liu
1111 350 1181 378 enin)
1199 358 1327 390 tempure,
1344 363 1397 389 quo
1412 352 1550 381 universus
1563 365 1646 393 popu>

906 395 947 422 lus
961 402 1011 423 stat
1030 397 1152 424 manilius
1169 397 1251 435 passis
1272 409 1302 425 at·
1318 405 1400 426 eutius
1417 398 1606 437 sacerdotalis,
1623 408 1647 429 vt

907 441 973 469 illud
1000 442 1136 470 horrorem
1155 443 1286 471 incutiens
1312 444 1493 481 sacriliciu¹u5
1510 446 1647 482 quomodo

907 489 993 515 Deunl
1018 498 1068 516 non
1084 489 1253 527 placabimus
1268 500 1316 528 pro
1341 490 1399 518 istis
1415 492 1542 520 orantes?
1559 494 1648 531 Atque

906 532 932 560 id
946 532 1053 570 quidem
1067 534 1099 562 ‹le
1111 534 1152 569 iis,
1164 534 1210 571 qui
1222 534 1248 562 in
1261 535 1313 563 lide
1323 535 1491 565 decesserunt
1505 549 1510 564 :
1524 538 1648 566 catechu-

906 579 976 606 1neni
992 589 1053 606 vero
1069 589 1152 616 neque
1164 580 1213 608 hac
1228 579 1376 617 dignantur
1390 582 1579 619 consolatione,
1600 584 1648 613 sed

905 623 977 651 omni
992 624 1095 652 auxilio
1107 631 1169 652 sunt
1184 624 1315 662 destituti,
1332 637 1384 653 uno
1395 626 1512 663 quodam
1525 636 1645 667 excepto.

904 669 990 706 Quale
1004 680 1066 698 vero
1079 670 1129 699 hoc
1141 671 1154 698 ¹.)
1167 671 1240 699 Licet
1254 672 1418 710 pauperibus
1432 683 1480 711 pro
1492 673 1557 712 ipsis
1569 674 1644 708 darc,

903 723 982 754 atque
995 715 1057 744 hinc
1067 716 1171 754 aliquid
1183 716 1336 755 percipiunt
1347 717 1574 755 refrigerationis:
1589 721 1647 748 vult

903 763 973 790 enim
987 763 1069 797 Deus,
1082 769 1111 790 ut
1123 762 1198 790 nobis
1210 769 1334 791 mutuum
1346 763 1480 792 auxilium
1493 764 1646 794 asseramus.

905 807 1010 846 Ecquid
1036 808 1107 836 enim
1129 807 1204 836 aliud
1231 819 1315 836 causae
1337 808 1388 843 sit,
1410 819 1458 837 cur
1473 821 1521 848 pro
1536 821 1602 849 pace
1622 819 1647 839 et

903 854 972 882 bono
984 853 1079 882 mundi
1094 860 1163 882 statu
1178 854 1281 893 precari
1295 854 1425 893 jusserit?
1439 866 1487 883 cur
1498 867 1546 894 pro
1559 857 1648 885 omni-

903 900 952 928 bus
973 899 1150 929 hominibus?
1172 901 1242 928 Nam
1264 900 1308 928 hic
1329 900 1439 938 quidem
1459 901 1527 930 inter
1551 913 1643 931 omnes

903 953 965 975 sunt
987 946 1068 975 etiam
1082 946 1206 982 latrones,
1221 946 1426 986 sepulchrorum
1441 947 1576 986 effosores,
1598 950 1646 977 su-

903 1003 954 1029 res,
971 997 1052 1030 atque
1064 992 1110 1021 alii
1124 992 1256 1021 sexcentis
1271 999 1400 1021 scatentes
1414 994 1494 1022 malis
1512 1006 1518 1021 τ
1531 1001 1648 1024 attamen

904 1048 952 1077 pro
966 1038 1090 1066 omnibus
1104 1048 1244 1077 precamur
1264 1049 1269 1064 τ
1285 1038 1335 1066 erit
1355 1038 1428 1066 enim
1439 1039 1549 1068 fortasse
1569 1051 1646 1079 quaa-

904 1084 965 1112 dam
990 1084 1110 1123 ipsorum
1133 1084 1280 1114 conversio.
1301 1084 1540 1119 Quemadmodum
1562 1087 1647 1125 igitur

869 1138 887 1161 C
903 1142 952 1170 pro
967 1131 1122 1160 viventibus
1139 1131 1196 1159 istis
1211 1141 1360 1170 precamur,
1382 1132 1428 1169 qui
1443 1132 1512 1161 nihil
1531 1144 1546 1161 a
1561 1133 1646 1163 cada=

904 1177 1013 1205 veribus
1024 1177 1153 1205 disserunt
1166 1189 1172 1204 :
1186 1177 1222 1205 ita
1235 1187 1285 1216 pro
1297 1177 1351 1205 illis
1364 1177 1446 1206 etiam
1461 1179 1565 1217 precari
1577 1179 1647 1208 licet.

903 1222 956 1251 Job
971 1234 1018 1261 pro
1030 1222 1096 1251 filiis
1110 1222 1240 1251 sacrificia
1252 1223 1377 1261 faciebat,
1392 1230 1417 1252 et
1430 1224 1503 1263 ipsos
1521 1235 1535 1252 a
1552 1235 1647 1264 pecca—

903 1269 937 1298 tis
960 1269 1110 1305 liberabat;
1127 1270 1172 1297 Ne
1187 1270 1260 1308 quid
1276 1271 1364 1308 forte,
1383 1270 1480 1308 inquit,
1496 1273 1646 1310 cogitave-

903 1317 962 1343 rint
974 1317 1007 1343 in
1018 1315 1152 1344 cordibus
1163 1317 1234 1343 suis.
1254 1315 1310 1344 Hoc
1323 1315 1403 1344 modo
1416 1316 1566 1345 consulitur
1579 1317 1648 1346 libe-

903 1360 951 1388 ris.
966 1361 1024 1389 Non
1036 1359 1150 1395 dicebat,
1164 1360 1237 1398 quod
1250 1360 1374 1400 plerique
1386 1371 1458 1389 nunc
1473 1361 1595 1390 homines
1607 1372 1648 1391 so-

902 1407 967 1443 lent,
984 1408 1056 1446 Opes
1068 1406 1123 1434 illis
1138 1407 1289 1444 relinquam
1302 1419 1308 1435 :
1329 1418 1380 1435 non
1393 1407 1509 1444 dicebat,
1525 1407 1649 1437 Gloriam

904 1451 958 1480 illis
973 1451 1135 1491 comparabo
1152 1463 1158 1479 τ
1174 1462 1226 1480 non
1241 1451 1359 1489 dicebat,
1385 1452 1530 1481 Mercabor
1542 1453 1650 1492 princi-

903 1505 995 1538 patum
1018 1510 1023 1526 :
1047 1509 1099 1527 non
1119 1497 1237 1533 dicebat,
1256 1500 1341 1538 Agros
1354 1509 1442 1527 emam
1465 1510 1470 1526 :
1496 1499 1542 1528 sed
1556 1499 1623 1538 quid
1637 1501 1650 1528 Ξ)

903 1547 949 1575 Ne
970 1546 1041 1585 quid
1062 1547 1255 1584 cogitaverint
1276 1547 1308 1574 in
1330 1546 1466 1574 cordibus
1487 1548 1556 1575 suis.
1580 1546 1647 1581 Quae

903 1593 974 1622 enim
987 1603 1021 1621 cx
1034 1592 1112 1620 rebus
1126 1591 1180 1620 illis
1192 1591 1304 1628 utilitas,
1317 1602 1379 1620 cum
1391 1591 1435 1620 hie
1447 1592 1567 1620 restent?
1579 1593 1649 1621 Nul-

902 1639 936 1668 la.
949 1639 1043 1676 Illum,
1059 1638 1156 1676 inquit,
1170 1637 1292 1666 omnium
1304 1638 1403 1677 Regem
1419 1637 1566 1677 propitium
1584 1638 1649 1678 ipsis

903 1684 1029 1722 reddam3
1042 1691 1067 1713 et
1082 1683 1151 1712 nihil
1172 1683 1239 1722 ipsis
1253 1683 1365 1722 posthac
1378 1683 1461 1711 deerit
1479 1694 1485 1710 z
1501 1683 1538 1711 ait
1561 1684 1645 1721 enim,

902 1732 1048 1760 Dominus
1061 1732 1155 1769 pascit
1176 1740 1231 1766 me,
1245 1736 1272 1758 et
1289 1730 1366 1757 nihil
1381 1730 1454 1757 mihi
1466 1729 1567 1759 doerit.
1584 1730 1647 1759 Haec

901 1784 940 1806 est
954 1787 1051 1815 magna
1067 1776 1212 1815 opulentia,
1225 1775 1270 1805 hic
1285 1775 1426 1804 thesaurus
1438 1783 1476 1804 est
1491 1787 1496 1802 :
1513 1776 1535 1804 si
1550 1776 1600 1805 Dei
1613 1776 1647 1804 ti-

902 1834 1003 1852 morem
1012 1823 1168 1858 habeamus,
1177 1821 1279 1850 nullius
1288 1821 1326 1850 rei
1335 1821 1488 1860 egebiinusJ.
1499 1821 1540 1850 sin
1550 1821 1648 1859 minus,

903 1869 1008 1899 tametsi
1028 1879 1142 1908 regnum
1157 1868 1338 1905 obtineamus,
1351 1868 1478 1896 omnibus
1493 1868 1649 1897 hominibus

903 1916 990 1954 magis
1004 1925 1134 1954 pauperes
1149 1925 1252 1943 sunlus.
1269 1914 1345 1943 Nihil
1362 1914 1386 1942 ei
1401 1925 1451 1953 par
1465 1914 1580 1943 inveniri
1597 1925 1649 1953 po-

903 1969 962 1996 test,
971 1961 1016 1999 qui
1028 1962 1116 1990 Deum
1128 1961 1204 1988 timet
1216 1972 1221 1987 ε
1231 1970 1292 1988 nam
1304 1961 1410 1994 Timor,
1421 1959 1517 1998 inquit,
1530 1959 1646 1996 Domini,

904 2018 990 2046 super
999 2008 1098 2035 omnia
1109 2016 1139 2035 se
1148 2008 1340 2045 superposuit.
1351 2006 1430 2034 Hune
1443 2005 1520 2034 nobis
1537 2016 1646 2046 compa-

904 2066 1003 2091 remus,
1017 2065 1067 2094 pro
1080 2054 1130 2083 hoc
1145 2054 1234 2082 omnia
1249 2054 1378 2082 faciamus
1387 2065 1395 2090 ;
1410 2053 1516 2082 etiamsi
1529 2053 1645 2083 redden—

904 2100 939 2129 da
963 2101 1051 2129 anima
1073 2100 1117 2134 sit,
1135 2100 1238 2128 etiamsi
1254 2110 1351 2138 corpus
1368 2099 1577 2138 trucidandum,
1594 2110 1646 2129 non

905 2146 966 2175 ideo
980 2146 1163 2184 refugiamus;
1180 2145 1269 2174 omnia
1284 2155 1342 2183 quae
1357 2144 1451 2174 decent
1466 2145 1604 2182 faciamus,
1618 2152 1648 2174 ut

907 2192 977 2220 bunc
999 2192 1122 2220 timorem
1139 2201 1341 2229 consequamur.
1357 2191 1415 2220 Hoc
1431 2190 1504 2220 enim
1520 2190 1600 2220 modo
1622 2198 1648 2220 et

906 2240 1031 2268 omuibus
1047 2239 1147 2268 erimus
1159 2239 1350 2278 opulentiores,
1362 2246 1387 2268 et
1402 2239 1492 2268 futura
1504 2249 1648 2278 conseque-

908 2299 968 2317 mur
986 2288 1053 2316 bona
1076 2287 1102 2316 in
1118 2287 1226 2315 Christo
1251 2287 1314 2316 Jesu
1328 2286 1445 2315 Domino
1459 2292 1549 2315 nostro
1559 2308 1569 2324 ,
1585 2295 1648 2314 cum

907 2346 962 2374 quo
986 2334 1059 2364 Patri
1074 2333 1155 2362 simul
1170 2343 1230 2362 cum
1246 2339 1336 2361 sancto
1361 2332 1467 2372 Spiritu
1484 2331 1580 2371 gloria,
1596 2342 1648 2371 po-

909 2383 1001 2420 tentia,
1013 2389 1039 2411 et
1052 2381 1148 2418 honor,
1164 2390 1235 2408 nunc
1246 2386 1271 2408 et
1279 2389 1394 2419 semper,
1410 2378 1471 2407 etin
1486 2378 1583 2407 saecula
1597 2387 1648 2406 sae-

906 2430 1036 2459 culorum.
1053 2430 1144 2457 Amen.

1472 2555 1516 2581 17.

1657 1282 1710 1304 an.
1727 1287 1747 1303 1.
1762 1282 1784 1303 5.

1658 1737 1725 1759 Psnl.
1736 1744 1787 1760 22.1
1797 1754 1802 1760 .

1659 1968 1732 1990 Eccli.
1745 1967 1784 1990 25-

1659 1997 1695 2028 ,4.
