1893 2860
431 156 462 178 IN
492 155 599 178 EPIST.
630 157 651 178 Ι.

111 218 228 258 ἡμετέρα
243 218 304 252 δόξα
318 219 428 256 πολεμεῖ
440 217 577 246 κωλύουσα
594 218 658 257 πρὸς
674 218 879 258 ταπεινοφροσύ-

109 278 155 301 νην
171 269 181 281 ²¹
193 264 378 300 καταπίπτειν,
388 263 457 292 ἀλλὰ
469 264 513 292 καὶ
527 266 544 298 ἦ
561 263 655 303 ἑτέρων
664 267 698 297 εἰς
710 264 800 304 φθόνον
811 267 882 302 ἡμᾶς

109 312 153 340 καὶ
167 310 312 350 βασκανίαν
335 311 473 349 ἐξάγουσα.
488 309 524 339 Τί
542 310 568 339 δὲ
588 310 621 339 τὰ
645 311 767 348 ἐναντία,
791 311 882 346 πενία,

110 357 219 395 ἀτιμία,
233 357 263 386 τὸ
279 359 516 396 καταφρονεῖσθαι,
530 357 559 386 τὸ
580 358 753 396 ἀπεῤῥῑςρθαι,
775 358 804 386 τὸ
828 369 881 395 μη-

109 403 202 442 δεμίαν
219 403 289 442 ἔχειν
307 402 397 442 ἷσχύν;
411 402 491 432 Ἀλλὰ
502 405 587 431 ταῦτα
604 403 650 439 μὲν
674 405 699 432 ἐν
715 406 778 441 ἡμῖν
789 415 794 420 ·
807 404 839 432 τὰ
857 403 883 431 δὲ

109 449 181 488 παρὰ
201 448 357 488 ἀνθρώπων,
371 448 511 487 πονηρίαι,
525 449 680 483 ἓπιὸουλαὶ,
696 449 782 484 δόλοι,
802 460 883 477 συκο-

109 495 229 534 φαντίαι,
251 495 422 534 περιστάσεις
444 495 552 533 μυρίαι·
568 495 665 532 ὁμοίως
686 495 730 523 καὶ
753 495 786 523 τὰ
809 493 883 533 παρὰ

109 543 161 570 τῶν
177 541 316 579 δαιμόνων,
335 541 434 580 ἀρχαὶ,
456 540 586 575 ἐξουσίαι,
608 540 818 580 κοσμοκράτορες
836 542 881 568 τοῦ

111 588 218 620 σκότους
233 590 278 616 τοῦ
300 588 391 619 αἰῶνος
406 587 512 622 τούτου,
527 587 561 616 τὰ
579 586 747 623 πνευματικὰ
759 589 806 621 τῆς
829 597 882 614 πο-

111 633 211 673 νηρίας.
236 632 326 662 Ἄλλοι
352 632 430 670 ἐσμὲν
457 633 605 672 χαίροντες,
631 632 705 661 ἄλλοι
727 633 880 670 ἀλγοῦντες·

111 679 248 719 ἀμφότερα
269 679 452 719 παρεκτροπή.
468 678 536 707 Ἀλλ’
553 678 641 716 ὑγεία,
664 679 722 707 ἀλλ’
746 678 879 707 ἀσθένεια.

112 726 196 755 Πόθεν
211 727 260 764 οὐχ
274 724 458 764 ἁμαρτήσει-αἱ
476 737 530 760 τις;
546 724 676 754 Βούλεσθε
697 725 743 753 καὶ
766 724 818 753 ἀπὸ
836 727 881 753 τοῦ

111 770 193 809 Ἀδὰμ
207 771 351 811 ἀρξάμενος
365 773 426 809 ὑμῖν
444 771 509 799 εἴπω
525 770 619 803 εὐθέως
640 771 693 800 ἀπὸ
708 773 754 805 τῆς
780 773 879 809 ἀρχῆς;

110 817 135 845 τί
149 817 193 845 τὸν
204 817 414 856 πρωτόπλαστον
427 812 494 845 εἷλεν
508 828 515 853 ;
529 816 627 852 εΗδονὴ
640 817 684 845 καὶ
695 816 825 855 βρώματα
837 816 880 845 καὶ

110 863 253 902 φιλαρχίας
263 863 337 903 ἔρως.
351 863 387 892 Τί
398 863 442 892 τὸν
456 865 513 902 μετ’
528 865 626 892 ἐκεῖνον
636 864 679 892 τὸν
693 863 747 892 υἱὸν
761 863 804 891 τὸν
814 863 882 892 ἐκεί-

110 921 153 938 νου
164 909 317 945 ,Βασκανία
326 909 370 938 καὶ
378 909 478 948 φθόνος.
487 909 523 938 Τί
533 908 591 942 τοὺς
605 910 647 938 ἐπὶ
660 911 719 938 ’Νῶε
727 921 733 944 3
741 909 880 947 Σωμάτων

111 955 218 991 ἡδοναὶ,
231 956 276 984 καὶ
292 955 325 984 τὰ
345 956 397 984 ἀπὸ
416 955 514 984 τούτων
537 956 680 994 τικτόμενα
692 955 772 984 κακοί.
787 955 822 985 Τι’
837 956 880 984 τὸν

111 1002 165 1030 υἱὸν
178 1001 222 1030 τὸν
236 1001 448 1040 τούτου;”Υὸρις
471 1002 515 1030 καὶ
533 1002 616 1030 ἄδεια.
631 1002 666 1031 Τί
687 1002 745 1035 τοὺς
765 1003 879 1040 Σοδομί-

111 1059 173 1083 τας;
186 1047 282 1087 “resim
296 1048 340 1076 καὶ
353 1047 478 1085 ἀσέλγεια
489 1048 535 1076 καὶ
549 1048 690 1087 πλησμονὴ
707 1048 802 1087 ἄρτων.
814 1049 881 1077 Πολ-

112 1093 186 1126 λάκις
202 1093 228 1122 δὲ
244 1094 288 1122 καὶ
304 1094 382 1122 πενία
398 1097 475 1123 τοῦτο
490 1099 573 1123 ποιεῖ·
590 1094 633 1124 διὰ
653 1097 730 1124 τοῦτο
752 1095 829 1134 σοφός
842 1107 882 1128 τις

111 1139 184 1177 ἔλεγε
198 1151 203 1156 ’
222 1140 340 1168 Πλοῦτον
356 1139 383 1168 δὲ
398 1142 443 1168 καὶ
463 1141 555 1169 πενίαν
568 1141 604 1178 μή
626 1153 670 1179 μοι
694 1142 754 1180 δῷς.
772 1142 881 1170 Μᾶλλον

111 1185 137 1214 δὲ
149 1187 178 1214 οὐ
196 1187 322 1220 πλοῦτος,
338 1186 397 1214 οὐδὲ
411 1186 505 1222 πενία,
522 1187 580 1215 ἀλλ’
597 1189 613 1221 ἡ
629 1186 665 1225 μὴ
679 1187 809 1224 δυναμένη
824 1187 882 1216 τού-

110 1243 164 1263 τΟῑς
176 1231 308 1270 ἑκατέροις
319 1231 471 1271 προαίρεσις
485 1232 646 1270 χρήσασθαι.
658 1233 818 1271 Ἔπίγνωθι,
835 1245 882 1273 φη-

110 1278 160 1314 σὶν,
174 1277 214 1306 ὅτι
229 1278 255 1305 ἐν
272 1277 344 1317 μέσῳ
355 1278 474 1317 παγίδων
490 1278 640 1311 διαῦαίνεις,

145 1704 315 1740 (θαυμαστῶς
327 1697 397 1731 εἶπεν
418 1704 431 1731 ὃ
447 1703 575 1742 μακάριος
589 1703 694 1735 Παῦλος
704 1726 711 1739 ,
734 1704 780 1736 Εἷς
802 1706 878 1733 τοῦτο

105 1747 214 1785 κείμεθα
223 1760 229 1765 ·
243 1749 289 1777 οὐκ
306 1743 377 1777 εἶπεν
389 1749 494 1785 ἁπλῶς,
508 1748 547 1777 ὅτι
559 1749 752 1788 πειραζόμεθα,
767 1751 826 1778 ἀλλ’
842 1752 878 1782 εἰς

105 1797 180 1823 τοῦτο
191 1794 311 1831 κείμεθα,
324 1794 382 1823 ἀντὶ
392 1798 451 1830 τοῦ,
468 1796 504 1828 εἷς
516 1798 593 1824 τοῦτο
605 1796 776 1834 ἐγενήθημεν.
790 1797 878 1825 Τοῦτο

105 1839 134 1867 τὸ
149 1839 223 1878 ἔργον
240 1842 326 1878 ἡμῶν,
340 1837 413 1873 οὗτος
431 1843 444 1870 ὁ
460 1841 529 1879 βίος,
551 1841 596 1870 καὶ
619 1841 649 1870 σὺ
666 1842 754 1870 ἄνεσιν
777 1844 876 1877 ζητεῖς,

104 1886 162 1914 Οὐκ
184 1886 326 1924 ἐφέστηκεν
348 1889 361 1914 ὃ
382 1887 474 1924 δήμιος
493 1887 542 1921 τὴν
561 1886 678 1927 πλευρὰν
702 1887 877 1923 καταξαίνων,

104 1931 149 1958 καὶ
165 1933 241 1959 θῦσαι
263 1932 486 1970 καταναγκάζων·
506 1933 564 1961 ἀλλ’
586 1933 729 1971 ἐφέστηκεν
749 1934 877 1972 ἐπιθυμία

104 1975 204 2014 σφοδρὰ
217 1977 364 2016 χρημάτων
377 1977 422 2006 καὶ
443 1978 606 2012 πλεονεξίας,
624 1978 794 2018 ἐξορύττουσα
818 1980 877 2013 τοὺς

104 2021 252 2060 ὀφθαλμοὺς
266 2024 339 2060 ἡμῖν.
351 2023 446 2055 Οὐδεὶς
459 2023 624 2061 στρατιώτης
635 2025 720 2063 πυρὰν
734 2027 798 2063 ἡμῖν
811 2028 875 2061 ἀνῆ-

103 2069 161 2106 ψεν,
176 2067 232 2096 οὐδὲ
249 2068 340 2102 ἔθηκεν
356 2068 399 2097 ἐπὶ
410 2069 567 2108 κρατίκλης·
583 2071 641 2098 ἀλλ’
653 2071 666 2098 ὃ
679 2073 730 2099 τῶν
743 2072 874 2109 σωμάτων

104 2113 220 2152 φλογμὸς
235 2114 336 2151 μᾶλλον
352 2114 458 2143 ἐκείνων
474 2114 580 2148 ἐξάπτει
592 2116 640 2150 τὴν
651 2117 749 2155 ψυχήν.
766 2119 805 2146 Οὐ
820 2118 873 2147 πά-

105 2172 175 2198 ρεστι
186 2159 308 2197 βασιλεὺς
319 2160 399 2199 μυρία
410 2161 635 2199 ἐπαγγελλόμενος
647 2163 732 2201 ἀγαθὰ
741 2163 785 2192 καὶ
794 2165 875 2194 δυσω-

102 2208 172 2234 πῶν·
186 2206 254 2235 ἀλλὰ
269 2206 395 2246 πάρεστιν
410 2211 426 2243 ἠ
440 2207 581 2246 δοξομανία
595 2214 682 2249 χεῖρον
695 2210 794 2239 ἐκείνου
807 2223 873 2250 γαρ-

101 2252 254 2290 γαλίζουσα.
270 2253 360 2290 Μέγας
380 2253 494 2292 πόλεμος
508 2254 601 2290 ὄντως,
623 2256 667 2284 καὶ
690 2256 757 2285 πολὺ
775 2257 874 2295 μέγας,

101 2297 130 2326 ἂν
154 2298 284 2336 ἐθέλωμεν
307 2298 396 2338 νήφειν
408 2311 414 2316 ·
429 2300 485 2338 ἔχει
512 2301 654 2339 στεφάνους
678 2302 722 2330 καὶ
748 2304 761 2330 ὁ
781 2303 872 2343 παρὼν

100 2344 203 2383 καιρός·
226 2345 305 2373 ἄκουε
328 2345 434 2374 Παύλου
456 2345 590 2384 λέγοντος’
612 2348 710 2377 Λοιπὸν
732 2349 872 2378 ἀπόκειταί

101 2401 146 2427 μοι
159 2393 173 2420 ὁ
184 2392 232 2425 τῆς
246 2391 413 2426 δικαιοσύνης
433 2392 559 2431 στέφανος
569 2415 576 2428 ,
592 2394 619 2422 ὃν
643 2396 775 2425 ἀποδώσει
798 2407 843 2434 μοι
857 2398 871 2424 ὁ

100 2436 199 2468 δίκαιος
213 2437 319 2476 κριτής·
331 2438 360 2465 οὐ
377 2437 454 2475 μόνον
469 2438 495 2467 δὲ
511 2439 584 2476 ἐμοὶ,
599 2440 666 2469 ἀλλὰ
679 2441 723 2470 καὶ
738 2446 803 2471 πᾶσι
816 2447 870 2475 τοῖς

134 2538 142 2547 -·
163 2528 322 2562 [arwinum
333 2530 406 2555 Colb.
418 2538 441 2556 et
455 2541 533 2566 marg.
547 2534 612 2559 Saxi!
631 2535 636 2567 l

685 156 730 178 AD
756 156 920 179 THESSAL.
950 157 1027 179 CAP-

1058 157 1106 180 ιιι.
1137 157 1255 181 11011111.
1286 158 1334 181 ιιι.
1610 146 1678 195 517

901 222 918 244 E
937 217 1049 257 quidde
1064 219 1112 247 illo
1125 219 1198 248 dicat
1214 233 1219 248 :
1235 219 1337 249 Circuit
1352 219 1460 258 rugiens
1473 226 1501 248 ut
1517 220 1573 257 leo,
1589 220 1681 250 volens
1697 238 1715 254 ι,
1731 233 1798 255 pem
1813 233 1835 255 8.

937 265 1064 304 arripere.
1085 265 1299 295 Innumerabiles
1323 266 1442 306 corporis
1460 266 1613 295 affectiones
1634 277 1681 296 nos

938 310 1080 347 invadunt,
1095 323 1162 350 quas
1176 312 1284 350 quidem
1298 323 1402 341 necesse
1416 319 1454 341 est
1470 323 1604 342 recensere
1618 336 1625 351 ‚
1650 324 1684 343 ne

938 367 985 385 1105
1000 364 1099 386 tcmcre
1121 357 1297 397 decipiamus.
1314 358 1387 393 Quid
1402 359 1485 395 enim,
1502 359 1547 388 dic
1567 371 1657 398 quasso
1673 383 1681 398 ,

938 413 990 431 non
1008 403 1148 432 nobiscum
1162 404 1264 433 bellum
1277 405 1366 443 gerit?
1378 404 1490 440 divitiae,
1499 405 1682 444 pulchritudo,

938 447 1052 485 deliciae,
1064 456 1192 488 potestas,
1211 451 1324 485 invidia,
1340 450 1436 488 gloria,
1451 451 1611 489 arrogantia.
1624 454 1683 481 Nou

937 494 1023 523 solum
1038 496 1108 523 enim
1121 503 1209 525 nostra
1224 497 1324 525 bellum
1340 498 1408 536 gerit
1420 497 1504 536 gloria
1515 519 1524 532 ,
1539 499 1685 536 prohibens

937 549 968 567 nc
988 551 1035 569 nos
1056 541 1230 570 demittamus
1245 542 1279 570 ad
1294 542 1486 581 humilitatem,
1503 545 1549 573 sed
1570 545 1684 573 aliorum

941 595 1047 623 quoque
1061 587 1147 625 gloria
1160 587 1274 616 educens
1286 599 1334 616 nos
1347 589 1381 617 ad
1395 590 1534 618 invidiam.
1550 591 1604 620 Sed
1619 591 1685 629 quid

902 639 918 661 F
940 632 1085 668 contraria,
1102 641 1254 672 paupertas,
1268 634 1414 672 ignominia
1426 657 1435 670 ,
1454 634 1569 674 despici,
1584 637 1684 676 abjici,

939 677 1029 706 nullas
1052 678 1150 708 habere
1167 680 1262 709 vires?
1273 680 1337 709 Haec
1348 681 1457 718 quidem
1472 682 1498 709 in
1512 683 1590 711 1101115
1607 695 1612 710 :
1627 695 1686 721 quae

937 730 1026 752 autem
1042 732 1104 754 sunt
1120 726 1154 754 ab
1168 726 1325 755 hominibus
1336 749 1345 764 ,
1367 727 1513 766 pravitates
1525 751 1532 764 ,
1560 729 1664 758 insidiae
1678 759 1685 770 ,

891 797 926 816 [⁴¹47
937 769 1004 808 doli,
1017 771 1170 810 calumniae,
1186 773 1262 801 mille
1273 773 1527 803 circumventiones.
1554 775 1688 804 Similiter

900 827 918 846 Α
938 827 996 854 quae
1016 825 1102 847 sunta
1116 818 1296 855 daemonibus,
1317 819 1484 859 principatus
1496 843 1503 857 ‚
1519 827 1660 860 potestates
1677 844 1686 859 ,

939 863 1035 892 mundi
1050 872 1165 894 rectores
1186 866 1358 894 tenebrarum
1382 866 1465 905 hujus
1480 868 1580 904 saeculi,
1605 868 1687 908 spiri-

939 911 1023 940 tualia
1042 913 1179 951 nequitiae.
1196 913 1251 941 Alii
1267 924 1360 942 sumus
1382 913 1509 951 laetantes,
1531 915 1576 943 alii
1592 916 1687 944 dolen-

939 963 977 985 tes
994 969 999 985 :
1016 965 1130 997 utraque
1140 966 1202 987 sunt
1216 959 1371 988 declinatio.
1384 959 1438 988 Sed
1455 961 1565 999 sanitas,
1582 962 1629 990 sed
1646 962 1687 990 in-

939 1003 1063 1034 firmitas.
1082 1005 1225 1034 Undenam
1241 1016 1293 1034 non
1312 1007 1576 1046 peccabitquispiam
1592 1008 1604 1036 ἶ)
1620 1010 1688 1038 Vul-

939 1051 974 1079 tis
986 1058 1014 1079 ut
1036 1059 1060 1080 et
1074 1052 1108 1080 ab
1123 1053 1183 1092 ipso
1198 1052 1302 1082 Adamo
1317 1053 1463 1093 incipiens,
1484 1054 1572 1083 dicam
1597 1058 1688 1085 statim

940 1099 974 1128 ab
986 1100 1084 1128 initio?
1094 1101 1162 1139 quid
1173 1102 1369 1141 protoplastum
1379 1102 1448 1140 cepit
1460 1110 1485 1131 et
1497 1105 1687 1143 expugnavit?

941 1144 1075 1183 Voluptas
1094 1152 1119 1174 et
1137 1145 1192 1174 01111
1215 1153 1240 1174 et
1256 1146 1407 1186 imperandi
1422 1146 1596 1176 desiderium.
1612 1149 1688 1183 Quid

939 1190 1012 1219 1111115
1023 1191 1110 1220 11111111]
1128 1192 1173 1230 qui
1188 1202 1249 1220 eum
1262 1199 1300 1220 est
1315 1199 1443 1231 sequutus
1457 1193 1469 1221 Ξ)
1491 1193 1597 1222 Invidia
1610 1202 1634 1223 ct
1649 1195 1687 1223 li-

903 1242 919 1265 B
938 1247 996 1265 vor.
1006 1237 1080 1272 Quid
1090 1248 1134 1266 eos
1143 1238 1189 1277 qui
1198 1239 1305 1267 fuerunt
1316 1246 1435 1278 tempore
1448 1239 1525 1268 Noe?
1537 1240 1688 1280 Corporum

938 1283 1100 1322 voluptates,
1117 1291 1141 1313 et
1163 1296 1222 1323 quae
1237 1296 1271 1314 ex
1287 1285 1324 1314 eis
1347 1293 1492 1314 nascuntur
1511 1287 1590 1316 mala.
1612 1287 1687 1321 Quid

937 1330 995 1368 ejus
1011 1329 1099 1358 filium
1114 1331 1127 1358 ἶ)
1144 1331 1295 1360 Petulantia
1314 1338 1340 1359 et
1364 1331 1446 1360 nimia
1465 1332 1585 1361 licentia.
1611 1333 1685 1370 Quid

936 1375 1090 1404 sodomitas
1106 1377 1118 1404 Ρ
1129 1376 1227 1405 Libido
1238 1384 1261 1405 ct
1272 1377 1396 1406 salacitas
1404 1385 1428 1406 et
1437 1389 1537 1417 panum
1550 1380 1684 1408 saturitas.

936 1421 1014 1460 Saepe
1023 1428 1111 1450 autem
1123 1422 1174 1451 hoc
1189 1433 1296 1461 quoque
1311 1423 1525 1462 facitpaupertas
1541 1436 1547 1451 ε
1564 1432 1686 1465 propter-

935 1478 964 1495 ea
978 1467 1084 1496 dicebat
1106 1468 1218 1506 quidam
1238 1469 1343 1508 sapiens
1356 1481 1362 1497 :
1376 1470 1508 1499 Divitias
1520 1478 1547 1499 et
1559 1482 1684 1511 pauper-

936 1519 1026 1542 tatem
1037 1525 1072 1542 ηε
1082 1515 1195 1543 dederis
1208 1516 1290 1543 mihi.
1305 1515 1364 1544 11110
1380 1526 1444 1544 vero
1460 1526 1507 1544 nec
1519 1516 1623 1546 divitiae
1636 1528 1684 1547 nec

934 1567 1088 1599 paupertas,
1101 1560 1147 1589 sed
1167 1560 1238 1599 quod
1255 1561 1297 1589 his
1317 1562 1438 1600 utrisque
1462 1563 1500 1590 uti
1525 1573 1577 1591 non
1601 1564 1684 1603 possit

933 1605 1050 1635 liberum
1062 1607 1215 1636 arbitrium.
1233 1608 1381 1647 Agnosce,
1391 1608 1490 1647 inquit,
1501 1610 1682 1648 quodlrans-
1693 1628 1760 1650 Eccli
1770 1636 1793 1658 9·
1803 1629 1836 1652 ,3-

935 1654 1003 1681 isin
1019 1654 1113 1681 medio
1132 1654 1312 1693 laqueorum.

975 1700 1002 1728 5.
1020 1699 1226 1728 Admirabiliter
1239 1699 1311 1728 dixit
1328 1700 1424 1729 beatus
1437 1702 1537 1730 Paulus
1553 1714 1558 1730 :
1577 1705 1614 1731 In
1627 1704 1683 1732 lzoc

932 1748 1021 1785 positi
1034 1757 1142 1775 sumus.
1159 1747 1218 1775 Non
1240 1747 1311 1776 dixit
1327 1747 1426 1785 solum,
1437 1750 1603 1786 Tem-amur,
1619 1751 1681 1786 sed,

933 1795 971 1820 In
993 1794 1047 1821 hoc
1061 1795 1152 1831 positi
1169 1804 1288 1830 s1cmu53
1306 1804 1336 1822 ac
1351 1795 1372 1822 si
1385 1794 1485 1823 diceret
1496 1818 1504 1832 ,
1519 1796 1548 1824 111
1564 1796 1614 1825 hoc.
1627 1797 1682 1825 nati

933 1850 1036 1867 sumus.
1052 1839 1110 1867 Hoc
1124 1846 1164 1867 est
1178 1846 1300 1867 nostrum
1314 1850 1413 1868 munus
1429 1847 1454 1869 et
1469 1841 1590 1869 officium
1601 1864 1608 1878 ‚
1625 1842 1683 1871 lime

933 1890 971 1912 cst
986 1883 1042 1912 vita
1056 1890 1164 1918 nostra,
1182 1890 1207 1911 et
1220 1890 1248 1911 tu
1260 1883 1357 1921 quaeris
1368 1884 1484 1922 quictem
1497 1885 1510 1912 ,⁰
1526 1886 1586 1913 Non
1601 1885 1682 1915 instat

933 1929 1011 1958 lictor
1033 1930 1104 1958 latus
1124 1930 1258 1966 lacerans,
1281 1937 1305 1958 et
1325 1940 1423 1969 cogens
1444 1931 1612 1969 sacrificare;
1635 1932 1681 1961 sed

933 1978 1013 2007 instat
1036 1978 1179 2007 vehemens
1205 1977 1324 2016 pecuniae
1344 1978 1479 2017 cupiditas
1501 1986 1525 2008 et
1547 1980 1679 2015 avaritia,

933 2024 1010 2052 nobis
1021 2023 1152 2052 effodiens
1167 2023 1268 2054 oculos,
1286 2023 1385 2052 Nullus
1406 2024 1483 2053 miles
1496 2025 1572 2053 nobis
1585 2036 1679 2055 accen-

893 2081 911 2104 0
929 2071 970 2099 (111
986 2082 1096 2110 rogum,
1114 2082 1163 2100 nec
1184 2081 1231 2100 nos
1250 2071 1363 2110 imponit
1390 2072 1524 2100 craticulae
1537 2084 1545 2109 3
1560 2072 1605 2101 sed
1618 2084 1678 2102 cor-

1696 1489 1836 1514 Pt·1w.3o.8.

930 2129 1026 2157 porum
1041 2118 1218 2147 inflammatio
1232 2117 1317 2156 magis
1331 2129 1412 2156 quam
1424 2118 1470 2146 illa
1485 2119 1605 2148 accendit
1617 2121 1679 2149 ani-

931 2175 1012 2193 mam.
1030 2165 1089 2193 Non
1103 2164 1179 2193 adest
1199 2175 1247 2193 rex
1259 2164 1328 2192 bona
1345 2164 1504 2203 promittens
1519 2165 1678 2195 innumera-

930 2210 1007 2245 bilia,
1023 2217 1048 2239 et
1064 2211 1168 2250 pudore
1180 2211 1299 2239 afficiens
1311 2222 1318 2246 3
1332 2210 1378 2239 sed
1390 2211 1467 2239 adest
1478 2212 1588 2241 insanus
1602 2224 1679 2243 amor

929 2255 1022 2291 gloria>
1040 2266 1099 2293 quae
1114 2254 1176 2294 plus
1190 2265 1270 2293 quam
1293 2255 1340 2283 ille
1359 2255 1449 2284 titillat
1465 2263 1489 2284 ct
1505 2256 1598 2285 allicit.
1615 2260 1678 2286 Ma-

929 2310 1013 2338 gnum
1027 2310 1120 2329 revera
1135 2299 1251 2335 bellum,
1269 2307 1294 2329 et
1308 2300 1390 2328 valde
1404 2311 1532 2340 magnum
1548 2303 1570 2331 si
1587 2304 1678 2342 sapia—

929 2356 988 2374 mus
1019 2353 1045 2374 et
1069 2345 1154 2374 simus
1176 2345 1259 2374 sobrii
1282 2358 1288 2373 :
1311 2346 1391 2374 habet
1422 2358 1533 2377 coronas
1560 2360 1677 2388 praesens

1687 2427 1699 2434 a

927 2404 1034 2433 quoque
1048 2400 1153 2433 tempus
1167 2406 1173 2421 ι
1192 2393 1255 2423 audi
1265 2395 1381 2424 Paulum
1391 2394 1523 2425 dicentem
1539 2410 1545 2425 z
1562 2398 1609 2426 De
1617 2409 1672 2427 cae-
1687 2435 1708 2441 -.

927 2449 988 2471 lero
1009 2443 1134 2480 reposita
1155 2447 1195 2470 est
1219 2442 1291 2470 mihi
1305 2452 1415 2471 corona
1429 2445 1562 2482 justilioe,
1584 2457 1672 2484 quam
1685 2452 1707 2474 8.
1731 2421 1790 2442 sz.
1805 2420 1830 2451 '5'
