1887 2855
118 299 203 318 1ιι.>,ι.
220 296 254 317 26

114 844 186 871 Quum
205 844 256 865 suti-

114 876 140 896 Ιι5
151 880 231 896 orator

266 145 337 191 9²3

268 218 363 254 Opem:
384 213 496 257 pretinm
515 218 603 240 autem
621 212 714 249 fuerit,
731 222 778 241 ιιο5
792 212 866 240 illam
881 222 939 250 qnae
956 212 1004 241 Ιιο-

269 255 313 283 die
328 255 353 281 in
366 252 490 281 licclesiis
504 251 664 290 praedicatui
679 251 746 279 sacri
762 251 903 290 Evangelii
914 262 1004 280 vocem

270 294 388 333 luetone
409 303 414 318 ε
432 293 534 319 Mense
552 297 634 319 serto
655 293 757 319 missus
781 297 823 319 est
845 292 1007 330 archange-

271 333 315 360 lus
351 332 439 359 Gabr·⁵
434 331 470 358 ‘fl
490 341 508 358 a
535 331 598 358 Deo
623 331 655 357 in
675 332 822 358 civitatem
850 331 1006 368 Galz'loeae,

269 373 317 399 cui
331 381 394 398 nom
399 381 435 398 en
449 371 586 403 Nazaret,
599 370 638 397 nd
649 372 791 408 virginem
802 370 1007 408 desponsatam

268 412 344 444 vira,
362 412 410 438 σιιί
424 419 529 437 nomen
542 415 603 437 erat
620 410 746 447 loseph,
763 410 799 437 de
814 410 899 437 domo
913 415 939 437 et
949 411 1008 449 sa—

268 450 352 477 milla
375 450 441 477 Dan·
437 450 496 476 =id.·
514 454 541 476 et
558 458 662 476 nomen
686 450 810 487 virginis
834 450 944 476 Uaria.
967 450 1007 477 Et

267 492 412 527 ingressus
433 488 554 526 angelus
569 488 610 515 ad
629 498 692 516 eam
709 488 808 516 dixit:
821 488 888 515 Ave

265 529 364 566 plena,
378 528 520 555 Domtnus
531 533 643 555 tecwn:
658 528 809 555 benedicta
820 534 850 555 tu
866 529 897 555 in
907 527 1042 555 muliAe-

267 569 356 595 rtlms.
375 568 465 595 Mense
490 573 580 601 sexto,
597 577 658 594 cum
672 567 729 605 jam
750 566 892 594 Zachmias
909 567 943 594 ob
967 567 1007 594 in-

267 606 452 635 credulitatem
473 613 564 634 mutus
579 606 663 634 factus
677 612 743 634 essct
753 627 760 639 ‚
772 615 834 634 cnm
845 607 901 645 jam
918 606 1006 634 Elisa-

268 646 312 674 bct
325 646 534 685 inexspectatum
551 655 656 673 ramum
671 645 854 683 germinasset,
870 655 931 673 cnm
949 646 1005 689 jain

269 686 389 724 Baptista
413 687 528 714 loannes
550 695 595 713 sex
621 695 751 713 mensmm
774 691 878 724 tempus
894 685 919 712 in
937 685 1005 712 uteri

267 735 370 753 earcere
383 725 509 762 haba—‚ct
525 735 586 752 cum
600 725 653 762 jam
670 734 818 763 pra-cursor
832 731 1007 762 appararetui

268 764 295 792 in
311 764 395 792 sterili
410 764 483 800 loco,
495 774 556 792 cnm
568 765 624 808 jam
640 763 747 791 lucerna
763 763 875 800 fulgeret
894 774 920 791 ιιι
937 770 1007 791 tenc—

267 803 354 832 brosis
374 803 442 832 uteri
458 803 538 836 locis;
559 804 656 831 missus
670 810 707 831 est
723 813 737 829 a
752 803 813 831 Sole
822 802 940 846 justitiae
954 813 1005 830 an-

268 843 343 881 gelus
358 843 477 871 Gabriel.
502 842 587 878 Abiit,
608 842 712 879 inquit.
728 842 754 869 in
774 841 910 869 civitatem
925 842 1005 870 Gali-

268 883 322 911 laeae
342 883 470 913 Nazaret
486 881 517 909 ad
535 881 668 925 viiginem
690 881 805 908 Mariam
822 880 1006 918 desponsatam

268 921 376 965 Joseph
383 921 479 949 labro.
495 931 543 958 ego
555 931 625 948 enim
637 920 710 948 saber
723 920 787 948 univ
790 930 854 948 crsze
871 927 1006 956 creatum,

267 961 337 989 hanc
352 960 484 998 virginem
497 959 532 988 ad
551 960 664 987 salutem
684 959 824 987 hominnm
837 958 1005 997 desponsavi.

268 1000 419 1028 praenuntia
435 999 475 1028 illi
497 1009 586 1027 meum
602 999 628 1026 in
645 998 720 1027 illam
740 998 796 1027 sine
813 999 930 1027 tumultu
953 999 1006 1027 ad—

266 1046 387 1075 ventum,
402 1050 434 1067 ne
449 1039 487 1067 rei
501 1038 583 1067 inscia
598 1038 674 1076 virgo
688 1037 829 1066 turbetur:
845 1038 919 1076 prius
931 1038 1006 1066 illam

265 1079 333 1108 doce
346 1079 513 1108 clementiam
526 1088 621 1113 meam,
635 1088 686 1115 qua
698 1088 732 1105 ex
743 1078 789 1105 illa
806 1077 867 1106 volo
883 1084 912 1105 ut
927 1077 1006 1106 homo

266 1119 294 1147 in
311 1117 443 1146 mundum
465 1118 581 1161 prodire.
597 1117 748 1145 Praenuntia
765 1117 803 1145 illi
819 1117 1004 1155 oeconomiam,

267 1168 298 1186 ne
320 1164 459 1197 conspecto
473 1157 610 1202 repentino
630 1157 731 1185 ventiis
745 1163 849 1185 tumore
865 1157 1006 1195 peituibe-

267 1204 319 1226 tui.
333 1199 392 1227 ,lam
410 1207 517 1225 cursum
533 1196 649 1235 perfice:
661 1196 717 1224 illic
730 1196 801 1224 enim
817 1207 858 1224 me
873 1206 986 1234 iepeiies
998 1219 1006 1232 ,

266 1243 356 1274 quote
370 1247 439 1264 nunc
455 1236 550 1270 mitto,
567 1243 644 1273 teque
654 1236 816 1274 praexeniam
831 1235 874 1263 hic
889 1246 1005 1264 maneus.

268 1276 326 1314 Ego
345 1282 370 1304 ct
391 1282 452 1304 ante
467 1282 492 1304 te
507 1282 532 1303 et
551 1282 609 1314 post
624 1282 650 1303 te
663 1275 797 1313 ingredior
816 1275 850 1303 ad
875 1275 965 1309 illauu
979 1282 1006 1303 tu

267 1315 377 1344 nuntius
393 1322 448 1343 esto
463 1314 632 1354 piosectionis
653 1325 739 1351 meae,
755 1321 779 1343 et
795 1325 843 1353 ego
860 1314 1007 1343 invisibili-

267 1361 307 1383 ter
329 1354 485 1392 adveniens,
499 1365 591 1382 vocem
614 1361 689 1382 tuam
707 1354 833 1393 operibus
847 1354 1003 1391 obsignabo.

267 1395 293 1423 V
296 1394 339 1422 olo
353 1395 423 1422 enim
439 1394 466 1422 in
479 1394 599 1432 viigineo
616 1400 691 1422 utero
711 1392 851 1422 hominum
872 1403 954 1432 genus
968 1404 1008 1421 re-

268 1443 385 1461 novare:
400 1434 462 1462 volo
476 1424 677 1477 attemperando
694 1433 869 1467 me,ite1=1m
894 1433 1008 1461 conssaie

268 1473 428 1510 imaginem,
442 1483 522 1510 quam
535 1472 669 1500 formavi:
687 1472 748 1500 volo
762 1482 830 1500 nova
852 1472 1009 1501 fotmatione

269 1518 385 1540 veterem
404 1513 589 1540 formationem
604 1521 732 1554 reparare.
748 1512 792 1539 Ex
811 1518 880 1539 teria
905 1511 1009 1549 virgine

268 1557 385 1579 veterem
399 1551 535 1579 hominem
554 1550 686 1579 formavi:
701 1561 779 1588 quem
794 1557 929 1589 arreptum
950 1550 1008 1579 dia-

269 1590 347 1618 bolus
362 1597 391 1618 ut
406 1590 542 1618 inimicum
555 1590 672 1618 detraxit
686 1597 711 1618 et
725 1589 831 1628 dejecit,
846 1600 876 1617 ac
887 1600 951 1617 meze
962 1589 1007 1618 de-

269 1629 373 1668 lapsae
366 1630 476 1668 imagini
494 1630 588 1657 illusit.
604 1629 675 1658 Volo
695 1639 766 1657 nunc
787 1639 835 1667 ego
848 1639 882 1657 ex
902 1629 1008 1667 virgine

269 1676 339 1697 terra
353 1669 420 1697 mihi
435 1669 561 1707 effingere
576 1679 677 1697 novum
694 1668 836 1703 Adamum,
848 1675 877 1696 ut
889 1675 913 1696 et
927 1675 1007 1696 natu—

270 1719 299 1736 ra
314 1719 362 1747 pro
376 1718 403 1736 se
418 1714 606 1752 congruentem
619 1707 797 1735 defensionem
810 1714 901 1751 paret,
912 1714 937 1735 et
949 1709 1008 1746 jure

270 1754 410 1776 coionctur
433 1747 467 1775 ab
496 1758 526 1776 eo
549 1748 596 1784 qui
623 1747 718 1785 dejecit
740 1746 1009 1790 eam‚1n1micusque

270 1787 416 1841 ignominia
438 1787 580 1815 afficiatur
603 1787 627 1815 O
651 1768 824 1824 indulgentia?
849 1796 1009 1814 immensum

270 1824 398 1870 pelagus.
410 1826 535 1854 odivinae
557 1825 729 1869 benignitatis
744 1824 858 1853 altitudo
880 1825 1007 1855 infinita!

270 1875 323 1894 non
340 1865 412 1894 misit
431 1876 479 1894 rex
502 1865 600 1894 multos
623 1864 730 1893 nuntios
751 1871 798 1893 aut
817 1875 1008 1902 praeuusotes:

269 1915 322 1933 non
339 1905 422 1934 movit
437 1911 540 1933 creator
558 1905 690 1933 exercitus
713 1904 929 1948 incorporearum
951 1904 1009 1932 vir—

271 1951 371 1981 tutum,
387 1944 432 1973 sed
454 1954 538 1972 unum
560 1950 664 1972 tantum
685 1943 810 1982 angelum
825 1943 864 1971 sui
880 1943 1011 1972 adventus

270 1984 454 2022 praenuntium
467 1994 523 2012 esse
535 1983 626 2022 jussit,
641 1990 670 2011 ut
684 1994 732 2022 per
746 1993 824 2011 unius
839 1983 1012 2020 significatio-

272 2033 332 2051 nem
346 2031 457 2051 matrem
478 2034 505 2052 se
528 2030 712 2067 suscepturam
739 2022 877 2050 certiorem
903 2023 1009 2051 sacelfflet

272 2062 387 2091 Advenit
408 2063 491 2101 igitur
511 2062 546 2090 ad
561 2073 694 2101 virginem
710 2062 825 2090 Mariam
846 2061 972 2100 angelus,
987 2069 1013 2090 et

271 2102 407 2140 ingressus
418 2102 453 2130 ad
466 2112 523 2130 eam
535 2101 615 2137 dixit,
625 2101 694 2129 Ave
704 2103 801 2140 gratia
812 2101 924 2139 plena„
938 2101 1012 2129 Con-

273 2152 377 2170 servam
391 2142 497 2170 vocavit
515 2148 544 2169 ut
560 2124 715 2174 dominam,
731 2147 756 2168 et
771 2147 800 2168 ut
814 2150 872 2168 eam
886 2151 944 2178 quae
956 2141 1013 2178 jam

272 2188 339 2209 esset
362 2188 445 2209 mater
468 2180 588 2209 Domini.
604 2180 671 2208 Ave
693 2182 791 2219 gratia
812 2180 911 2218 plena.
923 2180 1013 2208 Prisca

274 2219 320 2247 illa
335 2227 419 2248 mater
433 2227 478 2248 tua
494 2220 553 2249 Eva
567 2220 652 2258 legem
669 2226 841 2258 transgressa,
857 2219 1013 2247 sententiam

274 2259 374 2303 accepit
387 2266 416 2287 ut
430 2260 457 2288 in
471 2259 562 2288 dolore
576 2265 680 2303 pareret
696 2259 786 2287 filios·
780 2258 848 2286 ·tibi
861 2269 924 2287 vero
937 2269 1014 2287 com-

277 2298 342 2336 petit
355 2298 436 2336 illud,
449 2299 481 2327 A
484 2310 525 2327 ve
539 2298 590 2327 Illa
605 2298 719 2327 Cainum
733 2298 847 2342 peperit,
855 2305 879 2326 et
893 2298 1014 2343 hacpro-

277 2337 303 2365 le
315 2338 446 2367 invidiam
460 2344 485 2366 et
502 2337 617 2366 caedem:
629 2344 657 2366 tu
671 2348 734 2366 vero
758 2348 845 2376 paries
867 2337 954 2365 filium
968 2337 1015 2366 vi-

279 2383 333 2404 tam
358 2384 383 2406 et
406 2378 631 2416 incorruptionem
648 2377 811 2405 afferentem
826 2378 882 2406 Ave
904 2387 975 2405 nunc
991 2383 1016 2405 et

278 2415 387 2444 choreas
407 2426 472 2454 age:
486 2427 534 2444 ave
557 2423 582 2445 et
603 2416 676 2445 calca
696 2416 824 2455 sementis
838 2423 936 2455 caput:
950 2416 1017 2444 Ave

276 2456 374 2491 gratia
386 2456 483 2492 plena.
494 2456 585 2484 Cessat
600 2455 771 2489 maledictio,
786 2456 906 2484 aufertur
920 2466 1016 2484 corru—

278 2493 344 2531 ptio,
361 2494 446 2522 tristia
462 2502 658 2530 emarcuerunt,
673 2495 732 2523 laeta
747 2495 854 2529 florent,
869 2495 943 2524 adest
963 2495 1016 2523 bo-

279 2543 343 2561 num
364 2544 378 2561 a
399 2533 536 2572 prophetis
561 2534 625 2562 olim
647 2533 829 2573 praedicatum.
845 2535 886 2563 Tc
901 2534 1017 2574 Spiritus

993 152 1084 176 snum
1090 153 1122 176 Α.

1059 213 1126 245 Θεὸς
1137 213 1238 251 ἐγένετο
1248 225 1292 242 και
1304 214 1436 263 ἄνθρωπος
1447 217 1461 244 ὁ
1475 215 1670 263 φιλάνθρωπος·
1686 216 1740 248 πῶς
1754 217 1767 244 ὁ
1780 217 1826 250 της

1061 253 1222 288 δικαιοσύνης
1236 253 1308 287 ἥλιος
1318 253 1442 292 ἀνάψας’
1431 266 1457 282 εν
1470 256 1554 283 ἑαυτιῒι
1565 255 1608 283 τὸν
1620 255 1710 293 λύγνον
1720 258 1765 283 τοῦ
1775 255 1826 284 σώ-

1061 303 1155 329 ματος,
1170 292 1273 330 περιῄει
1283 303 1377 320 παντα
1390 294 1418 320 οῧ
1431 295 1513 327 ζητῶν
1524 295 1570 328 τὴν
1579 295 1760 331 ἀπολλυμένην
1769 295 1827 332 δρα-

1060 332 1150 369 χμήν·
1173 334 1230 363 πῶς
1260 333 1274 359 ὁ
1301 304 1401 368 ποιμᾷν
1420 333 1434 359 ὁ
1455 332 1532 364 καλὸς
1555 334 1587 370 τῇ
1611 334 1674 372 δορᾷ
1697 345 1741 361 του
1762 345 1827 371 προ·

1061 370 1141 398 ὅάτου
1174 370 1221 405 τὴν
1254 370 1351 399 οἰκείαν
1372 369 1498 420 καλύψας
1525 364 1633 405 Θεότητα
1656 372 1826 421 περιέτρε7ε,

1062 411 1148 437 κοιλιην
1162 410 1226 448 πρὸς
1247 409 1337 438 ἑαυτὸν
1352 409 1385 437 τὰ
1398 409 1558 447 πλανώμενα
1570 410 1704 460 πρόῧατα,
1721 411 1766 439 καὶ
1783 411 1826 439 λέ-

1062 460 1115 484 γων
1126 460 1191 487 προς
1205 449 1328 485 ἕκαστον,
1340 448 1413 487 Εγώ
1422 451 1476 486 εἰμι
1486 451 1499 477 ὁ
1509 448 1608 486 ποιμὴν
1619 452 1633 477 ὅ
1642 450 1728 482 καλός.
1740 451 1826 499 Αναγ-

909 495 1006 526 gralia
1017 495 1053 514 539
1063 499 1136 516 καιον
1153 489 1179 516 δὲ
1199 491 1271 526 ἡμᾶς
1290 489 1371 516 εἰπεῖν
1391 499 1435 515 και
1451 487 1498 522 τὴν
1513 489 1627 527 σήμερον
1644 489 1669 516 ἐν
1686 493 1742 522 ταῖς
1759 489 1825 518 Ἐκ-

1062 527 1184 562 κλησιαις
1198 529 1374 576 κηρυ7θεῖσαν
1385 539 1437 555 των
1449 527 1528 565 ἁγίων
1544 528 1566 555 E
1568 527 1712 565 ὐαγγελίων
1720 529 1823 567 φωνήν·

1061 568 1108 606 ''21ss
1129 567 1192 614 μηνὶ
1206 579 1244 605 τῳ
1258 567 1327 594 ἕκτω
1344 566 1480 600 ἀπεστάλη
1494 569 1507 595 ὁ
1522 567 1618 615 ἀρ7άγ
1617 568 1683 616 (ελος
1707 568 1717 595 l
1721 567 1825 606 αὸριὴλ

1061 607 1110 634 ὑπὸ
1124 608 1169 634 τοῦ
1185 596 1254 634 Θεοῦ
1266 606 1301 638 εἷς
1311 606 1387 635 πόλιν
1402 608 1448 640 τῆς
1466 605 1624 642 Ιαλιλαίας,
1638 606 1683 644 ᾑ”
1669 617 1752 654 ονομα
1767 607 1822 635 Να-

1060 644 1138 683 ζαρὲτ
1144 667 1151 678 ,
1168 645 1232 695 πρὸς
1245 645 1371 683 παρθένον
1388 645 1617 683 μεμνηστευμένην
1634 638 1723 693 ἀνδρι,
1732 647 1754 684 ᾡ
1768 645 1824 674 ὄνο-

1061 696 1099 720 μα
1118 684 1216 723 Ιωσὴφ
1228 707 1236 720 ,
1263 684 1289 717 ἐξ
1314 684 1384 712 οἴκου
1406 696 1451 712 και
1476 689 1589 722 πατριᾶς
1608 684 1704 713 Δαυίδ”
1729 673 1775 712 καὶ
1794 684 1824 713 τὸ

1060 723 1142 760 ὄνομα
1156 725 1202 757 τῆς
1215 723 1342 765 παρθένου
1358 724 1480 762 Μαριάμ.
1492 724 1544 752 Και
1556 723 1677 752 εἷσελθων
1687 726 1700 752 ὁ
1717 723 1824 762 ἄγγελος

1059 763 1124 800 πρὸς
1135 762 1214 798 αὐτην
1229 766 1297 791 εἶπε·
1311 767 1387 814 χαῖρε
1401 763 1610 813 κεχαριτωμένη,
1625 765 1639 792 ὁ
1651 763 1745 802 Κύριος
1757 762 1823 800 μετὰ

1061 813 1117 829 σου·
1141 786 1302 840 εὐλογημένη
1326 802 1356 831 συ
1374 804 1399 831 ἐν
1417 802 1527 852 γυναιξί.
1548 803 1595 850 Τῳ
1613 803 1675 840 μηνὶ
1689 804 1726 840 τῷ
1740 802 1823 842 ἕκτω,

1060 841 1111 875 ἤδη
1128 852 1174 869 του
1198 842 1302 880 Ζαχά
1295 853 1332 869 ιου
1354 842 1397 870 διὰ
1412 841 1459 876 τὴν
1475 840 1598 870 ἀπιστίαν
1612 844 1644 880 τῇ
1657 841 1759 880 ἀφωνία
1774 853 1825 870 κα-

1060 881 1167 919 τακριθέ
1169 893 1238 917 ντος,
1266 891 1317 915 ηοη
1341 892 1387 915 της
1408 880 1551 909 Ἐλισοίόετ
1577 881 1762 918 βλαστησάσης
1780 892 1823 909 τον

1062 920 1258 971 ἀπροσδόκητον
1288 919 1424 954 κλάδον,”
1408 920 1459 954 ηὸη
1475 922 1520 948 τοῦ
1536 921 1686 948 nummo&
1703 920 1824 948 Ἰωάννου

1060 971 1152 998 7ρονον
1167 959 1362 997 ἑξαμηνιαῖον”
1349 971 1452 998 ε7οντος
1463 961 1489 987 ἐν
1503 971 1540 987 τω
1551 961 1597 993 τῆς
1610 958 1709 990 κοιλίας
1721 959 1825 996 δεσμω-

1060 999 1144 1037 τηρίω
1153 1020 1160 1033 ,
1175 999 1226 1033 ἤδη
1240 1002 1285 1027 τοῦ
1296 998 1445 1048 προδρόμου
1459 990 1747 1047 προευτρεπισθέντος’
1737 1010 1762 1026 εν
1774 1002 1827 1031 τοῖς

1061 1050 1108 1072 της
1122 1038 1282 1077 στειρώσεως
1300 1039 1387 1070 τόποις
1397 1060 1404 1073 ,
1420 1038 1471 1073 ἤδη
1497 1040 1541 1065 τοῦ
1567 1036 1662 1085 λύχνου
1677 1037 1826 1075 λάμποντος

1061 1079 1087 1106 ἐν
1100 1082 1153 1109 τοῖς
1168 1082 1309 1110 σκοτεινοῖς
1329 1078 1418 1110 τόποις
1427 1080 1474 1112 τῆς
1491 1088 1616 1116 γαστρος,
1628 1077 1764 1111 ἀπεστάλη
1776 1077 1827 1105 ὑπὸ

1061 1119 1105 1146 τοῦ
1117 1117 1192 1151 ἡλίου
1202 1119 1249 1151 τῆς
1263 1117 1426 1152 δικαιοσύνης
1443 1119 1456 1145 ὁ
1471 1117 1579 1155 ἄγγελος
1593 1117 1614 1145 l
1617 1116 1721 1154 αὔριηλ.
1732 1116 1828 1145 Ἀπελ-

1062 1160 1105 1191 θε,
1118 1168 1208 1195 φησιν,
1225 1158 1261 1189 εἷς
1275 1157 1321 1192 τὴν
1336 1158 1411 1185 πολιν
1420 1169 1466 1191 τις
1482 1155 1625 1188 Γαλιλαίας
1635 1155 1682 1190 τὴν
1695 1155 1825 1205 Ναζαρὲτ,

1061 1197 1125 1245 πρὸς
1138 1196 1186 1230 τὴν
1201 1196 1326 1234 παρθενον
1342 1196 1455 1246 Μαριὰμ
1473 1195 1520 1230 τὴν
1544 1195 1775 1233 μεμνηστευμένην
1789 1196 1826 1233 τῷ

1061 1236 1163 1264 τέκτονι
1170 1236 1269 1285 'lom-m?
1279 1248 1285 1253 ·
1298 1236 1348 1274 ἐγω
1360 1235 1394 1270 γὰ
1439 1237 1452 1263 ὁ
1466 1235 1565 1263 τέκτων
1573 1236 1620 1268 τῆς
1631 1236 1692 1268 ὅλης
1703 1234 1826 1270 κτίσεως,

1060 1275 1108 1310 τὴν
1120 1275 1246 1314 παρθένον
1258 1275 1375 1310 ταύτηνς
1366 1248 1427 1303 ἐπς
1422 1274 1539 1313 σωτηρία
1555 1286 1606 1302 των
1622 1273 1764 1312 ἀνθρώπων
1776 1285 1826 1311 με-

1063 1326 1238 1365 μνηστευμαι.
1253 1315 1429 1365 Προμηνυσον
1442 1315 1507 1365 αὐτῇ
1525 1313 1571 1348 τὴν
1591 1312 1658 1351 ἐμὴν
1668 1313 1732 1362 πρὸς
1746 1313 1826 1347 αὐτὴν

1063 1354 1196 1405 ἀτάρα7ον
1212 1355 1367 1404 παρουσίαν,
1381 1366 1421 1382 ινα
1439 1353 1474 1391 μὴ
1489 1364 1571 1392 7ωρις
1579 1351 1749 1391 προγνώσεως
1762 1353 1826 1380 ὓπο-

1063 1393 1189 1431 δεξαμένη
1206 1406 1238 1431 με
1249 1397 1266 1428 ἡ
1281 1394 1406 1443 παρθένος
1421 1393 1564 1442 flopufiqOffi’·
1561 1391 1730 1443 γπροδίδαξον
1744 1390 1826 1426 αὐτὴν

1063 1433 1110 1468 τὴν
1139 1433 1205 1470 ἐμὴν
1225 1432 1430 1482 φιλανθρωπίαν,
1453 1433 1484 1460 δι’
1501 1431 1558 1465 ἦν’
1547 1431 1572 1464 εξ
1596 1431 1677 1465 αὐτῆς
1699 1430 1826 1469 βούλομαι

1063 1473 1196 1511 προελθεῖν
1215 1473 1250 1504 εἷς
1265 1472 1308 1499 τὸν
1324 1471 1421 1509 κόσμον
1436 1473 1471 1502 ὡς
1490 1471 1638 1518 ἄνθρωπος,
1661 1470 1704 1498 ινα
1719 1481 1827 1508 προμα-

1064 1514 1143 1540 θουσα
1154 1512 1184 1540 τὸ
1198 1511 1422 1548 οἷκονομούμενον,
1437 1512 1472 1542 εἷς
1492 1510 1522 1538 τὸ
1539 1508 1694 1546 τελούμενον
1708 1509 1745 1546 μὴ
1760 1511 1826 1558 θαμ-

1063 1551 1145 1589 ὃηθῃ·
1156 1550 1316 1589 προκήρυξον
1330 1550 1378 1585 τὴν
1394 1549 1552 1587 οἰκονομίαν,
1566 1548 1609 1577 ἵνα
1626 1548 1662 1586 μὴ
1679 1547 1826 1586 θεασαμένη

1061 1602 1108 1624 της
1120 1602 1230 1628 γαστρος
1242 1591 1322 1623 αὖτ’ἧς
1335 1590 1378 1618 τὸν
1397 1589 1473 1628 ὄγκον
1486 1588 1606 1637 ἐξαίφνης
1621 1587 1763 1626 υψούμενον
1781 1599 1828 1615 τα-

1064 1632 1158 1668 ρα7θη.
1170 1629 1241 1664 Ἤδη
1256 1641 1294 1667 τῳ
1311 1629 1416 1680 ςΙδρόμω,
1434 1628 1481 1663 τὴν
1496 1627 1603 1668 πορείαν
1617 1627 1756 1660 ἐξάνυσον·
1771 1627 1826 1656 ἐκεῖ

1062 1670 1131 1707 γάρ
1127 1681 1159 1697 υιε
1181 1669 1297 1717 ευρήσεις
1308 1668 1371 1697 ὅπου
1383 1680 1480 1705 πεμπω
1496 1679 1524 1695 σε
1548 1679 1606 1696 νυν”
1622 1668 1676 1696 ε’κεῑ
1700 1678 1729 1695 σε
1759 1677 1827 1705 προ-

1062 1708 1151 1757 φθάνω
1164 1707 1248 1746 μένων
1263 1709 1383 1736 ενταυθα.
1396 1696 1468 1745 Εγι)
1479 1719 1523 1735 και
1533 1706 1584 1745 πρὸ
1597 1718 1641 1735 σου
1659 1706 1703 1734 καὶ
1718 1705 1786 1743 μετὰ
1800 1705 1829 1735 σὲ

1063 1759 1217 1786 εισερ7ομαι
1243 1758 1307 1785 προς
1329 1746 1426 1780 αὐτην·
1450 1758 1482 1774 συ
1507 1746 1615 1783 κόμισον
1637 1745 1671 1774 τὰ
1695 1747 1743 1779 τῆς
1763 1746 1829 1783 ἒμης

1065 1786 1176 1825 ἀφίξεως
1190 1786 1343 1824 εὐαγγέλια,
1368 1798 1402 1814 κα
1404 1798 1442 1824 (ω
1463 1785 1673 1834 παραγενόμενος
1696 1784 1829 1835 ἀοράτως,

1063 1830 1116 1858 τοῖς
1128 1826 1212 1865 ἔργοις
1227 1826 1274 1860 τὴν
1288 1825 1335 1860 σὴν
1347 1836 1415 1863 σφρα
1417 1825 1483 1874 γίσω
1494 1824 1592 1863 φωνήν.
1607 1824 1685 1853 Θέλω
1696 1823 1746 1871 γὰρ
1757 1825 1783 1852 ἐν
1795 1826 1827 1862 τῇ

1064 1867 1208 1903 παρθενικῇ·
1224 1864 1299 1900 νηδύϊ
1311 1867 1363 1892 τῶν
1376 1863 1531 1913 ἀνθρώπων...
1537 1864 1683 1891 ἀνανεῶσαι
1696 1862 1726 1891 τὸ
1742 1862 1828 1900 γένος·

1064 1904 1131 1932 θέλω
1145 1916 1246 1941 συγκατ
1237 1904 1381 1935 ,αὸατικῶς
1396 1904 1594 1941 ἀναγωνευσαι,
1610 1903 1641 1937 ἣν
1666 1901 1768 1930 ἔπλασα
1786 1903 1827 1930 εἷ-

1065 1943 1145 1972 κόνα·
1161 1945 1228 1972 θέλω
1251 1945 1328 1981 καινῇ·
1353 1942 1449 1971 πλάσει
1468 1944 1636 1990 θεραπευσαι
1645 1940 1693 1976 τὴν
1716 1941 1827 1989 ἀρχαίαν

1065 1983 1217 2012 διαπλασιν.
1235 1982 1285 2011 Εκ
1295 1982 1423 2021 παρθένου
1437 1993 1485 2019 γης
1498 1981 1600 2010 ἔπλασα
1612 1992 1656 2009 τον
1665 1981 1826 2018 πρωτοπλα-

1066 2033 1126 2050 στον
1151 2025 1301 2071 ἄνθρωπον·
1324 2023 1420 2050 ἐκεῖνον
1450 2021 1476 2048 δὲ
1500 2019 1588 2049 λαὸων
1609 2022 1622 2048 ὁ
1646 2019 1765 2052 διάὸολος
1793 2021 1829 2052 ὡς

1066 2062 1157 2100 ἔγθρὸν
1175 2061 1314 2100 περιέσυρε
1327 2071 1371 2089 και
1381 2072 1432 2089 κατ
1418 2060 1526 2095 &Gal-z,
1540 2071 1585 2087 και
1598 2071 1644 2093 της
1656 2060 1721 2096 ἐμης
1733 2058 1829 2091 εἰκόνος

1066 2101 1196 2136 πεσούσης
1216 2100 1365 2133 κατέπαιξε.
1383 2082 1526 2148 Βούλομαιι,
1528 2102 1572 2127 νῦν
1592 2097 1643 2136 ἐγω
1656 2100 1686 2127 ἐκ
1699 2099 1747 2132 τῆς
1756 2109 1828 2136 παρ-

1067 2141 1138 2169 θένου
1154 2143 1202 2191 γῆς
1216 2141 1322 2179 ἐμαυτιιι
1335 2139 1478 2187 περιπηξαι
1496 2137 1552 2166 νέον
1575 2137 1674 2187 Ἀδὰμ,
1688 2137 1731 2166 ἵνα
1754 2149 1798 2166 και
1812 2139 1829 2172 ἡ

1066 2180 1141 2229 φύσις
1156 2179 1222 2219 ὑπὲρ
1248 2181 1341 2213 ἑαυτης
1364 2177 1539 2217 εὐπροσώπως
1555 2176 1771 2215 ἀπολογησηται,
1785 2176 1831 2204 καὶ

1032 2230 1050 2253 1)
1065 2219 1183 2256 νομίμως
1196 2220 1354 2266 στεφανωθῃ
1364 2218 1433 2246 κατὰ
1450 2220 1495 2246 τοῦ
1516 2216 1724 2248 καταὲάλλοντος
1737 2216 1832 2251 αὖτὴν,

1067 2259 1137 2287 καὶὸ
1151 2258 1275 2296 πολέμιος
1296 2257 1406 2296 εὐλόγως
1429 2258 1619 2305 καταιοχυνθῃ.
1639 2255 1677 2284 Ὦ
1696 2267 1831 2304 συγκατα-

1068 2297 1195 2330 ὅοὶσεως’
1181 2297 1327 2336 αμέτρητον
1350 2296 1478 2334 πέλαγος,
1502 2308 1523 2323 ιι)
1542 2294 1612 2327 θείας
1638 2293 1833 2343 φιλανθρωπίας

1067 2337 1176 2385 ἄπειρον
1198 2337 1276 2376 υἷος·
1291 2337 1339 2365 οὐκ
1361 2335 1500 2364 ἀπέστειλε
1519 2333 1630 2366 πολλους
1652 2334 1801 2382 ἀγγέλους,
1815 2331 1832 2367 ἢ

1068 2376 1232 2425 προδρόμους
1246 2375 1358 2407 πολλους
1373 2377 1387 2403 ὁ
1402 2374 1535 2412 βασιλεύς·
1556 2375 1603 2402 οὐκ
1622 2373 1739 2408 ἐκίνησεν
1753 2374 1766 2400 ὃ
1786 2372 1832 2407 δη-

1070 2416 1193 2466 μιουργὸς
1215 2415 1248 2444 τὰ
1269 2414 1433 2454 στρατόπεδα
1453 2426 1505 2442 των
1526 2412 1673 2450 ἀσωμάτων
1688 2411 1832 2449 δυνάμεων,

1069 2457 1127 2484 ἀλλ’
1146 2467 1191 2483 ενα
1207 2455 1283 2493 μόνον
1299 2454 1418 2492 ἄγγελον,
1426 2452 1595 2503 προάγγελον
1600 2451 1719 2499 γενέσθαι
1732 2453 1779 2484 τῆς
1791 2451 1833 2478 αὖ·

1070 2497 1114 2523 τοῧ
1129 2494 1274 2533 παρουσίας
1285 2494 1432 2527 ἐκέλευσεν,
1451 2503 1492 2520 ινα
1507 2491 1549 2520 διὰ
1563 2493 1609 2525 τῆς
1621 2502 1666 2519 του
1683 2490 1738 2522 ἑνὸς
1757 2490 1832 2517 διδα-

1071 2534 1180 2567 σκαλίας
1193 2533 1420 2572 προασφα)ίσηται
1445 2544 1491 2566 την
1505 2530 1649 2568 μέλλουσαν
1674 2529 1749 2558 αὐτον
1764 2529 1831 2556 ὓπο-
