1893 2860
83 1655 189 1676 pecunias

82 1692 222 1707 contemnere

82 1718 168 1738 suadet.

235 159 301 181 JL‘O
574 158 600 178 S.
630 158 767 179 JOQNMS
795 157 973 179 cunr-<offla

233 220 345 258 conjecit
358 220 382 247 in
397 224 596 258 paupertatcin;
612 224 639 245 tu
655 224 680 246 te
693 224 782 246 autem
798 217 914 245 maxime
930 217 974 245 lm-

234 266 277 293 dis
289 266 313 293 iu
327 263 469 303 prawipuis
484 275 489 289 :
503 262 548 290 ille
560 269 584 290 te
597 263 715 290 externis
726 263 845 302 privavit
857 262 974 291 faculta-

235 311 305 338 tibus
317 333 322 341 ,
338 316 361 336 ct
375 319 433 346 qum
445 308 487 336 vel
501 315 524 336 te
536 308 619 336 invito
634 315 694 336 sunt
707 315 797 347 postea
819 308 974 343 resiliturae;

235 362 261 382 tu
275 362 361 382 autem
376 353 485 382 divitias
495 361 604 381 :eternas
618 353 666 382 tibi
679 354 729 393 ipsi
743 354 851 382 adimis.
864 354 905 382 Te
917 353 975 382 dia-

234 400 311 428 holus
327 399 446 427 molestia
458 399 547 427 affecit
568 399 665 428 ablatis
680 400 822 439 pecuniis?
842 401 932 439 ipsum
948 407 975 429 tu

234 456 341 483 quoquc
350 445 467 473 molestia
476 445 551 473 affice
561 456 585 483 gi
593 445 659 474 atias
671 456 750 484 agens
760 458 767 483 3
779 457 811 474 ne
821 446 844 475 ei
854 446 975 475 laeiitiam

234 492 329 519 assi-ras
347 504 352 518 z
371 491 392 518 si
412 501 455 519 eas
469 491 502 519 ad
520 491 702 527 divinatores,
718 492 808 520 laetitia
824 492 938 528 afficis,
954 492 975 520 si

236 538 291 565 Deo
305 547 367 575 agas
382 537 480 575 gratias
490 561 497 572 ‚
511 537 614 565 letalem
625 537 733 576 plagam
745 538 768 566 ei
782 538 892 576 infligis.
905 538 977 568 Vide

234 590 321 611 autem
336 583 404 621 quid
422 583 468 611 ssat
487 595 491 610 :
512 594 596 621 neque
611 583 683 622 ipsas
698 584 834 620 invenies,
855 584 875 613 si
898 584 979 613 iveris

234 629 270 657 ad
283 628 461 664 divinatore83
473 639 523 657 non
537 635 621 668 potest
631 629 701 657 enim
716 637 809 658 esseut
825 630 863 658 illi
879 630 978 673 sciant3

234 675 306 713 quod
319 675 340 704 si
353 676 432 703 etiam
446 675 591 713 aliquando
603 686 664 704 casu
677 675 854 705 indicaverint
865 699 872 713 ,
883 684 908 705 et
922 677 978 705 ani-

235 732 306 749 mam
321 727 449 760 praeterea
465 721 571 759 perdis,
588 728 613 749 et
627 732 642 749 a
658 721 786 750 fratribus
807 722 860 750 tuis
877 722 978 751 irride—

234 767 324 802 heris,
346 773 371 795 et
394 777 436 795 eas
457 778 549 795 rursus
564 767 633 795 male
648 767 755 805 perdes.
772 769 883 796 Daemon
905 769 977 797 enim

234 813 319 841 sciens
333 819 358 841 te
370 823 420 841 non
433 823 509 850 {equo
524 813 614 841 animo
629 813 698 841 ferre
713 813 854 850 damnum,
871 814 917 843 sed
930 825 978 853 pro

235 859 277 888 his
291 859 370 887 etiam
385 859 473 886 Deum
489 865 566 886 tuum
583 868 693 896 negare,
712 869 804 887 rursus
825 859 872 887 dat
893 871 977 899 pecu—

235 904 291 932 nias
301 927 308 939 ,
328 910 357 931 ut
371 903 467 932 habeat
482 903 647 931 occasionem
663 909 688 931 te
703 903 855 943 decipiendi
870 912 895 933 et
915 905 977 933 effi-

235 948 321 976 ciendi
338 955 367 975 ut
382 948 502 976 deficias.
519 948 598 983 Quod
610 949 632 977 si
648 949 727 977 etiam
739 949 830 978 dicant
844 949 978 979 divinato-

235 1005 286 1029 res,
302 1005 333 1023 ne
344 994 478 1022 miremini
492 1005 498 1021 t
517 994 622 1023 daemon
638 1001 676 1023 est
692 995 875 1034 incorporeus,
891 997 979 1025 omnis

234 1041 291 1069 obit
306 1041 379 1069 orbis
396 1048 501 1080 partes,
518 1041 576 1080 ipse
590 1049 676 1070 armat
692 1042 808 1071 latrones
821 1054 826 1070 z
842 1053 894 1071 non
909 1044 980 1072 enim

235 1086 291 1114 haee
313 1086 381 1114 fiunt
399 1086 499 1124 absque
516 1086 645 1116 daemone.
666 1088 697 1116 Si
722 1098 786 1126 ergo
811 1098 855 1117 eos
877 1096 979 1126 armat,

235 1133 285 1161 scit
297 1133 376 1161 ctiam
387 1132 433 1160 ubi
446 1133 498 1160 illae
509 1140 570 1161 sunt
580 1133 704 1173 repositae
717 1145 723 1161 :
734 1144 787 1162 non
803 1134 908 1172 ignorat
919 1145 980 1163 suos

236 1178 382 1206 ministros.
397 1178 455 1206 Non
467 1185 505 1206 est
516 1185 605 1207 autem
615 1178 666 1207 hoe
679 1179 780 1206 mirum
793 1190 799 1206 :
811 1179 833 1207 si
846 1186 869 1208 te
880 1179 980 1209 viderit

234 1224 363 1252 damnum
378 1234 446 1261 aegre
460 1224 600 1260 serentem,
614 1231 639 1252 et
653 1225 767 1253 alterum
778 1225 870 1254 afferet
887 1239 892 1254 ε
911 1226 934 1255 si
957 1233 981 1255 te

235 1268 334 1297 viderit
355 1268 511 1297 irridentem
532 1276 557 1298 et
578 1269 790 1308 despicientem,
813 1270 847 1299 ab
865 1271 915 1299 hac
936 1271 980 1301 via

236 1314 352 1343 recedet.
378 1315 455 1344 Sicut
477 1315 548 1343 enim
570 1326 617 1343 nos
643 1315 675 1343 iis
701 1316 834 1344 afficimus
858 1317 981 1346 inimicos

236 1360 336 1397 quibus
356 1371 399 1389 eos
415 1360 579 1399 pungimus3
598 1360 638 1389 sin
662 1368 751 1389 autem
768 1361 917 1391 viderimus
937 1373 981 1391 eos

236 1416 289 1434 uon
303 1406 394 1435 dolere
404 1429 411 1442 ‚
423 1405 547 1445 deinceps
562 1405 728 1441 desistimus,
744 1414 773 1435 ut
786 1407 832 1445 qui
848 1418 899 1435 non
916 1419 980 1446 pos-

237 1451 321 1479 simus
342 1451 465 1479 mordere
481 1463 487 1478 :
502 1451 538 1479 ita
554 1451 633 1480 etiam
652 1451 785 1480 diabolus.
801 1453 875 1487 Quid
891 1453 980 1481 dicis?

235 1508 323 1527 annon
339 1498 415 1527 vides
430 1509 473 1527 eos
490 1498 535 1536 qui
552 1499 580 1527 in
596 1499 663 1527 mari
679 1499 826 1538 navigant,
845 1501 980 1538 quomodo

236 1544 362 1582 pecunias
383 1554 435 1572 non
456 1550 550 1572 curent
570 1543 593 1572 si
615 1550 673 1572 orta
695 1544 729 1573 sit
751 1551 912 1584 tempestas,
934 1546 981 1575 sed

237 1589 319 1617 etiam
335 1599 396 1617 suas
419 1588 548 1627 abjiciant
568 1589 726 1617 facultates?
750 1597 775 1617 et
797 1601 874 1618 nemo
895 1591 960 1619 dicit
973 1614 980 1628 ,

237 1632 311 1667 Quid
334 1633 413 1669 facis,
436 1644 452 1661 o
473 1633 576 1661 homo?
601 1640 628 1661 tu
651 1644 712 1662 cum
737 1640 892 1673 tempestate
918 1636 983 1664 sacis

238 1685 263 1706 et
274 1678 434 1717 naufragio?
448 1678 606 1717 priusquam
617 1679 715 1708 fluctus
727 1679 776 1707 tibi
789 1679 919 1709 ademerit
942 1681 983 1709 di-

238 1725 334 1761 vitias,
348 1733 377 1753 tu
393 1725 445 1754 tuis
462 1726 585 1754 manibus
604 1726 656 1754 hoc
669 1726 755 1755 sacis?
771 1738 819 1755 cur
832 1734 894 1756 ante
913 1739 983 1757 nau—

238 1772 355 1810 fragium
367 1778 391 1799 te
401 1771 428 1800 in
441 1772 611 1810 naufragium
624 1772 730 1811 injicis?
742 1773 796 1802 Sed
809 1773 865 1802 haec
875 1774 984 1812 quidem

237 1816 338 1845 dixerit
358 1817 493 1853 rusticus,
515 1824 540 1845 et
556 1818 637 1846 maris
654 1818 831 1857 procellarum
847 1819 956 1858 ignarus
976 1833 981 1848 :

238 1863 276 1891 rei
298 1870 388 1891 autem
405 1863 517 1892 nautieae
542 1864 664 1902 peritus,
687 1871 712 1893 et
727 1865 773 1902 qui
795 1866 844 1894 seit
860 1874 983 1896 accurate

238 1908 304 1947 quid
318 1908 418 1937 efficiat
432 1909 656 1947 tranquillitatem
667 1932 676 1946 ,
700 1910 767 1947 quid
783 1917 984 1951 tempestatem,

237 1965 299 1983 eum
328 1954 375 1992 qui
396 1954 454 1982 haec
478 1954 545 1983 dicit
566 1954 649 1982 etiam
671 1955 797 1984 irridebit
815 1968 822 1983 :
841 1958 985 1996 Propterea

237 2000 319 2035 enim,
334 2000 430 2038 inquit,
443 2000 530 2039 jacio,
545 2010 578 2028 ne
591 2000 689 2029 fluctus
706 2001 831 2030 obruant.
846 2003 887 2030 Ita
905 2003 985 2032 etiam

238 2056 328 2074 rerum
338 2053 363 2074 et
372 2045 547 2074 tentationum
560 2056 620 2083 quae
632 2046 658 2074 in
670 2046 719 2075 hae
731 2053 793 2075 sunt
804 2047 858 2076 vita
872 2049 984 2087 peritus,

238 2103 299 2120 cum
312 2092 412 2121 viderit
427 2092 566 2120 imminere
580 2099 779 2131 tempestatem,
793 2100 817 2121 et
832 2094 985 2132 spiritualia
1006 2102 1021 2124 F

240 2137 364 2175 nequitiae
385 2148 444 2175 quae
467 2137 562 2165 volunt
583 2137 668 2165 facere
687 2138 874 2177 naufragium,
894 2139 986 2179 abjicit

240 2183 313 2221 quod
332 2190 370 2211 est
388 2183 523 2221 reliquum
537 2182 665 2221 pecuniae.
682 2183 838 2212 Admissum
857 2191 895 2213 est
913 2185 940 2214 in
960 2192 986 2214 te

242 2230 342 2257 furtum
351 2229 364 2256 Ρ
385 2230 426 2258 fac
439 2229 646 2268 eleemosynam,
662 2236 687 2257 et
701 2229 788 2259 levius
802 2230 894 2259 reddis
907 2232 982 2261 navi-

997 1144 1016 1167 I)

1007 158 1162 181 Attentffl’.

994 2253 1029 2272 [450

1191 160 1252 182 CON
1258 161 1315 182 STA
1322 161 1338 182 N
1344 161 1374 182 Ἡ
1381 160 1396 182 N
1402 160 1442 182 ΟΙι
1449 174 1456 181 .

1027 218 1068 250 νός
1092 231 1119 248 σε
1141 219 1203 252 ἴσως
1219 221 1295 260 πενίᾳ
1320 220 1459 259 περιέὲαλε
1471 243 1478 255 ,
1501 219 1531 248 σὺ
1551 218 1577 247 δὲ
1591 217 1684 246 σαυτὸν
1697 217 1722 244 ἐν
1739 218 1792 245 τοῖς

1027 264 1138 302 καιρίοις
1153 264 1268 302 μάλιστα
1277 266 1472 297 καταὸλοίπτεις
1482 265 1495 279 ‘
1505 262 1688 302 [κακούργιι)ς]·
1698 263 1792 290 ἐκεῖνος

1027 310 1192 348 ἀπεστέρησέ
1214 322 1242 339 σε
1265 311 1297 339 τὰ
1322 311 1394 343 ἐκτός
1415 323 1459 340 σου
1474 311 1545 345 ὄντα,
1565 309 1608 337 καὶ
1624 308 1731 348 ὕστερον
1749 306 1793 334 καὶ

1028 354 1135 387 ἄκοντός
1151 367 1196 384 σου
1213 355 1417 391 ἀποπηδήσοντα
1429 367 1434 373 ·
1450 355 1480 383 σὺ
1496 354 1523 383 δὲ
1535 355 1577 383 τὸν
1593 354 1697 382 αἰώνιον
1709 354 1793 380 πλοῦ-

1028 411 1071 427 τον
1092 400 1187 429 σαυτὸν
1204 402 1313 439 ἀφαιρῇ.
1334 400 1468 435 Ἰἰλύπησέ
1490 412 1518 428 σε
1534 403 1547 428 ὁ
1562 400 1682 431 διάὸολος
1696 397 1793 437 ἀφελό-

1030 457 1105 482 μενος
1119 445 1151 474 τὰ
1164 446 1291 485 χρήματα
1303 459 1309 481 ;
1321 446 1437 480 λύπησον
1449 445 1525 474 αὐτὸν
1538 445 1582 473 καὶ
1595 444 1625 474 σὺ
1638 442 1795 483 εὐχαριστή-

1029 503 1076 523 σας
1088 514 1095 526 ,
1117 491 1161 520 καὶ
1185 491 1221 530 μὴ
1248 493 1385 531 εὐφραίνῃς.
1413 490 1458 519 Ἂν
1473 491 1537 528 πρὸς
1552 490 1656 527 μοίντεις
1670 489 1795 528 ἀπέλθῃς,

1030 537 1171 576 εὔφρανας·
1188 537 1217 565 ἂν
1233 537 1426 577 εὐχαριστήσῃς
1440 538 1477 575 τῷ
1488 538 1559 574 Θεῷ,
1576 535 1680 575 καιρίαν
1697 536 1796 566 ἔδωκας

1031 583 1101 622 αὐτῷ
1121 582 1168 617 τὴν
1193 583 1308 622 πληγήν.
1330 584 1382 612 Καὶ
1402 583 1450 621 ὅρα
1469 582 1495 609 τί
1516 582 1628 619 γίνεται·
1654 581 1711 610 οὔτε
1730 580 1795 608 αὐτὰ

1031 629 1148 667 εὑρήσεις
1171 630 1291 658 ἀπελθὼν
1312 630 1377 669 πρὸς
1397 628 1455 661 τοὺς
1479 629 1594 667 μάντεις”
1610 629 1638 656 Οὗ
1655 627 1706 666 γάρ
1726 629 1795 656 ἕστῑν

1031 674 1136 703 ἐκείνων
1151 676 1258 704 εἷδέναι’
1275 678 1297 704 εἷ
1314 675 1341 704 δέ
1355 687 1404 704 που
1418 674 1462 704 καὶ
1477 670 1547 703 εἶπον
1564 672 1741 712 ἐπιτυχόντες,
1752 672 1797 701 καὶ

1030 720 1077 755 τὴν
1093 720 1180 759 ψυχὴν
1194 721 1409 759 προσαπολλύεις,
1423 721 1468 749 καὶ
1482 720 1533 749 ὑπὸ
1544 722 1595 748 τῶν
1616 720 1734 757 ἀδελφῶν
1750 729 1798 746 κα-

1029 766 1214 805 ταγελασθήσῃ
1225 768 1276 795 τῶν
1289 769 1351 801 σῶν,
1363 767 1407 795 καὶ
1419 766 1497 794 πάλιν
1510 765 1575 794 αὐτὰ
1587 767 1674 796 κακῶς
1683 765 1797 796 ἀπολεῖς.

1028 810 1062 839 ‘O
1073 811 1123 850 γὰρ
1138 811 1238 848 δαίμων
1253 811 1327 845 εἰδὼς
1341 811 1381 841 ὅτι
1396 812 1492 849 ζημίαν
1507 813 1536 840 οὐ
1551 810 1646 850 φέρεις,
1661 811 1718 838 ἀλλ’
1731 809 1797 848 ὑπὲρ

1029 856 1126 885 τούτων
1146 857 1190 886 καὶ
1209 857 1252 886 τὸν
1273 858 1340 886 Θεόν
1356 869 1401 886 σου
1422 859 1506 896 ἀρνῇ,
1521 857 1600 885 πάλιν
1614 856 1741 896 χρήματα
1757 855 1797 884 δί-

1030 903 1119 938 δωσιν,
1134 902 1176 931 ἵνα
1193 903 1313 942 ἀφορμὴν
1329 905 1380 942 σχῇ
1395 907 1439 932 τοῦ
1451 903 1530 931 πάλιν
1553 914 1581 931 σε
1597 904 1742 936 ἀπατῆσαι.
1765 903 1799 930 Ei

1030 949 1057 977 δὲ
1074 949 1118 977 καὶ
1133 949 1233 987 λέγοιεν
1248 952 1271 978 οἱ
1288 949 1411 987 μάντεις,
1431 948 1467 986 μὴ
1483 948 1644 986 θαυμάζετε·
1660 947 1799 986 ἀσώματός

1031 996 1100 1023 ἐστιν
1117 997 1130 1023 ὁ
1150 995 1266 1032 δαίμων,
1290 997 1428 1033 πανταχοῦ
1447 993 1590 1033 περίεισιν·
1612 993 1687 1026 αὐτὸς
1707 993 1799 1025 αὐτοὺς

1031 1040 1132 1073 ὁπλίζει
1144 1039 1203 1072 τοὺς
1216 1040 1332 1079 λῃστάς·
1348 1041 1375 1069 οὗ
1392 1040 1443 1079 γὰρ
1457 1040 1517 1068 ἄνευ
1530 1038 1650 1077 δαίμονος
1664 1041 1748 1068 ταῦτα
1759 1038 1799 1076 γί-

1031 1097 1114 1115 νεται.
1138 1087 1172 1115 Εἰ
1185 1085 1269 1114 τοίνυν
1282 1086 1381 1120 ὁπλίζει
1395 1086 1507 1121 τούτους,
1518 1085 1563 1114 καὶ
1574 1080 1625 1114 οἶδε
1636 1085 1681 1114 καὶ
1689 1088 1740 1114 ποῦ
1749 1097 1799 1114 κα-

1031 1132 1179 1160 τατίθενται
1187 1143 1192 1148 ·
1206 1132 1252 1160 οὐκ
1263 1133 1350 1169 ἀγνοεῖ
1361 1131 1420 1164 τοὺς
1433 1133 1509 1160 αὐτοῦ
1521 1131 1662 1170 ὑπηρέτας.
1676 1132 1734 1160 Οὐκ
1744 1130 1800 1159 ἔστι

1032 1177 1058 1205 δὲ
1076 1176 1225 1214 Θαυμαστὸν
1245 1180 1336 1205 τοῦτο·
1361 1176 1391 1205 ἂν
1413 1177 1453 1216 ἴδῃ
1476 1176 1605 1215 ἀλγοῦντα
1619 1188 1648 1206 σε
1662 1179 1694 1215 τῇ
1708 1176 1800 1215 ζημίᾳ,

1032 1223 1077 1251 καὶ
1099 1222 1191 1261 ἑτέραν
1206 1223 1318 1261 ἐπάγει·
1341 1223 1371 1251 ἂν
1394 1223 1436 1262 ἴδῃ
1450 1223 1637 1261 καταγελῶντα
1657 1223 1701 1251 καὶ
1717 1234 1800 1251 κατα·

1032 1270 1186 1308 φρονοῦντα,
1205 1269 1384 1304 ἀποστήσεται
1403 1269 1501 1303 ταύτης
1515 1270 1563 1303 τῆς
1577 1269 1646 1298 ὁδοῦ.
1675 1268 1801 1308 Καθάπερ

1032 1314 1083 1353 γὰρ
1102 1318 1180 1352 ἡμεῖς
1200 1315 1286 1344 ἐκεῖνα
1303 1313 1362 1347 τοὺς
1384 1314 1491 1353 ἐχθροὺς
1506 1314 1654 1352 διατίθεμεν
1668 1317 1694 1344 ἐν
1711 1310 1746 1346 οἷς
1758 1316 1801 1343 λυ-

1032 1363 1132 1398 ποῧμεν
1151 1360 1243 1392 αὐτούς
1254 1373 1259 1378 ·
1274 1361 1303 1388 ἂν
1317 1361 1343 1389 δὲ
1359 1360 1456 1398 ἴδωμεν
1477 1360 1516 1389 ὅτι
1532 1361 1578 1388 οὐκ
1593 1361 1725 1398 ἀλγοῢσιν,
1742 1361 1800 1399 ἀφι-

1033 1406 1151 1443 στάμεθα
1166 1406 1266 1441 λοιπὸν,
1283 1407 1317 1437 ὡς
1332 1407 1377 1433 οὐκ
1392 1405 1496 1444 ἔχοντες
1511 1405 1602 1438 αὐτοὺς
1616 1406 1703 1433 δακεῖν
1713 1417 1718 1423 ·
1733 1405 1801 1434 οὕτω

1033 1452 1077 1479 καὶ
1100 1454 1113 1480 ὁ
1128 1451 1256 1483 &affixae
1278 1451 1313 1479 Τί
1330 1451 1428 1488 λέγεις,
1451 1452 1499 1490 οὐχ
1514 1453 1574 1490 ὁρᾷς
1591 1450 1650 1483 τοὺς
1665 1452 1690 1479 ἐν
1706 1453 1737 1490 τῇ
1751 1454 1800 1479 Occ-

1033 1496 1118 1535 λοίσσῃ
1133 1496 1258 1529 πλέοντας
1273 1519 1280 1532 ,
1294 1498 1350 1528 πῶς
1362 1498 1389 1525 οὐ
1406 1496 1569 1535 φροντίζουσι
1579 1497 1736 1535 χρημάτων,
1746 1509 1802 1536 χει-

1035 1544 1119 1579 μῶνος
1139 1542 1290 1580 γινομένου,
1316 1542 1383 1570 ἀλλὰ
1407 1542 1450 1570 καὶ
1471 1542 1504 1571 τὰ
1526 1542 1587 1570 ὄντα
1607 1542 1740 1582 ῥίπτουσι;
1757 1543 1802 1572 καὶ

1035 1588 1116 1620 οὐδεὶς
1129 1588 1212 1626 λέγει,
1232 1588 1257 1616 τί
1278 1593 1378 1624 ποιεῖς,
1397 1589 1517 1628 ἄνθρωπε
1532 1601 1538 1623 ;
1555 1590 1592 1627 τῷ
1606 1590 1719 1627 χειμῶνι
1733 1601 1802 1628 συμ-

1035 1634 1159 1672 πράττεις
1181 1634 1226 1662 καὶ
1247 1636 1284 1674 τῷ
1305 1633 1434 1673 ναυαγίῳ,
1457 1634 1518 1673 πρὶν
1541 1634 1557 1668 ἤ
1580 1645 1608 1662 σε
1631 1635 1660 1663 τὸ
1673 1637 1745 1673 κῦμα
1760 1636 1802 1664 τὸν

1035 1681 1147 1708 πλοῦτον
1164 1679 1292 1718 ἀφέληται
1300 1701 1307 1714 ,
1321 1679 1352 1708 σὺ
1361 1684 1418 1712 ταῖς
1429 1683 1523 1708 σαυτοῦ
1535 1680 1611 1718 χερσὶ
1622 1683 1697 1709 τοῦτο
1708 1686 1803 1717 ποιεῑς;

1037 1725 1061 1753 τί
1085 1726 1135 1764 πρὸ
1159 1728 1203 1753 τοῦ
1229 1725 1352 1761 ναυαγίου
1371 1725 1487 1764 ναυαγίῳ
1510 1726 1677 1764 περιδάλλεις
1694 1727 1803 1762 σαυτόν;

1036 1772 1117 1800 Ἀλλὰ
1129 1776 1212 1801 ταῦτα
1223 1772 1270 1809 μὲν
1285 1772 1314 1800 ἂν
1328 1771 1396 1800 εἴποι
1405 1772 1525 1810 ἄγροικος
1536 1772 1685 1810 ἅνθρωπος,
1699 1773 1804 1802 καὶτῶν

1038 1820 1063 1846 ἐν
1086 1818 1203 1856 Θαλάττῃ
1223 1819 1377 1857 πειρασμῶν
1399 1817 1520 1856 ἄπειρος·
1536 1819 1549 1845 ὃ
1567 1817 1655 1855 μέντοι
1674 1817 1805 1853 ναυτικὸς,

1037 1864 1081 1892 καὶ
1099 1864 1125 1891 τί
1147 1862 1194 1900 μὲν
1216 1863 1351 1901 ἐργάζεται
1374 1863 1502 1901 γαλήνην,
1522 1863 1548 1891 τί
1565 1863 1592 1892 δὲ
1604 1867 1673 1892 ποιεῖ
1686 1865 1806 1902 χειμῶνα

1038 1909 1153 1947 ἀκριὸῶς
1172 1909 1345 1946 ἐπιστάμενος
1355 1930 1361 1942 ,
1384 1908 1428 1937 καὶ
1444 1909 1652 1947 καταγελάσεται
1667 1913 1712 1938 τοῦ
1723 1912 1806 1938 ταῦτα

1038 1954 1169 1992 λέγοντος·
1187 1953 1230 1982 διὰ
1249 1953 1300 1994 γὰρ
1322 1957 1399 1983 τοῦτο
1415 1954 1508 1992 ῥίπτω,
1531 1954 1618 1994 φησὶν,
1636 1954 1679 1983 ἵνα
1693 1955 1729 1992 μὴ
1745 1957 1806 1984 κλυ-

1040 1999 1090 2028 δὼν
1108 1999 1226 2038 γένηται.
1256 1999 1336 2027 Οὕτω
1356 1999 1401 2028 καὶ
1420 2001 1433 2027 ὁ
1453 1999 1577 2039 ἔμπειρος
1597 2001 1649 2028 τῶν
1663 2002 1690 2029 ἐν
1704 2003 1741 2040 τῷ
1757 2001 1807 2040 βίῳ

1039 2045 1202 2084 πραγμάτων
1215 2044 1259 2073 καὶ
1272 2046 1323 2073 τῶν
1335 2048 1499 2084 πειρασμῶν,
1508 2045 1570 2074 ὅταν
1582 2046 1624 2084 ’ίδῃ
1634 2046 1677 2074 τὸν
1689 2050 1807 2086 χειμῶνα

1039 2091 1194 2126 ἐπιστάντα,
1209 2091 1253 2119 καὶ
1265 2091 1298 2119 τὰ
1309 2090 1476 2128 πνευματικὰ
1490 2093 1536 2126 τῆς
1548 2091 1674 2130 πονηρίας
1685 2093 1808 2131 ναυάγιον

1040 2137 1201 2176 ἐργάσασθαι
1219 2136 1375 2174 βουλόμενα,
1388 2137 1432 2164 καὶ
1447 2136 1480 2164 τὰ
1492 2137 1616 2165 λείποντα
1631 2139 1681 2165 τῶν
1698 2139 1809 2177 χρημά-·

1042 2194 1093 2210 των
1114 2182 1209 2221 ῥίπτει.
1231 2182 1354 2220 Ἐγένετο
1373 2182 1458 2217 κλοπή
1477 2194 1532 2217 σοι,
1546 2182 1655 2216 ποίησον
1671 2184 1810 2221 ἐλεημοσύ-

1042 2240 1098 2264 νην,
1114 2228 1160 2256 καὶ
1181 2227 1308 2266 κουφίζεις
1328 2227 1358 2257 τὸ
1377 2229 1475 2257 πλοῖον.
1501 2227 1646 2267 Ἥρπασαν
1661 2229 1685 2257 οἱ
1698 2230 1810 2268 λῃσταί;

243 2275 324 2312 gium.
347 2275 503 2313 Rapuerunt
522 2275 658 2303 latrones?
685 2282 713 2303 tu
735 2276 844 2304 Christo
865 2276 899 2305 da
921 2278 984 2306 reli·
1003 2283 1022 2302 A
1042 2273 1073 2302 σὺ
1093 2273 1133 2305 δὸς
1151 2272 1183 2301 τὰ
1196 2272 1307 2312 λείψανα
1319 2274 1356 2311 τῷ
1372 2273 1492 2312 Χριστῷ·
1508 2272 1575 2302 οὕτω
1587 2274 1632 2302 καὶ
1645 2273 1692 2309 τὴν
1705 2274 1748 2302 ἐπὶ
1760 2280 1813 2308 τοῖς

243 2321 319 2358 quias
333 2333 338 2348 :
354 2321 391 2349 sie
403 2331 461 2349 eam
477 2331 536 2358 quae
553 2321 628 2359 prius
643 2321 745 2349 exstitit
765 2322 894 2351 solaberis
917 2335 985 2362 pau-

246 2373 382 2404 pertatem.
400 2366 498 2395 Levius
513 2366 594 2395 redde
609 2367 765 2406 navigium,
782 2378 814 2397 ne
828 2369 941 2400 retineas
958 2381 986 2399 ea

246 2421 305 2450 quae
320 2418 491 2449 manserunt,
508 2422 540 2441 ne
558 2412 656 2453 scapha
671 2413 810 2443 obruatur.
831 2415 873 2444 Illi
889 2422 917 2445 ut
935 2427 988 2445 ser-

283 2518 293 2530 *
314 2516 451 2551 [κακοῦργως
465 2524 522 2540 cum
534 2516 627 2541 savilio
639 2516 806 2551 inclusimus]

1043 2318 1179 2357 προτέροις
1196 2318 1377 2357 παραμυθήσῃ
1399 2318 1499 2347 πενίαν.
1527 2318 1657 2358 Κούφισον
1671 2319 1701 2347 τὸ
1713 2320 1813 2356 πλοῖον,

1045 2367 1082 2406 μὴ
1102 2368 1237 2406 κατάσχῃς
1255 2366 1289 2395 τὰ
1305 2367 1441 2405 μείναντα,
1457 2366 1499 2394 ἵνα
1513 2366 1550 2404 μὴ
1566 2370 1575 2382 ²
1585 2369 1772 2404 περιαντλῆται
1784 2369 1813 2398 τὸ

1047 2417 1153 2459 σκάφος.
1176 2417 1301 2454 Ἐκεῖνοι,
1322 2416 1364 2445 ἵνα
1381 2417 1493 2456 σώματα
1517 2416 1679 2459 φυλάξωσιν,
1703 2419 1812 2455 ἓκὲολὴν

1093 2528 1101 2539 ιι
1120 2518 1208 2551 [colb.
1222 2525 1245 2543 ct
1259 2527 1336 2552 marg.
1351 2518 1630 2553 53ι’ἰ1.ὓπεραντλῆτα;.1
