1893 2860
221 146 290 182 516

218 220 291 250 scitis
306 220 379 258 quod
391 220 466 248 miles
487 220 594 257 quando
608 220 682 248 mille
705 220 798 259 plagas
809 228 834 249 et
851 221 960 250 vulnera

217 267 341 301 ostendit,
357 273 419 294 tunc
434 266 529 304 poterit
551 276 607 294 esse
621 266 734 296 illustris
755 267 828 307 apud
843 279 930 307 regem
947 268 960 296 Ξ)

216 313 257 340 sin
273 319 360 340 autem
375 311 442 339 nihil
463 311 545 350 possit
568 311 706 341 ostendere
722 320 791 341 recte
811 320 836 341 et
857 313 960 342 sortiter

216 364 329 395 gestum,
345 357 447 385 etiamsi
473 357 540 385 nihil
563 358 719 394 offenderit,
735 359 804 387 inter
826 366 959 388 extremos

556 159 585 182 S.
613 159 753 182 JOANNJS
780 160 961 183 CHRYSOST.
992 162 1148 186 ARCfflEP.
1174 164 1442 190 CONSTANTINOP-

1014 228 1067 257 τοῖς
1079 225 1200 264 ἐσχάτοις
1213 227 1360 265 τετάξεται,
1376 229 1444 258 Ἀλλ’
1461 230 1507 259 οὐκ
1520 230 1575 259 ἔστι
1587 230 1703 268 πολέμου
1720 242 1782 259 και-

1016 270 1072 309 ρὸς,
1084 270 1173 310 φησίν.
1185 273 1218 300 Εἴ
1232 272 1283 311 γὰρ
1299 270 1341 309 ἦν,
1355 275 1412 304 εἰπέ
1434 288 1492 313 μοι,
1505 276 1544 309 τίς
1566 276 1595 305 ἂν
1619 276 1780 314 ἠγωνίσατο;

1012 316 1053 349 τίς
1077 317 1107 344 ἂν
1131 317 1295 354 ἒπεπῆδησε;
1310 319 1348 352 τίς
1372 320 1401 348 ἂν
1426 321 1474 355 τὴν
1499 322 1622 360 φάλαγγα
1642 321 1779 358 “edium-3

1012 362 1093 400 Τάχα
1108 362 1205 395 οὐδείς·
1220 363 1282 392 ὅταν
1298 365 1350 403 γὰρ
1366 365 1412 394 ἴδω
1432 366 1471 395 ὅτι
1491 368 1636 406 χρημάτων
1651 370 1678 397 οὐ
1694 380 1780 397 κατα-

214 403 412 431 collocabitur?
428 404 461 431 At
476 414 526 432 non
547 411 596 438 est,
617 404 732 442 inquies,
756 412 860 445 tempus
883 406 957 435 belli.
979 413 995 435 Γ
1013 413 1113 447 φρονεῖς
1127 409 1213 437 ἕνεκεν
1235 412 1281 438 τοῦ
1303 412 1436 449 Χριστοῦ,
1450 414 1506 445 πῶς
1529 425 1570 441 σοι
1591 414 1723 442 πιστεύσω
1740 414 1780 443 ὅτι

214 451 283 478 Nam
294 450 315 478 si
330 456 407 487 esset,
423 449 467 478 dic
482 461 580 488 qums0‚
589 451 649 489 quis
662 450 817 480 decertasset
829 452 842 480 .⁰
854 453 914 490 quis
923 452 956 481 ad
1010 456 1119 493 πληγῶν
1135 455 1362 494 καταφρονήσεις,
1376 456 1444 486 Εἰπὲ
1455 478 1462 491 ,
1478 458 1568 496 φέρετε
1583 459 1642 491 τοὺς
1661 459 1780 498 ὓὲρίζον-

213 506 332 534 pugnam
354 495 511 535 prosiliisset
525 496 538 524 ἶ)
557 497 617 534 quis
638 497 797 536 phalangem
820 497 930 526 fudisset
943 499 956 526 .⁹
967 519 1001 538 6146
1009 512 1056 532 τας
1066 501 1190 539 γενναίως
1199 524 1206 537 ,
1222 502 1267 530 καὶ
1281 504 1409 540 εὐλογεῖτε
1425 503 1531 538 αὐτούς
1542 505 1628 533 Τοῦτο
1639 507 1667 533 οὐ
1679 510 1762 539 ποιεῖς
1771 528 1779 542 ‚

213 543 334 571 Fortasse
349 542 439 571 nullus
455 555 462 571 :
478 553 539 571 nam
554 553 614 572 cum
630 543 708 572 video
721 551 745 572 te
755 551 863 583 propter
878 545 956 573 Chri-
975 547 993 568 A
1010 547 1078 575 ἀλλὰ
1100 547 1268 587 παρακούεις.
1283 548 1320 576 *O
1336 548 1451 577 κίνδυνον
1476 550 1522 578 οὒκ
1545 550 1615 589 ἔχει,
1631 552 1660 579 οὗ
1681 556 1776 589 ποιεῖς,

56 1385 78 1400 2.
97 1380 157 1401 Tim.
172 1379 196 1401 3.

55 1481 123 1502 Jnan.
138 1481 172 1503 16.

56 1567 138 1595 Ephes.
159 1567 182 1589 6.

58 1604 92 1620 12.
107 1597 142 1627 12.

212 595 283 616 stum
305 588 429 627 pecunias
452 599 503 617 non
525 588 669 628 despicere,
692 590 828 628 quomodo
848 591 954 619 credam

212 635 334 663 futurum
350 641 379 662 ut
392 635 484 674 plagas
498 634 652 674 despicias?
669 636 718 664 Dic
727 636 804 673 mihi,
819 637 954 666 sortiterne

211 683 286 711 sertis
299 694 343 711 eos
355 683 401 721 qui
421 683 520 722 probro
532 691 557 712 et
573 684 733 712 contumelia
759 695 805 713 vos
818 685 952 723 afficiunt,

211 735 237 757 et
253 728 290 757 eis
304 728 461 757 benedicitis
475 729 488 757 ἲ·
507 730 562 758 Hoc
575 740 627 758 non
648 730 723 763 facis,
736 737 760 758 ct
775 741 826 759 non
850 731 952 760 obedis.

212 775 295 812 Quod
319 776 387 804 nihil
409 776 488 804 habet
500 777 611 816 periculi
629 788 680 805 non
699 777 779 813 facis,
796 785 821 806 et
835 778 928 817 plagas
944 802 952 813 ,

210 821 256 850 dic
271 832 369 860 quaeso,
382 823 457 856 seres,
474 821 499 850 in
511 823 609 860 quibus
620 823 737 851 multum
752 830 791 851 est
802 823 918 852 tristitiae
928 831 953 853 et

210 867 312 896 doloris
327 869 340 896 ⁴?
355 868 470 896 Nescitis
496 868 570 906 quod
594 868 620 896 in
646 879 710 907 pace
740 879 767 897 se
791 868 825 897 ad
851 869 952 898 bellum

209 921 312 953 oportet
337 914 486 943 exercere?
501 925 553 942 non
576 914 676 943 videtis
697 915 746 943 hos
763 915 863 943 milites
876 938 883 952 ,
905 916 952 954 qui

208 961 290 989 etiam
303 959 378 988 nullo
393 967 503 999 urgente
520 960 602 995 bello,
618 967 643 988 et
655 960 697 988 vel
714 961 741 989 in
753 971 857 989 summa
871 972 952 1000 pace,

207 1006 333 1034 abstersis
347 1006 439 1041 armis,
456 1016 516 1034 cum
533 1006 676 1044 magistris,
697 1006 742 1044 qui
758 1013 859 1035 struere
869 1007 953 1036 aciem

207 1058 232 1080 et
241 1051 347 1080 ordines
364 1051 493 1080 collocare
506 1062 549 1080 eos
563 1051 669 1088 docent,
685 1052 710 1080 in
721 1059 840 1092 patentes
852 1053 952 1082 etlatos

207 1108 315 1136 campos
340 1097 459 1135 quotidie
488 1098 541 1126 sere
566 1105 704 1135 exeuntes,
729 1109 784 1127 rem
806 1099 952 1128 militarem

207 1150 330 1172 exercent
353 1144 577 1172 accuratissime?
592 1144 660 1179 Quis
679 1145 730 1173 hoc
746 1145 809 1174 facit
833 1146 952 1174 militum

207 1190 387 1229 spiritualium
399 1190 413 1218 ἶ)
429 1191 536 1219 Nullus.
554 1191 698 1230 Propterea
713 1192 740 1220 in
765 1192 842 1221 bellis
858 1193 952 1222 molles

206 1246 299 1264 sumus
314 1242 339 1264 et
352 1236 453 1275 ignavi,
469 1243 493 1264 et
514 1237 548 1264 ab
559 1237 684 1266 omnibus
699 1237 777 1266 facile
790 1239 912 1278 capimur
925 1246 951 1268 et

207 1292 404 1321 expugnamur.
429 1282 517 1317 Quam
540 1283 643 1312 hebetis
657 1290 746 1312 autem
762 1291 800 1313 est
823 1285 924 1323 ingenii
942 1308 950 1323 ‚

207 1328 361 1356 existimare
383 1339 499 1367 praesens
522 1336 628 1368 tempus
649 1340 700 1358 non
716 1340 771 1358 esse
788 1330 863 1367 belli,
890 1342 952 1360 cum

209 1374 305 1402 clamet
317 1374 417 1402 Paulus
434 1386 440 1402 :
459 1376 566 1403 Omnes
586 1382 693 1412 autem,
709 1378 759 1414 qui
781 1377 888 1405 volun!
905 1380 953 1416 pie

209 1422 310 1448 ‘vivere
329 1422 360 1448 in
381 1421 496 1449 Christo
517 1421 598 1457 Jesu,
620 1425 874 1461 persequutionem
899 1435 952 1462 pa-

210 1468 337 1502 tientur;
351 1473 375 1494 et
386 1465 457 1494 dieat
470 1466 602 1501 Christus,
618 1469 655 1495 In
678 1470 787 1497 mundo
801 1471 952 1509 (gffliclz'o—

1008 592 1052 621 καὶ
1065 593 1168 630 πληγὰς
1182 593 1274 629 οἴσεις,
1287 593 1344 622 εἰπέ
1361 606 1420 631 μοι,
1435 594 1496 623 ἔνθα
1506 595 1572 624 πολὺ
1585 596 1615 624 τὸ
1628 598 1674 631 τῆς
1685 597 1778 633 ὀδύνης

1008 638 1052 667 καὶ
1067 641 1114 673 τῆς
1130 639 1283 678 ἀλγηδόνος
1297 641 1355 668 Οὐκ
1375 639 1430 669 ἴστε
1450 640 1489 669 ὅτι
1512 642 1538 668 ἐν
1563 641 1652 680 εἰρήνῃ
1675 641 1708 670 τὰ
1730 645 1776 671 τοῦ

1008 684 1125 722 πολέμου
1139 685 1315 723 γυμνάζεσθαι
1327 685 1456 725 χρῆ;οὐχ
1471 688 1549 725 ὁρᾶτε
1567 686 1626 719 τοὺς
1641 687 1775 726 στρατιώ-

1008 742 1054 762 τας
1069 730 1188 766 τούτους,
1206 730 1245 766 οἳ,
1260 732 1304 759 καὶ
1327 732 1437 769 μηδενὸς
1458 733 1624 772 ἐνοχλοῦντος
1645 733 1776 772 πολέμου,

1009 777 1066 804 ἀλλ’
1082 775 1186 814 εἰρήνης
1196 776 1274 812 οὔσης
1286 777 1393 815 βαθείας
1401 801 1408 814 ,
1420 777 1453 806 τὰ
1465 778 1534 807 ὅπλα
1546 779 1776 818 ἀποσμηξάμενοι,

1007 821 1052 849 καὶ
1068 821 1134 859 μετὰ
1146 824 1198 850 τῶν
1211 823 1378 852 διδασκάλων
1392 826 1445 852 τῶν
1464 823 1496 852 τὰ
1507 823 1621 853 τακτικὰ
1636 825 1775 854 διδασκόν-

1006 878 1058 895 των
1075 866 1167 899 αὐτοὺς
1177 890 1184 902 ,
1202 869 1238 900 εἰς
1248 868 1326 896 ὕπτια
1341 869 1419 897 πεδία
1435 869 1479 897 καὶ
1491 871 1628 909 εὐρύχωρα
1644 871 1702 898 καθ’
1715 870 1775 899 ἑκά-

1007 925 1081 948 στ-ην,
1096 915 1132 946 ὡς
1154 915 1245 949 εἰπεῖν,
1270 915 1371 953 ἡμέραν
1395 915 1519 951 ἐξιόντες,
1540 916 1573 944 τὰ
1596 919 1640 944 τοῦ
1660 917 1776 954 πολέμου

1006 960 1183 997 γυμνάζονται
1201 959 1269 997 μετὰ
1290 962 1390 994 πολλῆς
1404 964 1451 996 τῆς
1473 961 1624 999 ἁκριὸείαςς
1638 961 1688 994 Τίς
1701 966 1778 991 τοῦτο

1008 1006 1149 1045 εἰργάσατο
1162 1007 1214 1033 τῶν
1234 1008 1419 1044 πνευματικῶν
1444 1010 1626 1046 στρατιωτῶνς
1640 1007 1709 1037 Οὐδὲ
1734 1004 1778 1041 εἷς.

1007 1051 1058 1080 Διὰ
1071 1053 1147 1080 τοῦτο
1163 1053 1189 1080 ἐν
1205 1055 1259 1084 τοῖς
1271 1052 1396 1090 πολέμοις
1408 1055 1501 1091 χαῦνοι
1519 1053 1564 1081 καὶ
1579 1053 1720 1092 βάναυσοι,
1734 1053 1780 1082 καὶ

1006 1102 1086 1126 πᾶσιν
1108 1097 1235 1126 εὐάλωτοι
1256 1097 1391 1136 γινόμεθα,
1407 1098 1498 1133 Πόσης
1513 1099 1540 1127 δὲ
1563 1099 1671 1132 νωθείας
1685 1099 1715 1128 τὸ
1739 1099 1776 1137 μὴ

1007 1145 1127 1182 ἡγεῖσθαι
1154 1144 1272 1182 πολέμου
1294 1144 1386 1183 καιρὸν
1412 1140 1479 1173 εἶναι
1502 1144 1545 1173 τὸν
1576 1145 1711 1184 παρόντα,
1733 1149 1779 1175 τοῦ

1006 1189 1115 1217 Παύλου
1133 1191 1260 1227 βοῶντος,
1277 1190 1381 1223 Πάντες
1396 1191 1423 1220 δὲ
1439 1192 1462 1219 οἱ
1478 1190 1593 1223 θέλοντες
1608 1191 1721 1223 εὐσεὸῶς
1731 1193 1778 1230 ζῇν

1006 1237 1032 1264 ἐν
1057 1237 1165 1274 Χριστῷ
1189 1236 1278 1271 Ἰησοῦ
1303 1237 1512 1276 διωχθήσονται,
1526 1237 1572 1265 καὶ
1593 1240 1639 1265 τοῦ
1661 1238 1777 1277 Χριστοῦ

1005 1281 1139 1319 λέγοντος,
1152 1282 1199 1310 Ἐν
1213 1284 1250 1321 τῷ
1266 1282 1358 1322 κόσμῳ
1372 1285 1458 1322 ext-,tw
1475 1283 1562 1319 ἕξετε,
1577 1283 1622 1312 καὶ
1637 1283 1717 1312 πάλιν
1728 1286 1774 1312 τοῦ

1007 1327 1139 1367 μακαρίου
1165 1328 1273 1356 Παύλου
1296 1330 1409 1368 λαμπρᾷ
1431 1331 1464 1367 τῇ
1491 1331 1563 1368 φωνῇ
1590 1331 1703 1367 βοῶντος
1731 1329 1778 1358 καὶ

1005 1373 1141 1409 λέγοντος,
1156 1375 1214 1402 Οὐκ
1235 1373 1305 1402 ἔστιν
1330 1376 1394 1411 ἡμῖν
1417 1377 1434 1410 ἡ
1459 1374 1531 1409 πάλη
1553 1374 1617 1414 πρὸς
1642 1370 1708 1412 αἷμα
1730 1374 1776 1403 καὶ

1006 1421 1106 1459 σάρκα;
1128 1420 1173 1448 καὶ
1197 1420 1288 1456 πάλιν,
1314 1421 1400 1455 Στῆτε
1429 1416 1471 1449 οῦν
1497 1421 1706 1459 περιζωσάμενοι
1727 1420 1776 1456 τὴν

1005 1465 1085 1504 ὀσφὺν
1101 1468 1173 1503 ὑμῶν
1186 1467 1212 1493 ἐν
1224 1465 1334 1504 ἀληθεία
1344 1466 1411 1501 ,Καὶ
1422 1466 1503 1499 οὐδεὶς
1515 1466 1619 1494 ἐκείνων
1633 1461 1690 1494 εἶπε
1701 1466 1775 1501 τότε,

211 1523 275 1540 nem
287 1514 430 1542 habebitis
438 1525 449 1546 ;
460 1519 484 1541 et
496 1523 589 1542 rursus
598 1514 691 1542 beatus
700 1515 799 1543 Paulus
806 1517 876 1544 clara
888 1527 953 1544 voce
971 1522 989 1545 C
1005 1510 1030 1538 τί
1042 1511 1156 1544 ὅπλίζέῑς
1169 1514 1240 1548 ἡμᾶς
1249 1533 1256 1545 ,
1274 1512 1390 1549 πολέμου
1406 1513 1452 1540 Οὐκ
1464 1512 1551 1547 ὄνῒῦςζ
1566 1512 1591 1540 τί
1613 1512 1700 1550 μάῒῑιν
1710 1514 1776 1549 ἡμῖν

210 1558 305 1586 clamet
321 1565 345 1587 et
361 1558 444 1593 dicat,
463 1560 530 1587 Non
551 1566 592 1588 est
608 1561 690 1588 nobis
706 1561 787 1589 lucta
811 1562 953 1591 adversus

209 1607 381 1644 sanguinem
396 1611 423 1633 et
446 1615 564 1634 carnem
578 1618 590 1639 ,·
608 1613 633 1634 et
660 1617 761 1642 rursus,
783 1608 869 1636 Stetis
885 1619 952 1648 ergo

208 1653 350 1679 succincti
361 1651 474 1679 lumbos
490 1658 605 1680 vestros
616 1654 647 1680 in
660 1655 794 1682 veritate.
814 1654 849 1682 Et
861 1655 951 1683 nullus

207 1696 255 1725 illo
275 1703 395 1735 tempore
406 1696 486 1732 dixit,
506 1697 582 1731 Quid
602 1708 649 1726 nos
667 1709 765 1732 armas,
786 1699 830 1727 dic
851 1711 950 1738 qurrso,

206 1753 268 1772 cum
282 1753 334 1771 non
358 1743 392 1771 sit
413 1743 541 1771 bellum?
558 1754 605 1772 cur
625 1744 702 1772 nobis
725 1751 823 1773 temere
846 1747 950 1785 negotia

204 1789 342 1818 exhibes?
365 1789 454 1817 loricis
474 1789 564 1818 induis
585 1790 701 1825 milites,
727 1802 788 1819 cum
815 1792 951 1830 quiescere

205 1835 283 1863 liceat
292 1841 316 1863 et
328 1835 442 1863 recreari
454 1835 467 1863 ἶ)
482 1835 527 1863 sed
538 1835 559 1863 si
571 1835 632 1873 quis
640 1836 698 1864 haec
704 1835 826 1873 dixisset,
837 1848 949 1878 respon-

204 1891 265 1909 sum
277 1880 318 1909 illi
333 1881 425 1909 fuisset
442 1893 448 1908 :
465 1882 585 1909 Maxime
598 1881 719 1920 quidem,
739 1883 787 1911 etsi
807 1894 859 1912 non
883 1892 949 1914 esset

204 1927 318 1964 bellum,
332 1934 465 1966 oporteret
477 1928 510 1956 de
523 1927 593 1956 bello
609 1939 701 1957 curam
709 1939 800 1967 gerere
811 1937 835 1958 et
850 1931 948 1960 sollici-

203 1972 336 2001 tudinem.
350 1974 419 2001 Nam
433 1973 479 2011 qui
495 1973 521 2001 in
537 1984 600 2012 pace
614 1973 647 2002 de
658 1974 948 2015 praelioestsollieitus,

204 2018 254 2046 erit
268 2019 396 2047 terribilis
423 2019 450 2047 in
471 2026 591 2058 tempore
613 2020 700 2059 praelii
716 2032 722 2048 :
739 2021 785 2059 qui
808 2029 896 2051 autem
911 2030 949 2052 est

205 2066 241 2093 rei
256 2065 360 2093 bellicae
386 2065 536 2105 imperitu5‚
551 2066 632 2094 etiam
655 2067 681 2095 in
697 2078 762 2106 pace
777 2069 863 2106 magis
883 2080 946 2098 con-

205 2111 367 2140 turbabitur.
384 2111 567 2146 Quamobrem
581 2112 594 2140 ‚³
612 2113 747 2148 Quoniam
767 2113 840 2142 ssehit
855 2125 904 2153 pro
916 2115 948 2143 iis

206 2167 265 2194 quae
281 2156 361 2185 habet
372 2180 379 2192 ,
395 2164 420 2185 et
431 2157 537 2185 tristitia
551 2157 685 2186 afficietur
699 2158 769 2196 quod
787 2170 835 2198 pro
850 2160 883 2188 iis
895 2171 946 2189 non

206 2202 289 2240 possit
300 2213 428 2241 pugnare.
445 2202 547 2231 Timidi
563 2203 634 2231 enim
647 2210 672 2231 et
684 2203 799 2243 imperiti
815 2212 840 2233 et
850 2216 947 2244 pugnae

206 2248 293 2286 ignari
309 2248 377 2277 bona
391 2256 415 2277 et
426 2248 604 2288 possessiones
616 2256 678 2277 sunt
699 2250 819 2278 omnium
836 2251 947 2281 fortium

207 2301 232 2323 et
247 2296 293 2333 qui
306 2296 394 2324 sciunt
407 2297 517 2325 bellare.
542 2297 721 2332 Quamobrem
736 2305 875 2337 propterea
889 2300 946 2339 pri-

207 2351 282 2369 mum
291 2353 338 2370 vos
353 2353 438 2371 armo.
455 2343 559 2371 Deinde
572 2354 635 2372 vero
647 2343 710 2372 belli
722 2354 827 2383 quoque
840 2352 947 2385 tempus

207 2392 246 2413 est
257 2391 341 2414 totum
362 2394 466 2426 tempus
480 2388 542 2415 vitae
558 2394 663 2416 nostrae.
682 2388 825 2423 Quomodo
840 2395 865 2417 et
880 2401 946 2428 qua-

208 2441 268 2460 nam
294 2433 420 2461 ratione?
438 2434 562 2462 Imminet
583 2445 688 2474 semper
710 2434 846 2465 diabolus.
875 2436 945 2465 Audi

240 2534 249 2544 ¹
269 2526 337 2550 Unus
349 2525 433 2550 Codex
447 2526 529 2559 [Com
546 2529 602 2557 713,
617 2534 640 2552 ct
656 2537 733 2561 marg.
749 2529 939 2563 Sari1.1132573172·

1005 1556 1151 1596 πράγματα
1174 1556 1315 1596 παρέχεις;
1341 1557 1492 1595 θωρακίζεις
1518 1557 1575 1590 τοὺς
1598 1556 1775 1597 στρατιώτας,

1005 1602 1059 1635 ἐξὸν
1076 1603 1256 1631 ἀναπαύεσθαι
1268 1603 1313 1631 καὶ
1328 1603 1485 1642 {wlff-[eru
1499 1605 1556 1632 ἀλλ’
1579 1603 1651 1641 εἴπερ
1666 1615 1706 1636 τις
1719 1599 1777 1632 εἶπε

1004 1650 1104 1684 ταῦτα,
1126 1649 1321 1687 ἀνθυπήνεγκεν
1337 1649 1367 1677 οἷν
1379 1660 1384 1665 ·
1403 1649 1520 1686 μάλιστα
1544 1649 1591 1687 μὲν
1616 1644 1670 1685 οῦν,
1692 1649 1776 1678 εἶκαὶ

1005 1693 1041 1731 μὴ
1062 1690 1094 1729 ἦν
1108 1694 1237 1731 πόλεμος,
1253 1694 1303 1722 ἔδει
1330 1694 1363 1722 τὰ
1384 1697 1429 1723 τοῦ
1448 1694 1564 1732 πολέμου
1587 1700 1727 1734 μεριμνᾷν.
1740 1694 1776 1723 ‘0

1003 1739 1053 1778 γὰρ
1075 1742 1100 1768 ἐν
1125 1740 1214 1779 εἰρήνῃ
1236 1742 1287 1768 τῶν
1313 1741 1360 1774 τῆς
1387 1741 1475 1779 μάχης
1499 1741 1651 1779 φροντίζων,
1666 1741 1775 1780 φοὸερὸς

1003 1784 1077 1813 ἔσται
1090 1787 1115 1814 ἐν
1128 1788 1166 1824 τῷ
1188 1788 1272 1825 καιρῷ
1287 1788 1334 1820 τῆς
1349 1786 1451 1825 μάχης-
1468 1788 1481 1814 ὁ
1495 1786 1521 1815 δὲ
1543 1786 1649 1826 ἄπειρος
1659 1788 1712 1815 τῶν
1725 1798 1774 1816 πο-

1002 1831 1130 1868 λεμικῶν,
1147 1832 1246 1869 μᾶλλον
1271 1831 1479 1871 Οορυὲἷηθήσεται
1495 1832 1540 1860 καὶ
1563 1834 1589 1861 ἐν
1613 1832 1714 1871 εἰρήνῃ.
1736 1833 1774 1862 Τί

1002 1877 1114 1912 δήποτε,
1129 1877 1192 1906 “On
1207 1877 1365 1916 δακρύσεται
1379 1878 1446 1916 ὑπὲρ
1465 1873 1500 1905 ὧν
1521 1877 1592 1916 ἔχει,
1609 1878 1654 1906 καὶ
1669 1878 1708 1906 ὅτι
1733 1878 1770 1916 μὴ

1004 1923 1143 1960 δυνάμενος
1158 1925 1321 1962 ὑπερμαχεῖν
1334 1925 1428 1958 αὐτῶν,
1443 1923 1638 1958 ὁδυνηθῆσεται.
1654 1925 1709 1953 Τοῦ
1720 1925 1772 1963 γὰρ

1003 1969 1088 1997 δειλοῦ
1100 1969 1145 1997 καὶ
1161 1969 1268 2008 ἀπείρου
1286 1969 1330 1996 καὶ
1343 1968 1408 2007 πρὸς
1422 1968 1469 2001 τὰς
1484 1969 1573 2008 μάχας
1594 1969 1724 2007 βαναύσου
1737 1970 1771 1999 τὰ

1001 2015 1126 2052 κτήματα
1141 2015 1245 2043 πάντων
1258 2015 1311 2043 ἐστὶ
1325 2016 1375 2043 τῶν
1391 2015 1515 2053 ἀνδρείων
1531 2015 1575 2043 καὶ
1589 2017 1713 2053 πολεμεῖν
1729 2018 1770 2044 εἶ-

1002 2060 1082 2089 &dum
1092 2072 1098 2078 ·
1110 2060 1179 2089 ὥστε
1191 2060 1234 2089 διὰ
1249 2063 1325 2089 τοῦτο
1337 2062 1440 2100 πρῶτον
1455 2063 1523 2097 ὑμᾶς
1536 2060 1644 2093 ὁπλίζω.
1656 2061 1771 2090 Ἔπειτα

1003 2106 1028 2134 δὲ
1053 2106 1098 2135 καὶ
1120 2106 1236 2144 πολέμου
1257 2107 1346 2146 καιρὸς
1360 2111 1412 2138 πᾶς
1433 2109 1446 2134 ὁ
1471 2109 1518 2141 τῆς
1534 2108 1601 2141 ζωῆς
1614 2108 1691 2145 ἡμῶν
1715 2107 1771 2137 ἐστὶ

1001 2152 1102 2190 χρόνος.
1114 2153 1178 2185 Πῶς
1193 2152 1238 2180 καὶ
1250 2152 1301 2180 τίνι
1316 2152 1422 2191 τρόπῳ,
1435 2151 1469 2180 Ὁ
1484 2151 1603 2184 διάὸολος
1626 2152 1769 2191 ἐφέστηκεν

1002 2198 1052 2226 ἀεί.
1068 2198 1192 2228 Ἄκουσον
1207 2198 1232 2226 τί
1244 2198 1305 2238 περὶ
1319 2199 1397 2226 αὐτοῦ
1414 2210 1478 2236 φησι
1489 2210 1494 2215 ·
1509 2198 1678 2237 περιέρχεται
1689 2199 1771 2238 ὠρυό-

1005 2256 1079 2281 μενος
1094 2247 1129 2276 ὡς
1139 2244 1216 2278 λέων,
1233 2244 1351 2283 ἁρπάσαι
1365 2243 1456 2272 θέλων.
1472 2244 1619 2282 Σωματικὰ
1633 2245 1704 2280 πάθη
1717 2257 1771 2282 μυ-

1005 2289 1048 2327 ρία
1064 2290 1208 2319 ἐπιτίθεται
1220 2293 1293 2328 ἡμῖν,
1305 2289 1371 2328 ἅπερ
1387 2291 1529 2327 ἀναγκαῖον
1544 2290 1664 2326 διελθεῖν,
1676 2289 1718 2318 ἵνα
1733 2290 1771 2329 μὴ

1004 2337 1090 2375 μάτην
1107 2337 1214 2370 ἑαυτοὺς
1226 2339 1380 2375 ἀπατῶμεν.
1395 2338 1431 2366 Τί
1445 2338 1506 2378 γὰρ,
1519 2338 1577 2367 εἶπέ
1591 2350 1651 2376 μοι,
1664 2341 1728 2376 ἡμῖν
1742 2341 1771 2368 οὗ

1002 2389 1129 2425 πολεμεῖς
1156 2390 1184 2416 οὐ
1204 2389 1333 2423 πλοῦτος,
1355 2387 1468 2424 κᾶλλος,
1494 2387 1594 2427 τρυφὴ,
1613 2388 1768 2423 δυναστεία,

1003 2438 1120 2472 ἐξουσία,
1145 2437 1293 2476 βασκανία,
1307 2437 1383 2473 δόξα,
1398 2437 1521 2474 ἀπόνοια;
1536 2438 1576 2466 Οὐ
1595 2436 1646 2476 γὰρ
1661 2436 1738 2474 μόνον
1752 2441 1769 2473 ἡ

950 2552 955 2562 ,
969 2540 1023 2564 quse
1034 2530 1109 2556 lectio
1121 2539 1170 2555 nou
1184 2536 1219 2555 est
1233 2529 1380 2562 spernenda-
