1893 2860
446 211 479 233 IN
507 209 613 232 EPIST.
644 209 667 231 l.

697 208 742 230 An
768 207 909 230 TlMOTll.

1565 191 1655 226 (352st

938 207 1016 229 CAP-
1046 206 1070 229 1.
1099 206 1216 229 nomn„
1247 205 1294 228 111.

94 276 121 305 δὲ
137 273 306 314 παρασίτοις,
319 274 343 301 οἱ
357 272 384 302 δὲ
399 271 514 307 κόλαξιν,
528 273 551 300 οἱ
574 271 601 300 δὲ
623 270 715 309 τέρασι
737 269 781 298 καὶ
805 282 861 307 μω·
880 272 898 294 Ε
917 279 966 308 pro
976 268 1080 307 magnis
1090 268 1180 304 rebus,
1194 267 1242 296 sed
1253 277 1301 306 pro
1312 276 1379 306 pane
1391 271 1504 302 tantum,
1514 275 1546 293 ne
1557 264 1657 294 admit-

94 329 145 364 ροῖς
155 324 199 353 καὶ
212 323 326 356 νοίννοις·
341 323 448 362 καὶγὰρ
461 321 494 350 τὰ
508 323 555 356 τ’ἧς
569 321 669 361 φύσεως
679 320 861 360 ἁμαρτήματα

91 377 174 403 ταῦτα
186 374 306 413 φέρουσιν
320 374 355 406 εἷς
365 372 466 413 τέρψιν.
492 372 544 401 Καὶ
559 371 643 410 φίλοις
656 376 709 403 τοῖς
724 371 805 403 ὄντως
817 370 862 410 ’ρί-

91 426 147 458 λοις
161 424 283 453 οὐδέποτε
302 426 456 463 φθονοῦμεν,
471 422 528 452 οὐδὲ
553 422 700 460 δακνόμεθα
714 424 747 459 τῇ
763 421 862 450 τούτων

93 474 237 515 εὐπραγία·
250 474 294 503 ἐπὶ
310 473 336 503 δὲ
358 477 403 503 τοῦ
425 474 539 514 Χριστοῦ
559 472 604 502 καὶ
619 475 694 501 τοῦτο
707 471 846 511 πάσχομεν
856 484 862 489 ·

93 525 138 554 καὶ
157 524 263 563 μείζονα
277 524 327 553 ἴδοι
351 536 390 557 τις
412 523 442 551 ἂν
457 523 504 559 τὴν
521 522 608 562 φιλίαν
623 521 774 561 ἰσχύουσαν,
788 521 805 556 ἢ
820 521 864 550 τὸν

93 577 139 606 τοῦ
154 576 223 605 Θεοῦ
235 574 322 614 φόέον.
343 574 397 603 Καὶ
418 573 469 614 γὰρ
490 575 503 602 ὁ
525 573 636 606 ὕπουλος
654 573 698 602 καὶ
715 575 728 602 ὁ
743 573 865 612 φθονερὸς

96 627 196 664 μᾶλλον
211 629 256 654 τοῦ
267 626 336 654 Θεοῦ
346 624 404 657 τοὺς
419 624 570 664 ἀνθρώπους
585 625 705 652 αἰδεῖται.
718 624 796 660 Πῶς,
814 623 866 662 ἐγὼ

95 677 178 716 λε’-(ω’
194 677 234 706 ὅτι
256 679 301 706 τοῦ
324 676 371 714 μὲν
384 677 453 704 Θεοῦ
469 677 581 715 ὁρῶντος
601 676 635 704 τὰ
650 674 718 704 κατὰ
737 674 847 714 καρδίαν
858 697 865 710 ,

97 729 145 757 οὐκ
164 727 306 767 ἀφίσταται
330 726 465 765 ἅνθρωπος
485 726 574 759 δόλους
595 726 717 766 ῥάπτων·
733 725 763 755 ἂν
778 725 805 755 δὲ
821 726 867 754 ἅν-

98 781 200 818 θρωπον
221 778 263 816 ἴδῃ
288 777 436 816 ἅνθρωπος,
459 776 601 812 ἀπόλωλε,
622 776 667 804 καὶ
695 777 810 816 ἐρυθριᾷ.
832 775 868 805 Τί

97 831 174 857 τοῦτο
194 828 280 866 λε’γω;
307 827 372 866 πρὸς
390 827 463 865 φίλον
485 825 532 864 μὲν
557 826 718 864 κακούμενον
749 826 867 866 ἀπερχό-

99 880 174 916 μεθα,
197 877 246 905 κᾶν
263 877 354 916 μικρόν
377 889 403 905 τι
431 876 639 915 ἀναῧαλώμεθα,
661 876 809 916 εροὸούμεθα
831 875 867 914 μὴ

97 929 324 967 καταγνωσθῶμεν
335 939 340 945 ·
352 929 396 956 τοῦ
414 927 441 956 δὲ
459 928 573 967 Χριστοῦ
586 927 712 959 πολλάκις
724 929 750 956 ἐν
764 928 869 965 δεσμοῖς

98 977 273 1010 ἀποθανόντος
284 1000 292 1014 ,
308 978 367 1006 οὐδὲ
386 977 596 1017 ἐπεσκεψάμεθα.
611 977 663 1006 Καὶ
674 977 738 1016 πρὸς
753 976 812 1010 τοὺς
826 977 869 1017 <pt-

98 1029 159 1062 λους
174 1027 201 1058 δὲ
213 1027 272 1061 τοὺς
286 1028 409 1064 πιστοὺς,
423 1029 471 1057 οὐκ
492 1027 583 1063 ἐπειδὴ
595 1027 684 1057 πιστοί
696 1030 770 1064 εἰσιν,
784 1029 869 1067 ἀπερ-

100 1077 216 1118 χόμεθα,
228 1080 286 1108 ἀλλ’
300 1078 390 1114 ἐπειδὴ
411 1078 490 1118 φίλοι.

141 1248 224 1288 Ὁρᾷς
238 1247 311 1277 οὐδὲν
332 1248 406 1287 φόέῳ
427 1248 498 1277 Θεοῦ
516 1248 662 1286 γινόμενον,
683 1247 742 1276 οὐδὲ
759 1248 797 1287 τῷ
811 1247 872 1286 περὶ

103 1298 179 1326 αὖτὸν
189 1297 289 1336 φίλτρῳ
298 1320 305 1333 ,
319 1297 386 1326 ἀλλὰ
410 1296 443 1325 τὰ
468 1296 516 1334 μὲν
530 1297 602 1336 φιλίᾳ
612 1320 619 1333 ,
631 1296 664 1325 τὰ
688 1297 714 1325 δὲ
732 1297 872 1335 συνηθείᾳ,

101 1347 233 1387 “Ορῶντες
245 1346 319 1386 (ρίλον
341 1347 528 1384 ἀποδημοῦντα
537 1369 544 1382 ,
563 1346 688 1384 κλαίομεν
697 1369 704 1382 ,
730 1346 854 1384 στένομεν
863 1368 870 1382 ,

102 1397 132 1426 ἂν
153 1396 180 1425 δὲ
203 1397 248 1425 καὶ
268 1396 433 1425 ἀποθανόντα
455 1396 564 1435 ἴδωμεν,
578 1397 774 1436 ὁλοφυρόμεθα,
787 1397 873 1425 καίτοι

101 1460 131 1488 γε
142 1447 239 1480 εἰδότες
258 1447 300 1477 ὅτι
319 1449 347 1475 οὐ
368 1447 509 1479 διαπαντὸς
525 1449 601 1484 ἡμῶν
615 1447 798 1483 διαστήσεται,
814 1448 872 1476 ἀλλ’

103 1497 180 1528 αὖτὸν
194 1499 221 1526 ἐν
238 1499 270 1536 τῇ
286 1496 428 1526 ἀναστάσει
439 1497 645 1535 ἀποληψόμεθα·
659 1499 704 1525 τοῦ
716 1497 742 1526 δὲ
757 1498 872 1536 Χριστοῦ

102 1547 281 1587 χωριζομένου
297 1549 373 1585 ἡμῶν
391 1549 450 1576 καθ’
467 1547 580 1582 ἑκάστην
603 1547 716 1586 ἡμέραν,
731 1548 830 1585 μᾶλλον
846 1546 873 1576 δὲ

103 1598 146 1627 τὸν
165 1598 280 1638 Χριστὸν
295 1599 354 1626 καθ’
369 1597 483 1632 ἑκάστην
504 1597 606 1637 ἡμέραν
627 1597 815 1630 ἀπελαύνοντες
826 1599 871 1637 ἀφ’

101 1651 190 1687 ἡμῶν,
206 1650 253 1678 οὒκ
268 1649 398 1687 ἀλγοῦμεν
409 1671 417 1684 ,
427 1647 485 1677 οὐδὲ
497 1648 579 1677 δεινόν
591 1660 617 1676 τι
635 1653 719 1677 ποιεῖν
732 1649 871 1687 νομίζομεν

103 1700 253 1732 ἀδικοῦντες
262 1722 270 1735 ,
280 1700 435 1735 λυποῦντες,
445 1698 645 1738 παροξύνοντες,
652 1698 685 1728 τὰ
698 1698 735 1737 μὴ
749 1700 873 1728 δοκοῦντα

103 1750 176 1789 αὐτῷ
190 1749 360 1788 πράσσοντες.
373 1748 443 1777 Ἀλλ’
459 1748 533 1777 οὔπω
550 1752 626 1778 τοῦτο
636 1749 755 1788 φρικτὸν,
771 1750 794 1777 εἰ
805 1749 872 1787 μηδὲ

101 1801 138 1833 ὡς
155 1799 223 1839 φίλῳ
234 1800 303 1839 αὐτῷ
315 1798 482 1838 κεχρήμεθα·
498 1798 549 1836 ἐγὼ
559 1798 610 1838 γὰρ
622 1799 696 1832 δείξω
705 1821 712 1833 ,
728 1799 768 1828 ὅτι
779 1799 824 1828 καὶ
838 1801 873 1833 ὡς

102 1851 187 1889 ἐχθρῷ
198 1851 268 1889 αὐτῷ
278 1849 415 1888 χρώμεθα.
427 1849 506 1884 Πῶς;
517 1849 557 1878 Τὸ
568 1849 690 1888 φρόνημα
702 1851 749 1884 τ’ῆς
761 1850 857 1889 σαρκὸς
864 1873 872 1886 ,

102 1900 181 1940 φησὶν
192 1902 206 1929 δ
216 1901 335 1934 Παῦλος,
354 1899 436 1938 ἔχθρα
450 1900 486 1932 εἷς
497 1899 575 1929 Θεόν.
589 1899 685 1938 Ἡμεῖς
699 1899 726 1929 δὲ
741 1903 816 1930 τοῦτο
825 1900 872 1939 μὲν

104 1949 146 1978 ἀεὶ
157 1949 340 1989 περιφέρομεν,
354 1949 398 1977 τὸν
409 1948 436 1978 δὲ
452 1949 567 1988 Χριστὸν
580 1949 620 1978 ἀεὶ
637 1950 793 1988 βουλόμενον
809 1953 873 1988 ἡμῖν

106 1999 264 2038 ἐπιτρέχειν,
279 1999 325 2027 καὶ
338 1999 403 2038 πρὸς
417 1998 463 2031 τὰς
477 1998 556 2038 θύρας
565 2001 641 2037 ἡμῶν
657 2000 796 2038 ἐρχόμενον
808 2000 873 2029 διώ-

106 2060 186 2086 κομεν
200 2051 246 2085 (αἱ
260 2048 311 2087 γὰρ
325 2047 438 2087 πονηραὶ
459 2048 565 2086 πράξεις
585 2051 661 2076 τοῦτο
681 2049 856 2087 ἐργάζονται)
867 2062 873 2068 ·

105 2098 151 2127 καὶ
164 2100 290 2136 ποιοῦμεν
311 2098 386 2126 αὐτὸν
401 2097 550 2136 ὑῧρίζεσθαι
564 2099 622 2127 καθ’
635 2098 748 2133 ἑκάστην
759 2099 871 2138 ἡμέραν,

105 2147 149 2177 διὰ
159 2147 206 2180 τὰς
222 2147 372 2180 πλεονεξίας
385 2149 471 2184 ἡμῶν,
482 2147 525 2176 διὰ
537 2147 582 2180 τὰς
594 2148 723 2186 ἁρπαγάς.
733 2148 874 2182 Δοξάζεταί

104 2210 144 2230 τις
161 2198 320 2236 εὐδοκιμῶν,
340 2198 386 2226 καὶ
405 2197 439 2226 τὰ
453 2198 530 2226 αὐτοῦ
552 2197 740 2237 φθεγγόμενος,
759 2198 804 2226 καὶ
825 2198 873 2233 τὴν

104 2246 267 2283 Ἐκκλησίαν
279 2249 402 2287 ὠφελῶν,
420 2248 465 2276 καὶ
479 2251 555 2286 ἡμεῖς
567 2248 651 2288 τούτῳ
670 2251 822 2287 φθονοῦμεν,
834 2249 874 2277 ὅτι

103 2297 137 2327 τὰ
148 2300 193 2326 τοῦ
203 2298 272 2326 Θεοῦ
285 2298 435 2337 ἐργάζεται·
445 2298 489 2326 καὶ
500 2299 625 2336 δοκοῦμεν
638 2298 684 2336 μὲν
697 2301 797 2338 φθονεῖν
809 2299 875 2327 ἐκεί-

103 2359 156 2388 νῳ,
168 2349 182 2376 ὁ
205 2346 232 2376 δὲ
245 2346 335 2385 φθόνος
359 2347 489 2376 διαὲαίνει
513 2349 548 2381 εἷς
569 2348 695 2387 Χριστόν.
712 2348 751 2378 Οὒ
763 2371 770 2384 ,
786 2348 874 2387 φησιν,

104 2397 173 2426 ἀλλὰ
189 2397 336 2436 βουλόμεθα
351 2398 380 2426 οὗ
404 2398 436 2426 δι’
461 2397 566 2438 ἑτέρων,
583 2398 651 2427 ἀλλὰ
672 2399 705 2426 δι’
732 2400 808 2436 ἡμῶν
828 2398 875 2434 τὴν

103 2448 231 2488 ὠφέλειαν
246 2448 374 2486 γίνεσθαι,
399 2449 439 2477 Οὐ
465 2448 507 2477 διὰ
528 2449 571 2478 τὸν
595 2450 727 2488 Χριστὸν,
751 2450 819 2479 ἀλλὰ
839 2450 873 2478 δι’

105 2501 192 2538 ἡμᾶς·
207 2499 263 2528 ἐπεὶ
285 2500 306 2527 εἷ
332 2498 374 2527 διὰ
395 2499 438 2528 τὸν
458 2499 587 2538 Χριστὸν,
617 2499 756 2539 ἀδιάφορον
785 2500 815 2528 ἂν
842 2495 874 2535 ἦν

106 2552 170 2587 ἡμῖν
193 2549 223 2578 τὸ
236 2549 282 2578 καὶ
307 2549 340 2577 δι’
360 2549 468 2588 ἑτέρων,
484 2550 529 2578 καὶ
550 2550 582 2578 δι’
601 2552 678 2588 ἡμῶν
698 2553 783 2579 ταῦτα
803 2550 875 2589 γίνε-

109 2604 178 2628 σθαι.
198 2599 266 2629 Εἰπὲ
277 2599 328 2639 γάρ
341 2612 402 2638 μοι,
423 2600 446 2629 εἴ
466 2612 503 2633 τις
525 2601 612 2640 ἰατρὸς
630 2602 713 2630 παῖδα
734 2601 801 2640 ἔχων
826 2614 874 2630 τυ-

886 678 903 700 F

878 801 913 819 555

887 830 906 851 A

916 315 999 343 timus
1011 314 1140 354 quidem;
1158 313 1239 353 idque
1253 314 1319 342 dum
1334 324 1367 341 ex
1380 312 1490 352 crapula
1504 318 1657 341 eructamus

915 361 1025 395 foetida,
1041 360 1235 395 distendimur,
1252 359 1338 388 ventri
1352 358 1533 396 indulgemus,
1551 358 1656 386 hester—

917 416 981 434 num
998 417 1104 444 quoque
1115 406 1208 435 vinum
1221 405 1354 444 spiramus
1364 427 1372 441 ,
1385 403 1558 441 deliciamur;
1571 410 1597 432 et
1611 403 1658 432 alii

917 450 1024 489 quidem
1037 450 1220 479 meretricibus
1235 450 1398 488 largiuntur,
1409 449 1453 477 alii
1466 449 1600 488 parasitis,
1613 448 1660 476 alii

917 496 1118 529 adulatoribus,
1139 495 1279 531 monstris,
1299 495 1380 523 fatuis
1395 501 1420 523 et
1435 495 1511 523 nanis
1533 506 1539 522 :
1557 501 1661 522 naturae

919 541 1019 580 quippe
1036 540 1155 569 defectus
1172 541 1199 569 in
1220 551 1295 569 suam
1311 547 1467 568 convertunt
1486 540 1660 579 voluptatem.

921 587 1032 624 Amicis,
1047 597 1109 616 vere
1123 586 1227 622 amicis,
1244 596 1393 623 numquam
1407 586 1663 624 i11vide1nus,11cque

922 631 956 660 de
974 630 1083 659 illorum
1098 630 1222 659 felicitate
1238 629 1394 658 mordemur
1411 641 1417 656 :
1437 629 1506 657 eirca
1526 630 1664 658 Christum

922 684 1010 706 autem
1025 677 1075 705 hoc
1089 676 1223 716 patimur,
1242 685 1272 703 ac
1287 675 1347 714 plus
1362 674 1453 703 videas
1467 674 1612 703 amicitiam
1628 674 1665 702 il-

922 725 976 753 lam
987 725 1091 761 valere,
1106 735 1186 762 quam
1198 723 1250 752 Dei
1262 723 1397 751 timorem.
1406 721 1516 750 Etenim
1527 721 1666 750 simulator

923 777 948 799 et
973 770 1082 799 invidus
1104 769 1226 798 homines
1247 769 1308 808 plus
1332 778 1413 806 quam
1439 768 1526 796 Deum
1550 774 1666 796 veretur.

924 814 1090 850 Quomodo?
1108 824 1156 853 ego
1177 813 1266 842 dicam
1287 825 1293 841 :
1316 814 1378 851 quia
1402 821 1465 840 eum
1484 812 1558 840 Deus
1577 810 1668 840 videat

924 872 982 900 quae
995 861 1022 890 in
1032 860 1111 890 corde
1126 867 1254 899 aguntur,
1267 859 1347 888 homo
1364 859 1440 888 dolos
1452 865 1542 887 texere
1552 868 1604 886 non
1620 857 1669 886 de-

923 909 1000 945 sini13
1014 909 1037 937 si
1052 915 1141 937 autem
1152 909 1232 936 homo
1247 907 1292 935 ille
1303 906 1441 935 hominem
1453 905 1562 942 videat,
1578 905 1669 944 periit,

923 954 1063 983 erubescit.
1086 953 1161 990 Quid
1175 953 1227 981 hoc
1246 952 1459 985 dieo?amicum
1477 951 1504 979 in
1521 951 1669 979 afflictione

924 1008 1074 1031 versantem
1095 999 1221 1035 adimus;
1237 999 1260 1027 si
1278 999 1322 1028 vel
1340 997 1478 1026 tantillum
1493 996 1666 1033 differamus,

924 1047 1050 1075 timemus
1064 1056 1095 1074 ne
1107 1044 1291 1084 improbemur
1306 1055 1312 1071 ι
1328 1043 1466 1072 Christum
1480 1052 1545 1071 vero
1561 1042 1587 1070 in
1603 1042 1668 1071 vin-

925 1093 993 1120 culis
1003 1102 1072 1131 saepe
1085 1091 1251 1125 morientem,
1262 1099 1295 1117 ne
1306 1088 1449 1117 invisimus
1462 1086 1581 1125 quidem.
1595 1087 1669 1115 Ami—

925 1149 969 1167 cos
983 1145 1072 1166 autem
1090 1136 1199 1174 fideles,
1216 1146 1267 1164 non
1282 1134 1345 1174 quia
1362 1134 1453 1163 fideles
1468 1140 1530 1162 sunt
1545 1132 1667 1168 adjmus,

926 1184 973 1214 sed
988 1184 1049 1223 quia
1064 1183 1156 1213 amici.

966 1239 994 1267 4.
1010 1236 1110 1267 viden’
1126 1235 1196 1264 nihil
1213 1245 1247 1264 ex
1265 1234 1316 1263 Dei
1332 1234 1428 1262 timore
1443 1233 1513 1268 fieri,
1532 1242 1619 1271 neque
1637 1243 1671 1261 ex

927 1282 984 1320 ejus
998 1291 1105 1315 amore,
1124 1280 1169 1308 sed
1186 1279 1238 1307 alia
1254 1282 1287 1307 ex
1299 1277 1417 1306 amicitia
1428 1300 1436 1314 ,
1449 1277 1502 1305 alia
1513 1287 1547 1305 ex
1562 1286 1671 1305 consue-

928 1325 1022 1354 tudine
1033 1325 1046 1353 ἶ)
1059 1324 1185 1353 Amicum
1199 1322 1318 1351 videntes
1329 1332 1440 1361 peregre
1448 1320 1671 1360 proficiscentem,

928 1371 1033 1406 flemus,
1057 1369 1273 1408 ingemiscimus;
1294 1367 1317 1396 si
1337 1377 1401 1395 vero
1419 1373 1556 1395 mortuum
1574 1365 1671 1394 videa-

928 1428 998 1451 mus,
1010 1416 1173 1456 plangimus,
1187 1413 1289 1442 etiamsi
1302 1412 1419 1441 sciamus
1429 1423 1490 1440 eum
1501 1422 1515 1440 a
1530 1411 1608 1440 nobis
1620 1422 1672 1440 non

928 1469 1057 1502 perpetuo
1071 1467 1224 1500 separatum
1242 1458 1293 1495 iri,
1309 1457 1355 1486 sed
1370 1468 1418 1486 nos
1432 1457 1460 1486 in
1481 1457 1674 1485 resurreetione

927 1509 1018 1549 ipsum
1039 1517 1094 1536 esse
1117 1511 1319 1545 recuperaturos
1345 1515 1351 1530 ι
1375 1513 1437 1531 eum
1463 1513 1526 1532 vero
1550 1502 1673 1531 Christus

927 1551 1050 1592 quotidie
1067 1556 1205 1590 separetur
1223 1560 1238 1577 a
1257 1547 1355 1584 nobis;
1376 1546 1432 1575 imo
1452 1557 1514 1575 cum
1534 1546 1672 1575 Christum

927 1598 1050 1638 quotidie
1066 1596 1244 1636 depellamus,
1266 1604 1318 1622 non
1339 1592 1474 1630 dolemus,
1495 1602 1578 1630 neque
1593 1602 1674 1630 grave

928 1644 1071 1684 quidpiam
1087 1653 1135 1671 nos
1149 1642 1235 1670 facere
1250 1647 1377 1680 putamus
1389 1661 1398 1676 ,
1418 1638 1484 1666 dum
1500 1638 1599 1677 injuste
1610 1637 1674 1675 agi-

929 1701 1000 1724 mus,
1015 1690 1080 1718 dum
1093 1685 1407 1727 asfligimus‚irritamu5,
1424 1690 1449 1713 et
1464 1694 1524 1722 qum
1548 1683 1601 1721 ipsi
1620 1693 1673 1711 non

928 1737 1036 1777 placent
1048 1735 1170 1764 facimus.
1181 1732 1234 1771 Sed
1242 1731 1362 1760 nondum
1373 1730 1408 1759 ita
1418 1729 1553 1758 horrenda
1564 1739 1605 1757 res
1616 1735 1655 1757 est
1663 1750 1672 1765 ,

928 1785 950 1814 si
972 1784 1019 1813 illo
1035 1793 1088 1812 non
1108 1782 1213 1810 utimur
1228 1786 1257 1808 ut
1272 1778 1375 1815 amic03
1390 1788 1439 1816 ego
1454 1787 1518 1807 vero
1533 1776 1672 1805 ostendam

929 1841 977 1860 nos
987 1830 1034 1858 illo
1046 1836 1074 1857 ut
1086 1827 1194 1856 inimico
1203 1825 1253 1854 uti.
1261 1824 1425 1860 Quomodo?
1433 1824 1600 1852 Prudentia
1609 1832 1671 1850 car·
1683 1835 1750 1857 Rom.
1761 1836 1783 1858 g,
1803 1842 1828 1863 7,

929 1880 974 1907 nis
984 1899 991 1913 ,
1005 1876 1094 1914 inquit
1109 1874 1223 1909 Paulus,
1238 1873 1358 1900 inimica
1373 1876 1416 1898 est
1433 1871 1498 1900 Dei.
1513 1870 1568 1898 Nos
1582 1875 1670 1898 autem

927 1923 979 1952 hoc
1003 1931 1107 1960 semper
1128 1916 1342 1947 circumferimus
1350 1927 1359 1953 3
1379 1915 1520 1943 Christum
1543 1924 1608 1944 vero
1623 1913 1671 1952 qui

931 1977 1036 2006 semper
1054 1966 1088 1994 ad
1100 1975 1147 1993 nos
1160 1963 1223 1993 vult
1238 1971 1387 1997 accurrere,
1407 1960 1441 1988 ad
1454 1961 1552 1999 januas
1567 1966 1671 1989 nostras

929 2013 1079 2043 venientem
1090 2019 1210 2038 arcemus
1219 2007 1300 2043 (mala
1311 2006 1382 2035 enim
1391 2016 1470 2045 opera
1482 2005 1534 2034 hoc
1545 2005 1669 2043 faciunt);

930 2059 1035 2098 ipsique
1049 2054 1223 2085 contumelias
1237 2051 1357 2091 quotidie
1373 2050 1465 2080 inferri
1488 2061 1612 2079 curamus
1623 2061 1672 2090 per

929 2107 1072 2138 avaritiam
1083 2113 1108 2134 et
1122 2115 1168 2145 per
1187 2103 1295 2143 rapinas
1319 2109 1430 2130 nostras.
1442 2100 1583 2129 Laudatur
1597 2101 1672 2138 quis-

928 2160 1001 2199 piam
1028 2157 1076 2196 qui
1102 2155 1240 2185 Christum
1261 2153 1389 2193 praedicat
1411 2152 1522 2180 etfama
1548 2151 1624 2179 floret
1645 2157 1671 2179 et

929 2210 1054 2240 Ecclesiae
1078 2207 1152 2237 utilis
1172 2206 1236 2235 est?
1259 2215 1307 2233 nos
1325 2209 1414 2232 autem
1437 2202 1478 2230 illi
1499 2201 1668 2238 invidemus,

927 2262 990 2300 quia
1005 2271 1065 2299 quae
1077 2259 1128 2288 Dei
1143 2264 1205 2287 sunt
1221 2262 1348 2296 operatur
1365 2267 1370 2282 :
1388 2261 1412 2283 et
1423 2253 1549 2283 videmur
1560 2251 1671 2291 quidem

928 2311 969 2339 illi
981 2309 1118 2345 invidere,
1132 2307 1178 2337 sed
1190 2306 1293 2336 invidia
1304 2304 1352 2333 illa
1368 2303 1507 2332 transitad
1521 2302 1668 2331 Christum.

928 2361 1000 2398 Non,
1017 2359 1139 2398 inquies,
1159 2357 1206 2386 sed
1219 2356 1347 2386 volumus
1366 2354 1510 2383 utilitatem
1528 2352 1603 2381 illam
1618 2363 1671 2381 non

928 2420 977 2448 per
988 2408 1054 2436 alios
1064 2430 1071 2444 ,
1086 2406 1131 2436 sed
1150 2416 1197 2445 per
1214 2415 1261 2433 nos
1275 2403 1378 2432 inferri.
1394 2403 1453 2432 Non
1465 2408 1575 2442 propter
1588 2400 1671 2429 Chri-

928 2463 1014 2490 stum,
1039 2454 1085 2484 sed
1102 2460 1211 2494 propter
1233 2462 1281 2480 nos
1306 2464 1311 2479 :
1333 2461 1393 2479 nam
1415 2449 1438 2479 si
1458 2455 1567 2489 propter
1588 2448 1670 2476 Chri-

929 2511 1016 2541 stum,
1038 2502 1106 2532 nihil
1127 2502 1263 2530 interesset
1281 2498 1358 2528 nobis
1377 2504 1469 2526 utrum
1487 2506 1535 2535 per
1553 2495 1619 2523 alios
1637 2505 1669 2523 an

930 2563 977 2592 per
989 2563 1036 2580 nos
1048 2552 1104 2580 lime
1116 2551 1219 2579 fierent.
1236 2547 1288 2577 Dic
1302 2546 1373 2576 enim
1388 2544 1466 2580 mihi,
1476 2544 1498 2572 si
1511 2544 1572 2582 quis
1583 2542 1673 2571 medi-

934 2611 983 2629 cus
995 2600 1082 2629 filium
1092 2599 1193 2627 habens
1202 2597 1228 2625 in
1243 2594 1369 2625 caecitatis
1383 2592 1502 2632 periculo
1514 2597 1674 2629 versantem,
