1893 2860
379 158 410 180 IN
439 158 548 180 EPls'r.
578 158 601 179 Ι.

39 224 94 257 τὸν,
111 221 168 252 οὗδὲ
188 220 341 255 αἰσθήσεται
364 221 410 254 τῆς
437 218 625 258 στενοχωρίας·
638 217 706 247 ὥστε
729 219 742 246 ὁ
764 228 809 254 με·

41 267 190 307 μελετηκὼς
212 265 432 301 ολίὸεσοαι,οὐδὲ
456 265 669 299 ἀποδυσπετῆσει
691 264 756 304 πρὸς
779 262 809 291 τὸ

40 314 181 347 πιέζεσθαι.
195 313 241 347 Μὴ
257 312 342 340 τοίνυν
366 311 432 349 μετὰ
450 311 561 343 ἀνέσεως
577 310 749 349 προσδοκάτω
770 320 810 340 τις

39 359 82 388 τὸν
97 358 203 397 οὐρανὸν
214 358 339 397 ὄψεσθαι·
352 358 380 386 οὐ
392 357 442 396 γὰρ
457 356 505 385 ἔνι.
520 357 621 391 Μηδεὶς
633 355 700 393 μετὰ
711 356 809 394 τρυφῆς

39 404 165 438 ἐλπιζέτω
185 403 232 439 τὴν
252 403 344 438 στενὴν
364 403 461 432 ὁδεύειν
477 403 550 431 ὁδόν·
566 404 594 431 οὐ
612 402 664 441 γὰρ
687 400 806 429 δυνατόν.

40 449 141 486 Μηδεὶς
157 449 206 485 τὴν
221 450 368 489 εὐρύχωρον
384 449 507 488 βαδίζων,
521 448 569 484 τὴν
584 447 653 482 ζωὴν
673 445 810 479 ἐλπιζέτω.

31 496 125 527 Δ’Ὀταν
140 492 182 525 οὖν
203 495 260 534 ἴδῃς
280 495 414 534 λούτροις,
429 494 547 534 τραπέζῃ
565 493 718 528 πολυτελεῖ,
732 491 749 526 ἢ
766 491 811 519 δο-

43 542 175 583 ρυφορίαις
189 543 359 580 ἐντρυφῶντα
374 541 418 570 τὸν
435 542 521 576 δεῖνα,
536 539 573 577 μὴ
588 538 731 576 ταλανίσῃς
744 548 792 565 σαυ
809 553 811 555 -

40 587 95 623 τὸν,
109 588 145 620 ὣς
158 588 187 616 οὗ
203 587 350 625 μετέχοντα
364 586 474 622 τούτων,
487 584 555 614 ἀλλὰ
570 583 689 616 στέναξον
704 583 811 614 ἐκεῖνον,

40 633 80 662 ὅτι
104 633 152 668 τὴν
178 632 362 670 ἀπολλυμένην
387 631 470 660 ὁδεύει
492 630 560 660 ὁδόν.
585 630 620 659 Τί
645 629 696 668 γὰρ
722 628 812 667 ὄφελος

39 679 135 715 ταύτης
156 681 203 714 τῆς
221 677 367 712 ὁδοῧ,ὁ’ταν
388 679 424 709 εἷς
442 678 529 716 Ολῐψιν
549 678 674 715 τελευτᾷ,
688 678 762 703 ποῖον
785 673 812 702 δὲ

44 725 141 764 βλᾶὅος
155 725 200 755 ἀπ’
214 724 314 759 ἐκείνης
332 725 379 758 τῆς
395 722 585 762 στενοχωρίας,
597 722 658 751 ὅταν
674 723 709 753 εἷς
725 721 813 749 ἄνεσιν

42 771 166 811 ἔρχηται,
183 770 252 800 Εἰπέ
268 781 327 808 μοι,
345 770 420 802 εἴτις
436 770 472 801 εἷς
485 770 518 797 τὰ
543 769 663 807 βασίλεια
685 766 814 804 καλούμε-

43 829 102 853 νος,
119 816 162 845 διὰ
182 818 323 845 στενωπῶν
346 815 474 854 θλιὸερῶν
497 815 542 843 καὶ
565 813 744 853 ἁποκρήμνων
767 814 814 851 βα-

43 863 124 898 δίζοι,
141 862 228 902 ἕτερος
244 862 272 891 δέ
291 873 330 896 τις
350 861 398 896 τὴν
421 861 466 889 ἐπὶ
489 860 599 890 Θάνατον
623 860 750 898 ἀγόμενος
773 858 815 887 διὰ

44 908 127 947 μέσης
147 908 253 937 ἕλκοιτο
273 910 320 943 τ-’ῆς
342 909 453 946 ἀγορᾶς,
465 907 525 935 τίνα
548 909 743 946 μακαριοῧμεν,
757 905 814 933 τίνα

45 954 219 992 στενάξομεν;
241 955 270 983 οὖ
292 954 334 982 τὸν
357 953 399 982 διὰ
418 955 466 988 τῆς
488 952 637 992 εὖρυχώρου
662 952 816 990 βαδίζοντα,

45 1000 124 1030 Οὕτω
148 1012 193 1029 και
219 1003 276 1036 νῦν,
293 999 329 1037 μὴ
354 998 414 1032 τοὺς
436 1000 588 1039 τρωῶντας
615 998 814 1037 μακαρίζωμεν,

47 1046 116 1075 ἀλλὰ
139 1057 198 1079 τους
221 1045 257 1084 μὴ
280 1047 448 1084 τρυφῶντας·
463 1047 533 1073 οὗτοι
555 1044 620 1083 πρὸς
642 1044 686 1072 τὸν
711 1044 818 1084 οὐρανὸν

49 1091 215 1128 σπεύδουσιν,
231 1093 325 1120 εκεῖνοι
339 1090 404 1129 πρὸς
425 1102 471 1125 τ7,ν
494 1090 608 1128 γέενναν
627 1089 705 1118 Koa*
695 1101 756 1122 ισως
772 1102 819 1127 μεν

48 1139 134 1167 αὐτῶν
142 1138 235 1166 πολλοὶ
245 1137 289 1166 καὶ
299 1136 457 1176 γελάσονται
468 1135 501 1164 τὰ
511 1135 576 1174 παρ’
585 1137 662 1174 ἡμῶν
672 1136 803 1174 λεγόμενα
814 1147 819 1153 ’

45 1183 98 1221 ἐγὼ
112 1183 139 1213 δὲ
162 1183 279 1222 μάλιστα
300 1182 343 1212 διὰ
358 1185 435 1211 τοῦτο
453 1181 582 1220 ὀδύρομαι
599 1181 644 1210 καὶ
665 1184 761 1221 θρηνῶ,
781 1181 821 1210 ὅτι

46 1229 103 1258 οὐδὲ
117 1230 204 1259 ἴσασιν
217 1231 256 1268 ἐφ’
268 1225 304 1262 οἷς
317 1228 370 1268 χρὴ
383 1229 474 1267 γελᾷν,
485 1227 552 1266 ὑπὲρ
564 1223 599 1256 ὧν
613 1229 693 1267 ἐχρῆν
706 1228 821 1265 μάλιστα

46 1278 162 1304 πενθεῖν·
179 1275 247 1304 ἀλλὰ
270 1275 357 1303 πάντα
378 1274 516 1313 συγχέουσι
533 1274 577 1301 καὶ
592 1274 751 1313 ταράττουσι
777 1274 822 1302 καὶ

47 1321 195 1361 (θορυὸοῧσι.
216 1321 267 1349 Διὰ
279 1323 364 1349 ταῦτα
378 1320 470 1352 αὐτοὺς
491 1319 543 1358 ἐγὼ
560 1321 656 1357 θρηνῶ.
667 1320 703 1348 Τί
717 1319 819 1358 λέγεις,

51 1368 185 1407 ἄνθρωπε,
203 1366 307 1405 μέλλων
323 1365 532 1400 ἀναστήσεσθαι,
553 1365 597 1393 καὶ
618 1364 694 1402 λόγον
719 1364 820 1404 ὑφέξειν

48 1417 101 1444 τῶν
123 1426 164 1444 σοι
185 1413 389 1453 πεπραγμένων,
402 1413 447 1442 καὶ
467 1412 515 1448 τὴν
540 1413 655 1452 ἐσχάτην
674 1413 820 1448 ὑποστήσε-

47 1463 108 1490 σθαι
124 1460 216 1496 δίκην,
231 1460 329 1488 τούτων
347 1459 395 1497 μὲν
416 1458 509 1488 οὐδένα
523 1458 600 1497 λόγον
616 1461 694 1497 ποιῇ,
709 1459 820 1498 γαστρί-

47 1507 136 1539 ζεσθαι
163 1506 190 1534 δὲ
214 1507 324 1544 μελετᾷς
345 1505 391 1533 καὶ
415 1505 535 1543 μεθύειν,
558 1504 604 1533 καὶ
631 1505 695 1544 πρὸς
721 1504 820 1538 τούτοις

46 1554 125 1592 γελᾷς
138 1564 146 1587 3
161 1552 229 1581 Ἀλλ’
245 1551 297 1590 ἐγώ
312 1563 340 1580 σε
360 1553 460 1591 Ορηνῶ,
472 1551 505 1580 τὰ
528 1551 640 1590 μένοντά
662 1563 691 1580 σε
712 1552 819 1581 ἐπιστά-

48 1610 124 1637 μενος
138 1598 224 1633 κακὰ,
240 1598 287 1634 τὴν
310 1597 493 1636 διαδεξομένην
509 1610 538 1627 σε
552 1598 696 1636 τιμωρίαν·
712 1598 756 1627 καὶ
776 1599 819 1628 διὰ

48 1649 124 1674 τοῦτο
140 1647 226 1685 Θρηνῶ
240 1645 370 1682 μάλιστα,
385 1643 425 1672 ὅτι
437 1645 524 1683 γελᾷς.
534 1644 669 1680 Πένθησον
683 1644 728 1673 σὺν
740 1644 798 1682 ἐμοὶ
808 1667 816 1681 ,

48 1691 176 1730 ορ7’,ν7,σον
193 1692 249 1729 μετ’
267 1692 330 1729 ἐμοῦ
350 1689 384 1719 τὰ
399 1690 434 1719 σὰ
448 1690 530 1719 κακοί.
550 1690 619 1719 Εἰπέ
642 1703 700 1728 μοι·
714 1691 759 1720 ἐάν
781 1692 818 1724 τίς

48 1750 89 1767 σοι
110 1740 162 1766 τῶν
182 1736 284 1766 οἰκείων
302 1736 449 1773 ἀπόληται,
464 1737 523 1776 ουχὶ
542 1749 600 1770 τους
624 1737 656 1775 μὲ
659 1750 670 1766 ν
688 1739 820 1776 γελιοντας

49 1783 93 1811 ἐπὶ
115 1785 147 1821 τῇ
170 1784 279 1821 τελευτῃ
304 1782 348 1811 καὶ
371 1782 541 1822 ἀποστρέφη,
557 1794 602 1811 και
625 1784 734 1823 ἐχῡρους
751 1786 818 1822 ηγῇ,

48 1840 108 1861 τους
124 1828 151 1857 δὲ
175 1827 336 1868 δακρύοντας
355 1828 400 1856 καὶ
415 1831 626 1865 συμπενθοῦντας
641 1831 736 1868 φιλεῖς
751 1825 801 1859 Etr
804 1843 819 1858 α

49 1877 96 1910 τῆς
112 1887 158 1913 μεν
182 1874 304 1913 γυναικὸς
318 1873 496 1913 προκειμένης
514 1879 620 1912 νεκρᾶς,
641 1876 684 1904 τὸν
701 1877 820 1915 γελῶντα

51 1920 220 1959 ἀποστρέφῃ,
240 1922 286 1954 τ’ἧς
307 1919 334 1948 δε
359 1921 445 1958 ψυχης
470 1932 511 1948 σοι
534 1922 819 1960 τεΟανατωμέν-ν,ς,τον

52 1965 195 2005 δακρύοντα
221 1964 388 2004 ἀποστρέφῃ,
403 1966 481 2003 γελας
500 1966 526 1993 δὲ
551 1966 642 2002 αὐτός,
660 1967 741 2007 Ὁρᾷς
764 1981 820 2000 πως

51 2013 121 2049 ἧμας
137 2010 252 2045 διεθηκεν
267 2013 281 2038 ὁ
299 2010 432 2046 διάῧολος,
444 2011 551 2049 εχΟρους
567 2013 666 2045 ἑαυτοῖς
685 2016 752 2042 εἰναι
776 2014 820 2042 καὶ

53 2058 105 2086 πο).
108 2056 212 2094 εμίους,
222 2055 411 2094 ‘Avavtamy-{v
425 2068 502 2091 ποτε,
516 2056 607 2085 διαοὶε
602 2057 711 2096 'mimum'
723 2072 786 2098 γρη
775 2071 820 2088 20-

55 2103 185 2142 ρήσωμεν,
198 2100 386 2138 ἐπιλαῧώμεθα
400 2102 447 2135 τῆς
462 2101 566 2130 αἰωνίου
582 2104 648 2137 ζωῆς
658 2126 665 2138 ,
679 2104 724 2132 τὸν
740 2104 820 2133 πολὺν

53 2149 132 2177 ὕπνον
158 2146 383 2184 ἀποτιναξύυεθα.
404 2147 531 2186 Κρίσις
520 2161 531 2176 ε
534 2148 590 2183 στὶ,
612 2150 718 2182 κόλασίς
741 2152 822 2185 ἐστιν,

54 2193 197 2226 ἀνάστασίς
218 2194 325 2227 ἐστιν,
314 2192 369 2226 εξέτ
373 2205 429 2226 ασις
444 2205 495 2222 των
511 2195 719 2249 π;πραγμένων·
735 2199 748 2225 ὁ
765 2197 820 2225 Κύ-

56 2251 108 2280 ριος
128 2239 233 2278 ἔρχεται
249 2240 274 2267 ἐν
295 2238 430 2277 νεφελαις,
451 2240 510 2278 Πῦρ
530 2239 639 2269 ενώπιον
660 2243 738 2271 αυτοῦ
757 2255 824 2272 καυ-

801 2290 806 2298 ,
834 2276 870 2295 149'0

633 157 676 179 AD
703 155 864 178 TllEssst.
893 154 970 176 CAP.

1002 153 1037 175 ν.
1067 151 1184 174 ιιοιιιι,ι
1215 150 1261 172 ix.
1536 136 1597 182 371

863 214 1010 243 fundimus.
1026 214 1094 242 Nam
1109 222 1167 251 quae
1177 218 1214 240 cst
1223 216 1336 249 angusta
1346 231 1354 246 ,
1368 215 1407 238 est
1417 209 1526 248 quidem
1541 210 1604 237 cui-

863 261 930 290 libet
943 260 1064 290 difficilis
1074 282 1082 296 ,
1098 258 1216 288 maxime
1228 263 1316 286 autem
1328 256 1352 285 ei
1367 256 1414 294 qui
1428 262 1466 285 est
1479 255 1574 284 obesus
1592 266 1598 281 z

864 318 925 336 nam
940 307 985 346 qui
997 307 1117 346 seipsum
1130 304 1240 343 quidem
1255 310 1384 340 macerat,
1399 313 1430 332 ne
1444 302 1525 332 sentit
1539 302 1606 341 qui-

828 359 845 381 Β
865 353 927 382 dem
946 352 1092 391 augustias.
1117 351 1302 387 Quamobrem
1337 349 1384 388 qui
1409 348 1538 378 didicerit
1563 359 1605 376 ar-

865 400 941 435 ctari,
971 409 1055 437 neque
1075 408 1145 437 aegre
1175 398 1240 425 seret
1266 396 1287 424 si
1308 402 1454 435 prematur.
1478 396 1519 423 Ne
1544 404 1608 433 ergo

866 451 999 484 exspectet
1014 444 1148 483 quispiam
1162 444 1219 472 sore
1234 449 1262 470 ut
1275 442 1303 470 in
1318 442 1372 470 otio
1387 448 1414 470 et
1428 441 1517 480 quiete
1530 440 1609 470 caelos

865 490 973 526 videat3
992 490 1050 518 fieri
1065 489 1136 517 euim
1155 499 1208 518 non
1222 494 1307 527 potest
1324 499 1330 515 z
1349 498 1426 516 nemo
1437 494 1525 527 speret
1548 497 1609 515 cum

865 535 969 564 deliciis
983 535 1056 563 viam
1071 541 1211 572 angustam
1222 533 1345 571 ingredi3
1363 544 1413 561 non
1434 540 1521 572 potest
1536 533 1610 562 enim

865 581 917 609 hoc
931 590 987 610 esse
1004 592 1012 608 .·
1031 590 1109 608 nemo
1124 579 1151 607 in
1166 579 1219 606 lata
1235 577 1281 607 via
1296 578 1434 614 inccdens,
1447 579 1532 607 vitam
1547 589 1612 617 spe-

868 634 916 656 ret.
932 627 1001 655 Cum
1015 636 1078 664 ergo
1098 624 1198 654 videris
1210 624 1336 662 balneas,
1353 634 1472 652 mensam
1486 631 1611 653 sumtuo-

869 683 926 702 sam
942 672 1086 701 habentem
1101 670 1255 710 quempiam
1273 677 1298 698 et
1312 680 1410 708 magno
1425 670 1554 709 stipatum
1568 681 1613 698 sa-

870 718 977 756 tellitio,
988 728 1043 746 esse
1056 717 1083 746 in
1094 716 1200 745 deliciis
1209 740 1216 753 ,
1232 727 1265 744 ne
1280 723 1306 744 te
1315 715 1443 744 miserum
1458 716 1614 755 pronunties

869 763 943 803 quod
956 774 986 792 ea
993 763 1042 792 tibi
1056 773 1107 792 non
1118 768 1279 802 suppetant,
1292 761 1336 790 sed
1350 761 1427 790 illum
1440 760 1524 796 defle,
1542 761 1614 799 quod

832 817 850 839 C
871 810 976 850 perdita
990 809 1035 839 via
1046 808 1162 838 incedat.
1181 808 1255 845 Quid
1273 808 1345 836 enim
1360 807 1466 847 prodest
1479 807 1535 836 haec
1549 809 1613 843 via,

871 869 933 887 cum
949 857 1074 887 desinat
1067 868 1094 886 iu
1109 856 1307 886 afflictionem?
1320 855 1386 894 quid
1407 863 1496 884 autem
1512 856 1615 885 laedunt

871 905 924 933 illae
938 904 1082 943 angustiae⁷
1101 913 1163 932 cum
1183 902 1290 931 veniant
1306 901 1342 930 ad
1357 902 1473 940 quietem
1486 909 1512 930 et
1533 902 1617 931 animi

872 951 1065 980 relaxationem
1076 951 1089 979 ?
1101 949 1153 978 Dic
1163 959 1264 987 quaeso,
1279 948 1300 976 si
1312 947 1448 987 quispiam
1462 955 1572 976 vocatus
1583 948 1618 976 ad

873 997 974 1036 regiam
999 1007 1048 1036 per
1068 1002 1195 1035 angustos
1222 994 1389 1033 ingrediatur
1411 995 1569 1034 angiportus
1593 1002 1619 1023 et

874 1043 1040 1083 praecipitia,
1055 1043 1124 1072 alius
1137 1049 1227 1071 autem
1239 1041 1372 1070 abductus
1386 1040 1421 1069 ad
1433 1048 1546 1070 mortem
1560 1048 1618 1070 tra—

875 1090 954 1119 hatur
962 1100 1009 1129 per
1019 1088 1139 1118 medium
1150 1089 1251 1125 forum,
1263 1097 1343 1126 quem
1352 1087 1462 1116 beatum
1471 1087 1592 1116 dicemus
1602 1088 1616 1115 'z’

876 1147 957 1174 quem
973 1135 1156 1164 deflebimus?
1173 1145 1261 1163 annon
1278 1145 1338 1163 eum
1353 1134 1399 1172 qui
1415 1145 1462 1173 per
1476 1134 1549 1163 viam
1565 1144 1618 1162 an-

877 1189 983 1221 gustam
1006 1181 1180 1220 ingreditur?
1202 1181 1242 1209 Ita
1270 1190 1341 1208 nunc
1369 1190 1476 1218 quoque
1499 1191 1551 1208 non
1576 1192 1620 1209 eos

842 1237 859 1258 t)
877 1230 968 1258 beatos
987 1228 1190 1268 pronuntiemus
1211 1226 1258 1265 qui
1273 1227 1370 1255 vivunt
1385 1227 1412 1255 in
1427 1226 1532 1255 deliciis
1543 1249 1551 1264 ‚
1573 1227 1621 1256 sed

877 1286 921 1304 eos
933 1275 979 1313 qui
994 1285 1046 1303 non
1058 1273 1221 1302 deliciantur
1237 1285 1242 1300 :
1256 1272 1284 1301 hi
1297 1279 1442 1312 properant
1462 1272 1496 1301 ad
1511 1273 1619 1310 caelum,

878 1322 918 1350 illi
932 1322 967 1350 ad
979 1321 1137 1360 gehennam.
1151 1319 1185 1348 Et
1200 1320 1311 1348 fortasse
1323 1319 1401 1347 multi
1417 1330 1450 1347 ex
1466 1319 1531 1358 ipsis
1541 1320 1621 1348 etiam

876 1368 1004 1396 ridebunt
1017 1377 1076 1405 quae
1096 1377 1111 1394 a
1134 1365 1211 1394 nobis
1223 1365 1368 1394 dicuntur:
1383 1375 1432 1404 ego
1451 1372 1540 1394 autem
1560 1365 1620 1395 ideo

877 1414 994 1442 maxime
1004 1413 1055 1441 fleo
1068 1419 1094 1440 et
1108 1412 1199 1450 lugeo,
1214 1410 1286 1449 quod
1299 1411 1417 1439 nesciant
1430 1418 1540 1450 propter
1550 1422 1621 1449 qua:-

876 1470 938 1488 nam
952 1458 1039 1488 ridere
1049 1464 1186 1498 oporteat,
1198 1464 1223 1485 et
1237 1468 1286 1496 pro
1297 1457 1395 1494 quibus
1410 1457 1528 1485 maxime
1543 1468 1621 1496 opor-

876 1512 929 1534 teat
942 1505 1005 1534 ssere
1019 1512 1045 1533 et
1059 1502 1219 1540 lamentari,
1237 1502 1284 1531 sed
1303 1502 1392 1531 omnia
1407 1503 1578 1532 confundunt
1595 1511 1620 1532 et

875 1551 992 1580 turbant.
1015 1551 1159 1590 Propterea
1181 1559 1230 1588 ego
1245 1549 1317 1588 ipsos
1332 1549 1425 1578 defleo.
1448 1549 1523 1584 Quid
1536 1549 1619 1587 dicis,

875 1609 890 1627 o
902 1598 1004 1627 homo?
1018 1608 1044 1626 es
1056 1603 1272 1631 resurrecturus,
1290 1603 1314 1625 et
1328 1607 1419 1625 eorum
1435 1607 1494 1635 quae
1509 1597 1620 1635 gesseris

838 1653 855 1675 E
875 1644 1005 1673 rationem
1019 1643 1177 1673 redditurus
1187 1666 1194 1680 ‚
1212 1650 1238 1672 et
1252 1643 1380 1671 ultimum
1390 1642 1503 1671 daturus
1515 1643 1620 1683 suppli-

874 1691 965 1728 cium;
984 1690 1140 1728 horumque
1154 1690 1258 1718 nullam
1273 1689 1356 1718 hahes
1375 1689 1520 1726 rationem,
1532 1689 1621 1718 medi-

874 1737 940 1766 taris
963 1744 1053 1766 autem
1075 1736 1162 1766 ventri
1183 1736 1322 1775 indulgere
1336 1743 1362 1764 et
1380 1736 1507 1765 inebriari
1519 1760 1526 1774 ,
1542 1743 1568 1765 et
1584 1737 1621 1765 ad

874 1784 931 1812 haec
944 1783 1040 1812 rides?
1056 1783 1109 1812 Sed
1123 1794 1171 1822 ego
1186 1790 1212 1812 te
1227 1783 1328 1818 defleo,
1349 1789 1379 1811 ut
1397 1783 1444 1821 qui
1463 1783 1546 1812 sciam
1562 1794 1620 1822 qum

876 1830 945 1858 mala
961 1837 984 1858 [e
1000 1836 1138 1865 maneant,
1157 1835 1183 1857 et
1204 1829 1370 1867 supplicium
1385 1828 1458 1866 quod
1473 1836 1498 1857 te
1512 1836 1550 1857 est
1571 1840 1620 1857 ex-

875 1883 1032 1916 cepturum;
1046 1882 1071 1904 et
1086 1875 1145 1903 ideo
1160 1875 1245 1913 magis
1258 1874 1308 1903 fleo
1319 1875 1393 1913 quod
1406 1882 1434 1903 tu
1451 1874 1531 1904 rides.
1545 1877 1620 1913 Luge

875 1932 979 1951 mecum
989 1944 996 1958 ,
1021 1928 1049 1949 tu
1074 1921 1144 1949 mala
1160 1931 1265 1948 mecum
1280 1919 1400 1959 deplora.
1416 1920 1468 1949 Dic
1483 1921 1550 1949 mihi
1563 1944 1572 1958 ,
1597 1922 1620 1949 si

875 1968 934 2006 quis
951 1977 985 1996 ex
1009 1966 1062 1995 {uis
1085 1965 1238 1994 necessariis
1265 1965 1312 1994 tibi
1329 1966 1458 2004 perierit,
1473 1977 1560 1995 annon
1576 1978 1620 1996 eos

875 2014 921 2052 qui
938 2018 1046 2052 propter
1062 2012 1119 2050 ejus
1130 2011 1267 2039 decessum
1284 2011 1371 2039 rident
1389 2013 1520 2041 aversaris
1528 2020 1553 2041 et
1568 2013 1619 2041 ini-

841 2070 857 2092 1³
876 2060 959 2088 inicos
977 2065 1098 2097 reputas-5
1122 2068 1166 2086 eos
1183 2064 1273 2086 autem
1290 2057 1336 2095 qui
1353 2058 1416 2086 ssent
1431 2065 1455 2086 et
1471 2065 1558 2087 tecum
1573 2059 1621 2087 lu-

877 2112 955 2143 gent,
977 2104 1094 2143 diligis?
1112 2104 1188 2132 Itane
1210 2103 1231 2131 si
1254 2104 1341 2142 jaceat
1359 2114 1428 2132 uxor
1443 2112 1566 2142 mortua,
1581 2105 1621 2133 ri-

877 2162 936 2179 sum
962 2150 1061 2179 avertis
1080 2161 1089 2187 ;
1114 2150 1163 2178 tibi
1185 2156 1272 2177 autem
1292 2156 1377 2178 morte
1402 2150 1495 2179 affecta
1514 2151 1621 2188 anima,

878 2198 1071 2236 lacrymantem
1090 2195 1234 2231 mersaris,
1250 2195 1327 2234 ipse
1320 2203 1410 2224 autem
1422 2196 1517 2225 lides‘³
1539 2199 1559 2227 Χ
1565 2197 1621 2226 ides

877 2243 1012 2282 quomodo
1036 2252 1083 2270 nos
1105 2242 1222 2270 affecerit
1244 2240 1370 2270 diabolus
1381 2264 1388 2277 ‚
1412 2249 1440 2270 ut
1463 2243 1564 2271 nobis
1558 2244 1622 2283 ipsis

55 2287 179 2323 θήσεται,
195 2285 239 2313 καὶ
261 2284 349 2323 κύκλῳ
370 2286 447 2314 αὐτοῦ
470 2286 591 2324 καταιγὶς
612 2288 677 2325 <5303
666 2287 726 2326 ρὰ,
742 2301 823 2328 φησι·
844 2304 860 2325 Α
878 2290 961 2318 simus
980 2288 1081 2317 inimici
1098 2294 1123 2316 ct
1144 2287 1255 2316 liostes'²
1275 2287 1397 2316 Tandem
1421 2289 1619 2328 resipiscamus,

55 2331 173 2369 ποταμὸς
193 2330 272 2370 πυρὸς
298 2330 405 2369 σύρεται
429 2330 575 2371 ἔμπροσθεν
602 2334 661 2361 αὐτ
642 2346 697 2369 ου,
720 2335 824 2372 σκωληξ

57 2377 241 2413 ἀτελεύτητος,
258 2379 310 2415 πῧρ
326 2376 464 2413 ἄσὸεστον,
488 2378 580 2411 σκότος
603 2379 737 2420 ἐξώτερον,
762 2383 826 2422 βρυ-

57 2437 122 2463 γμος
136 2426 188 2453 τῶν
202 2423 322 2452 ὀδόντων.
338 2423 393 2452 Κᾶν
410 2435 532 2463 μυριακις
547 2437 590 2453 επι
613 2426 689 2455 τούτο
677 2439 738 2459 οις
732 2428 827 2467 ἶυσχε·

60 2470 179 2508 ραίνητε,
175 2469 242 2524 ί..ἐγὼ
254 2469 336 2508 λε’γιιν
349 2471 377 2498 οὐ
392 2470 538 2508 παύσομαι.
552 2472 584 2499 Εἰ
598 2483 648 2510 (αρ
663 2473 828 2512 )ιθαζόυ.ενοι

60 2527 83 2545 οι
104 2527 239 2555 προφηται
259 2517 306 2544 οὐκ
325 2515 429 2553 ἐσίγων,
440 2517 531 2544 ποὶλι)
553 2519 652 2554 μᾶὶὶον
675 2521 746 2558 ἡμας
768 2523 830 2550 dtr:—

61 2562 150 2601 χΟείας
170 2563 207 2590 δεῖ
230 2561 327 2600 φέρειν,
344 2562 388 2590 καὶ
403 2561 442 2600 μὴ
458 2562 521 2601 πρὸς
537 2563 614 2603 χάριν
636 2566 698 2602 ὑμῖν
719 2568 830 2605 ὁμιλεῖν,

202 2612 273 2631 Toni.
297 2612 338 2630 ιιι.

880 2335 1142 2374 circumspiciamus,
1158 2333 1318 2372 vigilemus,
1336 2334 1420 2363 vitam
1435 2342 1560 2364 :eternam
1572 2348 1622 2376 ap-

880 2382 1077 2422 prehendamus
1090 2403 1098 2417 ‚
1114 2380 1279 2419 profundum
1298 2391 1421 2410 somnum
1436 2382 1603 2411 excutiamus
1617 2396 1623 2411 :

880 2434 919 2455 est
934 2426 1084 2466 judicium,
1100 2432 1139 2453 est
1152 2425 1315 2464 supplicium
1326 2447 1334 2462 ‚
1351 2432 1389 2454 est
1410 2427 1583 2464 resurrectio,
1600 2435 1625 2456 ct

881 2472 1043 2502 examinatio
1060 2482 1152 2500 corum
1170 2482 1228 2510 qum
1243 2478 1315 2510 gesta
1329 2479 1391 2500 sunt
1409 2484 1415 2499 :
1432 2473 1565 2502 Dominus
1577 2485 1625 2503 vc-

882 2520 921 2549 nit
939 2520 964 2548 in
978 2519 1107 2554 nubibus,
1122 2520 1201 2557 Ignis
1216 2520 1247 2546 in
1258 2525 1412 2557 conspectu
1427 2521 1488 2559 ejus
1502 2521 1625 2558 ardebit,

883 2573 910 2596 et
928 2568 959 2594 in
974 2566 1096 2594 ci1·c11il11
1112 2564 1244 2603 procella
1264 2565 1436 2603 vehemens,
1459 2565 1561 2605 inquit;
1577 2567 1628 2596 ssu-

1457 2607 1495 2634 58

1626 817 1652 837 D:
1654 817 1714 837 liciv
1736 818 1769 837 ni-

1627 849 1657 869 liil
1668 853 1768 876 [ιι-,ωιιιιι

1639 2524 1779 2554 Ps‹1l.29.3.
