1887 2855
93 297 135 317 ,rim
163 296 184 317 3.
211 298 233 324 4,

94 1704 238 1732 lei-,1878-

249 147 316 181 886

245 226 329 253 crant,
346 219 371 245 in
385 216 522 255 prophetis
535 221 623 242 autem
638 214 756 242 veritatis
768 214 890 251 vestigia.
907 215 984 252 Jeju-

246 259 320 285 niuin
334 257 488 284 sementiam
503 253 551 281 Dei
566 253 712 282 revocavit.
728 253 804 281 Dixit
818 253 889 281 enim
900 253 983 289 Deus,

245 297 433 325 Subiwrtetur
447 294 568 325 Ninive,
591 299 615 320 ct
630 302 680 319 non
696 292 825 320 subversa
839 299 879 321 cst
893 304 898 319 :
912 292 982 330 jeju-

246 336 320 363 nium
343 333 413 361 cniin
434 332 602 366 obtulerun23
627 337 651 358 et
672 331 766 368 effugit
787 332 868 360 Jonas
887 331 983 369 jejunii

245 384 322 412 opem
346 378 473 400 metuens.
488 370 569 398 Illum
583 376 637 397 cete
659 369 799 399 devoravit
816 382 822 397 ε
842 369 984 398 devoravit

244 419 333 441 autem
345 412 478 449 jejunans.
496 410 564 437 Cum
575 408 727 437 devorasset
741 408 821 445 enim,
834 408 923 447 praeda
936 409 983 437 illa

246 462 322 479 usum
338 461 389 478 non
403 456 440 478 est
458 448 492 477 ad
507 459 593 476 escam
603 471 609 482 ‚
633 448 678 476 sed
693 447 812 477 condidit
825 455 850 476 et
867 448 983 477 servavit

243 490 392 534 depositum
411 489 541 523 Doniino;
563 498 677 525 eumque
696 487 743 525 qui
761 498 808 526 per
830 498 858 516 se
877 487 982 516 nolebat

243 540 317 557 exue
327 552 333 564 ‚
357 529 436 556 duxit
459 537 511 565 quo
530 527 636 565 jussum
659 534 724 555 erat.
748 526 860 555 Audivit
884 527 982 556 Ninive

243 569 308 596 urbs
321 578 417 605 inagna
431 566 586 606 prophetam
599 576 682 594 unum
695 565 809 600 nudum,
820 566 866 604 qui
883 565 982 594 exierat

243 618 277 635 ex
285 614 353 643 ceto,
370 617 416 635 uec
430 606 545 634 colorem
559 605 674 633 hominis
686 612 801 633 servarat
813 605 848 633 ob
861 612 979 634 metum:

244 657 312 675 unus
338 646 465 685 propheta
486 644 574 673 isthuc
590 645 725 682 ingressus
739 652 794 680 est,
816 651 841 672 et
856 645 979 683 signum,

242 686 314 724 quod
322 686 398 721 fecit,
412 692 516 724 tempus
528 684 650 712 ostendit.
662 684 717 713 Sed
729 684 810 717 dixit,
829 685 903 712 Urbs
913 686 980 712 sub-

245 732 371 754 vertetur
383 737 391 752 :
403 725 458 763 jam
474 723 548 762 prius
562 723 622 751 illos
633 733 647 750 a
660 723 712 751 side
725 730 842 752 avertere
854 723 978 751 debebat.

243 765 287 792 Illi
301 774 365 794 vero
379 773 462 792 unum
477 762 633 802 prophetam
646 762 799 798 audierunt,
815 769 839 790 et
854 762 981 801 praedica-

243 810 306 832 runt
328 804 501 842 pharmacum
517 802 589 840 quod
611 801 809 830 subversionem
825 801 979 840 impediret,

240 843 385 882 jejunium.
403 843 484 871 Jonas
499 840 690 875 contendebat,
707 851 758 868 non
773 847 802 868 ut
815 840 981 869 subvertere-

244 890 288 910 tur
307 882 420 915 Ninive,
437 880 484 908 sed
497 887 524 908 ut
539 887 725 918 coargueretur
739 889 772 907 ex
785 880 981 918 comparatione

242 921 338 955 Israel,
354 921 375 948 si
388 926 476 958 gentes
491 926 593 958 promte
606 919 649 947 vel
667 929 750 946 unum
766 918 923 957 prophetam
935 930 980 947 au<

243 960 346 992 disent,
368 958 448 987 lsrael
464 968 526 986 vero
546 965 585 986 tot
601 957 738 996 prophetis
752 967 804 985 uon
825 957 981 996 obsequere-

244 1007 294 1026 tur.
317 998 445 1026 Oblatum
459 1004 498 1025 est
508 997 640 1036 jejunium
651 1019 658 1030 ,
673 996 746 1034 quod
760 996 810 1024 Dei
825 998 982 1025 sententiam

243 1038 367 1068 solveret,
384 1037 450 1065 Erat
466 1047 527 1065 vero
545 1036 678 1075 jejunium
704 1046 756 1064 non
781 1036 912 1074 simplex3
936 1036 983 1064 sed

242 1077 400 1106 abstinentia
414 1087 428 1104 a
440 1076 522 1111 cibis,
543 1083 568 1103 et
581 1076 743 1103 abstinentia
763 1085 777 1102 a
792 1075 907 1114 peccatis
919 1087 925 1102 :
937 1075 982 1113 qui

243 1117 314 1145 enim
340 1122 449 1155 propter
474 1121 611 1154 peccatum
631 1114 751 1153 jejunat,
772 1121 797 1142 et
819 1114 845 1142 in
868 1115 982 1153 peccatis

245 1156 393 1189 volutatur,
409 1154 474 1192 quid
487 1154 571 1182 facit?
595 1160 625 1181 ut
638 1153 658 1181 si
674 1153 735 1191 quis
755 1164 770 1181 a
785 1153 841 1182 luto
856 1154 964 1182 ablutus
974 1176 981 1190 ,

244 1206 270 1223 se
281 1205 373 1223 rursus
389 1195 415 1222 in
432 1194 520 1221 lutum
534 1192 643 1222 volutet.
659 1193 700 1220 Ab
713 1192 771 1231 ipso
784 1199 890 1231 peccato
904 1203 983 1232 opor-

243 1241 280 1262 tet
295 1234 414 1273 primum
430 1232 569 1261 abstinere.
580 1231 655 1266 Quid
667 1232 746 1270 juvat
760 1231 832 1260 enim
846 1231 906 1260 aliis
927 1231 984 1260 die-

243 1274 294 1302 bus
305 1279 442 1312 peccatum
454 1272 601 1300 declarasse
611 1293 618 1307 ,
638 1277 667 1299 ut
681 1281 776 1299 rursus
794 1271 883 1310 ipsum
899 1281 983 1300 exco-

244 1313 374 1350 gitemus,
398 1318 455 1350 post
469 1311 590 1350 exempla
606 1310 715 1349 priora?
730 1320 817 1338 annon
832 1310 985 1339 infirmatur

244 1350 332 1380 anima
353 1351 388 1379 ob
412 1351 504 1390 plagas
527 1349 650 1389 priores?
672 1359 758 1377 nonne
776 1360 791 1377 a
814 1350 984 1388 precantibus

245 1392 359 1419 rationes
370 1397 536 1429 repetuntur,
548 1389 612 1427 quia
626 1388 818 1427 peccavimus?
831 1389 859 1417 Si
875 1389 908 1417 de
918 1400 985 1428 prae-

246 1431 330 1459 teritis
344 1430 528 1469 poenitentiam
549 1429 666 1466 agimus,
687 1427 803 1456 secunda
829 1438 876 1456 cur
890 1438 985 1466 aggre-

245 1480 339 1508 gamus
349 1470 362 1496 ἶ)
383 1469 519 1507 Scriptum
538 1474 576 1496 est
590 1477 693 1501 rursm,
712 1466 783 1505 ipsos
797 1467 957 1496 abstinuisse
970 1478 985 1495 a

246 1509 328 1542 cibis,
362 1507 547 1536 abstinuerunt
574 1507 654 1535 etiam
676 1517 691 1534 a
714 1506 836 1544 peccatis.
872 1506 987 1535 Audivit

246 1550 320 1576 Deus
333 1559 338 1574 :
351 1554 436 1586 potest
454 1546 589 1584 jejunium
610 1555 720 1573 exorare
735 1545 890 1573 Dominum.
905 1547 986 1574 Jonas

247 1597 316 1625 aegre
336 1586 399 1614 tulit
420 1585 493 1623 quod
509 1585 637 1623 propheta
657 1583 797 1612 auditurus
818 1591 883 1612 esset
896 1596 902 1611 ι
915 1585 987 1613 Deus

247 1637 311 1655 vero
326 1632 424 1654 mutata
438 1625 581 1658 sententia,
597 1633 648 1651 nou
664 1623 750 1661 segnis
761 1623 811 1651 suit
825 1623 859 1651 ad
875 1623 987 1652 salutem

249 1665 374 1694 dandam.
390 1665 481 1702 Neque
493 1663 564 1691 enim
581 1669 682 1701 poterat
698 1662 804 1690 mentiri
827 1663 916 1699 Deus,
941 1663 987 1691 sed

250 1715 332 1735 verax
347 1710 385 1732 est
408 1703 454 1741 qui
475 1702 563 1730 dixit:
579 1702 609 1731 Si
626 1707 741 1739 repente
761 1703 861 1729 dixero
885 1709 989 1730 contra

247 1751 363 1784 gentem
377 1749 403 1770 et
419 1752 548 1781 regnum,
566 1752 610 1769 me
628 1751 793 1769 eversurum
810 1747 838 1768 et
851 1742 988 1769 eradica-

250 1792 357 1818 turum,
375 1788 402 1809 ει
417 1782 616 1820 paenitentiam
627 1786 717 1818 agant
733 1780 767 1807 (Ie
786 1780 912 1815 malitia,
927 1791 988 1817 pce-

249 1824 401 1852 nitentiam
417 1831 503 1859 agam
515 1826 542 1847 et
553 1830 602 1857 ego
617 1820 652 1846 de
666 1821 701 1847 iis
714 1829 777 1857 quae
790 1822 988 1857 pronuntiavi.

247 1864 308 1891 Non
322 1860 447 1889 mentitus
457 1866 496 1887 est
507 1860 579 1887 Deus
590 1869 650 1887 cum
663 1858 820 1886 sententiam
834 1859 968 1887 revocavit
982 1871 988 1885 :

247 1912 331 1940 neque
354 1900 425 1929 enim
448 1898 555 1927 miserat
578 1897 735 1936 prophetam
759 1904 787 1925 ut
808 1897 990 1926 destrueretur

247 1942 360 1974 Ninive;
375 1949 434 1977 qua:
456 1937 596 1966 necessitas
610 1937 701 1964 fuisset
717 1935 744 1964 id
758 1936 925 1975 praedicere?
941 1937 988 1966 sed

247 1981 310 2019 quia
326 1979 479 2008 subvertere
493 1977 608 2013 nolebat,
626 1986 653 2004 se
663 1976 858 2004 subversurum
872 1977 988 2005 minatus

248 2027 301 2055 est,
324 2025 353 2047 ut
367 2017 547 2057 poenitentiam
560 2022 666 2054 agentes
688 2026 739 2043 non
760 2015 986 2044 subverterentur.

248 2061 307 2088 Non
328 2058 364 2086 ita
382 2057 469 2086 Adam
482 2056 516 2084 de
537 2056 608 2094 ligno
624 2054 754 2088 comedit,
778 2061 807 2083 ut
826 2063 889 2084 tunc
915 2056 988 2083 Deus

250 2099 326 2127 illum
339 2097 460 2136 puniret,
475 2096 520 2124 sed
533 2094 675 2134 praedixit,
690 2094 719 2122 si
734 2093 856 2122 comedas
866 2117 874 2128 ,
891 2095 988 2123 morie-

249 2138 302 2173 ris3
315 2144 405 2165 utnon
415 2135 570 2164 comederet.
584 2135 641 2162 Non
652 2133 756 2162 audivit
768 2133 909 2169 dicentem,
918 2144 988 2162 com-

250 2177 322 2212 edit,
353 2176 496 2204 devoratus
515 2181 564 2202 est.
582 2175 629 2188 ***
653 2174 709 2201 Non
735 2180 773 2201 est
793 2172 984 2207 accusandum,

252 2217 296 2244 ubi
320 2222 358 2244 est
379 2213 570 2254 propositum?
594 2212 647 2241 Sed
666 2223 717 2241 non
741 2212 856 2247 sciebat,
874 2213 987 2250 inquies,

252 2256 327 2284 illum
342 2261 522 2283 comesturum
535 2253 610 2281 esse?
632 2252 709 2280 Forte
724 2251 864 2280 hacreticus
880 2260 918 2280 est
942 2253 987 2290 qui

251 2295 308 2323 lime
328 2294 393 2322 dicit
407 2300 432 2321 et
447 2299 537 2321 conti-a
556 2291 708 2330 Scripturas
722 2291 778 2329 agit
794 2303 800 2318 z
815 2292 858 2320 cui
875 2302 988 2330 respon-

251 2334 357 2362 debitur
370 2333 415 2361 :Si
432 2332 508 2361 novit
529 2331 655 2360 Servator
672 2330 843 2369 proditurum
863 2341 918 2359 esse
941 2332 988 2360 Ju-

253 2373 328 2408 dam,
341 2383 388 2400 cur
400 2372 476 2400 illum
486 2371 584 2409 elegit?
598 2371 719 2398 Fortasse
733 2377 825 2398 contra
834 2370 988 2399 haereticum

255 2422 300 2439 nos
312 2411 446 2440 tuebimur
459 2416 619 2449 opponentes
633 2409 731 2438 Judam
747 2409 860 2438 Adamo.
879 2412 920 2438 An
934 2409 990 2438 haec

255 2460 317 2487 ergo
330 2450 424 2478 solutio
445 2457 499 2483 est,
509 2456 554 2477 aut
568 2449 671 2487 duplex
687 2456 724 2477 est
746 2448 854 2477 nodus?
877 2450 989 2488 Oportet

256 2490 339 2525 igitur
353 2498 399 2516 nos
413 2488 446 2515 ad
461 2488 636 2516 defensionem
660 2487 811 2524 ostendere,
827 2498 874 2516 cur
888 2488 988 2517 Judam

256 2529 334 2557 talem
355 2526 488 2555 bominem
503 2527 623 2564 elegerit,
642 2534 667 2555 et
689 2538 736 2556 cur
757 2528 842 2556 sciens
856 2527 988 2557 Adamum

956 155 1089 177 SPtJRtA.

1040 225 1105 251 μου,
1121 210 1156 242 ὧν
1172 216 1290 249 νηστεύει
1305 218 1321 250 ἡ
1334 215 1491 250 Ἐκκλησία.
1508 215 1580 255 ”()ρα
1599 217 1624 244 ἐν
1645 216 1676 253 τῇ
1695 214 1802 252 Παλαιᾷ

1039 253 1172 281 πολιτείαν
1183 254 1385 292 Χριστιανικήν.
1398 254 1443 283 Ἐν
1459 255 1505 292 μὲν
1519 255 1570 293 γὰρ
1585 259 1639 287 τοῖς
1654 255 1804 282 ἀσθενοῦσιν

1039 294 1062 320 οἱ
1074 292 1164 327 τύποι,
1184 293 1211 320 ἐν
1232 292 1259 320 δὲ
1273 297 1326 324 τοῖς
1339 293 1484 331 προφήταις
1503 293 1553 328 ἤδη
1568 295 1614 327 τῆς
1632 293 1753 327 ἀληθείας
1771 292 1805 320 τὰ

1038 331 1109 370 ἴχνη.
1125 331 1159 360 ‘ll
1172 332 1280 365 νηστεία
1293 331 1424 366 ἀπόφασιν
1444 334 1512 360 Θεοῦ
1533 332 1718 361 ἀνεκαλέσατο.
1735 327 1805 360 Εῗπε

1037 373 1089 409 γὰρ
1104 373 1117 399 ὁ
1134 369 1215 405 Θεὸς,
1240 370 1457 409 Καταστρέφεται
1480 371 1585 406 Νινευὶ,
1607 372 1651 400 καί
1670 372 1698 400 οὐ
1723 382 1806 398 κατε-

1038 410 1140 448 στράφη
1155 422 1161 427 ·
1180 409 1361 447 προσήνεγκαν
1382 409 1433 447 γὰρ
1458 410 1596 446 νηστείαν,
1617 411 1661 438 καὶ
1684 409 1803 448 ἐξέφυγεν

1038 447 1142 483 Ἰωνᾶς,
1170 448 1291 487 φοὸηθεὶς
1314 448 1361 482 τὴν
1385 449 1437 477 ἀπὸ
1457 450 1504 482 τῆς
1526 449 1646 483 νηστείας
1673 449 1803 487 βοήθειαν.

1037 488 1090 516 Καὶ
1105 488 1194 527 [γὰρ]
1217 488 1340 516 κατέπιεν
1358 488 1433 516 αὐτὸν
1453 489 1531 522 κῆτος
1544 499 1549 504 ·
1577 488 1686 516 κατέπιε
1701 487 1728 516 δὲ
1754 500 1803 522 νη-

1037 531 1135 556 στεῧον.
1150 527 1183 556 ‘O
1198 526 1249 566 γὰρ
1267 526 1403 555 καταπιὼν
1423 528 1469 555 οὐκ
1489 526 1623 565 ἐχρήσατο
1636 528 1669 564 τῇ
1685 527 1751 565 θήρᾳ
1767 528 1804 559 εἷς

1037 568 1150 604 βρῶσιν,
1166 567 1224 594 ἀλλ’
1240 566 1350 594 ἀπέθετο
1362 565 1406 594 καὶ
1423 566 1535 604 ἐτήρησε
1553 566 1600 601 τὴν
1613 566 1804 604 παρακαταθή-

1036 617 1084 639 κην
1100 607 1136 643 τῷ
1152 605 1290 643 Δεσπότη,
1309 606 1353 633 καὶ
1373 605 1416 633 τὸν
1437 605 1473 642 μὴ
1496 605 1643 640 θελήσαντα
1657 606 1690 633 δι’
1711 607 1803 634 ἑαυτοῦ

1037 646 1158 673 ἀπελθεῖν
1169 666 1176 679 ,
1193 644 1330 682 ἀπήγαγεν
1350 644 1416 673 ὅπου
1431 644 1610 683 προσετάχθη.
1622 643 1737 672 Ἤκουσε
1751 645 1803 672 Νι-

1035 684 1087 712 νευὶ
1100 687 1115 718 ἡ
1130 683 1205 716 πόλις
1220 686 1236 718 ἡ
1253 684 1354 722 μεγάλη
1375 683 1430 716 ἑνὸς
1447 683 1581 723 προφήτου
1601 686 1714 722 γυμνοῦ,
1729 683 1756 715 ὃς
1770 679 1802 718 ἦν

1036 723 1088 750 ἀπὸ
1102 723 1196 758 κήτους
1217 723 1344 763 ἐξελθὼν,
1359 722 1415 751 οὐδὲ
1433 725 1531 761 χρῶμα
1553 722 1689 761 ἀνθρώπου
1711 721 1802 754 σώζων

1035 761 1078 790 διὰ
1093 762 1136 790 τὸν
1147 762 1226 800 φόὸον
1238 774 1243 780 ·
1260 765 1296 794 εἱς
1310 762 1446 800 προφήτης
1460 762 1541 797 ε’πέέη
1561 763 1630 796 ἐκεῖ,
1645 761 1732 790 καὶτὸ
1753 773 1803 796 ση-

1035 805 1127 842 μεῖον,
1141 802 1204 841 ὅπερ
1225 801 1382 837 πεποίηκεν,
1407 803 1420 829 ὁ
1441 801 1529 840 καιρὸς
1554 800 1705 833 ἐνεδείξατο.
1724 799 1803 828 Ἀλλὰ

1035 840 1080 868 καὶ
1104 843 1192 873 εἶπεν,
1217 841 1256 869 ὅτι
1280 840 1491 880 καταστρέφεται
1508 843 1525 875 ἡ
1545 839 1620 872 πόλις
1633 851 1639 857 ·
1661 838 1802 879 προλαὸὼν

1035 879 1144 918 ὤφειλεν
1160 879 1250 912 αὐτοὺς
1266 882 1412 917 ἀπαγαγεῖν
1426 881 1472 913 τῆς
1493 879 1616 911 πίστεως.
1631 879 1666 907 Οἱ
1681 878 1708 908 δὲ
1721 878 1802 913 ἤκου-

1035 930 1083 946 σαν
1103 919 1158 950 ἑνὸς
1173 919 1322 958 προφήτου,
1335 919 1380 947 καὶ
1401 918 1560 957 ἀνεκήρυξαν
1583 917 1722 957 φάρμακον
1743 929 1800 946 κω-

1035 958 1138 986 λυτικὸν
1157 957 1204 992 τὴν
1227 958 1348 993 νηστείαν
1371 959 1417 991 τῆς
1441 959 1635 995 καταστροφῆς.
1655 956 1690 985 ‘O
1710 956 1802 988 Ἰωνᾶς

1035 997 1203 1035 ἐφιλονείκει,
1217 998 1267 1036 οὐχ
1281 997 1324 1024 ἵνα
1337 998 1542 1035 καταστραφῇἡ
1565 995 1668 1029 Νινευὶ,
1685 996 1743 1024 ἀλλ’
1758 995 1802 1024 ἵνα

1036 1038 1147 1074 ἐλεγχθῇ
1159 1037 1189 1064 ἐκ
1203 1036 1371 1075 παραθέσεως
1383 1035 1504 1074 Ἰσραὴλ,
1519 1036 1560 1064 ὅτι
1573 1034 1607 1063 τὰ
1618 1034 1679 1069 ἔθνη
1692 1033 1803 1072 ἑτοίμως

1035 1075 1162 1104 ὑπακούει
1177 1075 1221 1103 καὶ
1236 1076 1273 1104 ἑνὶ
1285 1076 1406 1113 προφήτῃ
1415 1097 1422 1109 ,
1435 1074 1544 1113 Ἰσραὴλ
1555 1073 1583 1103 δὲ
1595 1073 1724 1103 τοσούτων
1738 1085 1803 1112 προ-

1037 1117 1125 1153 φητῶν
1138 1114 1297 1152 παρήκουσε.
1314 1113 1486 1155 Προιῑηνέχθη
1502 1113 1618 1149 νηστεία,
1630 1113 1673 1142 ἵνα
1687 1114 1803 1151 ἀναλυθῇ

1036 1157 1082 1182 τοῦ
1097 1155 1166 1182 Θεοῦ
1180 1155 1196 1187 ἡ
1218 1154 1357 1192 ἀπόφασις.
1379 1154 1427 1181 Ἠν
1446 1153 1472 1181 δὲ
1492 1154 1508 1187 ἡ
1529 1153 1636 1188 νηστεία
1650 1153 1698 1191 οὔχ
1717 1152 1802 1188 ἇπλῆ,

1038 1194 1095 1221 ἀλλ’
1113 1193 1202 1232 ἀποχὴ
1218 1193 1265 1230 μὲν
1285 1192 1446 1231 βρωμάτων,
1461 1192 1550 1231 ἀποχὴ
1571 1191 1599 1220 δὲ
1619 1191 1665 1220 καὶ
1680 1193 1803 1230 ἁμαρτη-

1040 1232 1130 1270 μάτων
1142 1244 1148 1250 ·
1163 1235 1176 1261 ὁ
1196 1232 1247 1271 γὰρ
1264 1233 1296 1260 δι’
1308 1231 1438 1272 ἁμαρτίας
1458 1231 1602 1267 νηστεύων,
1614 1230 1660 1260 καὶ
1679 1232 1705 1259 ἐν
1719 1231 1806 1269 ἆμαρ-

1038 1271 1106 1304 τίαις
1118 1271 1279 1308 κυλιόμενος,
1290 1272 1315 1300 τί
1327 1271 1365 1300 ἔτι
1378 1275 1462 1305 ποιεῖ;
1474 1273 1509 1302 ὡς
1523 1270 1547 1298 εἴ
1560 1282 1599 1302 τις
1613 1270 1666 1299 ἀπὸ
1679 1269 1804 1309 βορὸόρου

1039 1310 1212 1348 λουσάμενος,
1229 1311 1308 1339 πάλιν
1329 1313 1366 1350 τῷ
1394 1310 1513 1349 βορὸόρῳ
1536 1309 1694 1348 ἐγκυλίεται.
1719 1310 1806 1343 Αὐτῆς

1040 1351 1088 1383 τῆς
1102 1350 1232 1388 ἁμαρτίας
1245 1351 1282 1378 δεῖ
1302 1351 1405 1388 πρῶτον
1428 1349 1600 1388 ἀποσχέσθαι.
1615 1349 1651 1377 Τί
1669 1347 1721 1387 γὰρ
1735 1348 1806 1387 ὠφέ-

1040 1391 1120 1424 λησεν
1140 1391 1166 1417 ἐν
1188 1389 1280 1421 ἄλλαις
1293 1389 1406 1438 ἡμέραις
1424 1388 1542 1428 ἁμαρτία
1555 1390 1748 1437 προσαχθεῖσα,
1762 1387 1806 1415 ἵνα

1041 1428 1120 1456 πάλιν
1145 1428 1227 1462 αὐτὴν
1259 1429 1441 1465 ἐπινοησωμεν
1467 1427 1534 1464 μετὰ
1558 1438 1591 1454 τα
1619 1427 1748 1465 δείγματα
1772 1426 1805 1455 τὰ

1041 1467 1173 1505 πρότερα,
1187 1469 1234 1495 οὐκ
1249 1468 1350 1495 ἀσθενεῖ
1364 1469 1379 1500 ἡ
1401 1465 1473 1505 ψυχὴ
1487 1466 1530 1494 ε’πὶ
1541 1469 1599 1498 ταῖς
1613 1465 1808 1504 προλαὸούσαις

1041 1507 1170 1543 πληγαῖς;
1184 1506 1244 1544 οὐχὶ
1265 1506 1401 1544 εὐχόμενοι
1416 1505 1573 1543 αἰτούμεθα,
1588 1504 1628 1533 ὅτι
1650 1505 1807 1544 ἡμαρτήκα-

1043 1556 1108 1582 μεν,
1122 1545 1154 1573 Εἰ
1166 1544 1208 1573 ε’πὶ
1220 1545 1252 1572 τὰ
1267 1545 1383 1583 πρότερα
1397 1547 1584 1582 μετανοοῧμεν,
1596 1543 1629 1573 τὰ
1643 1543 1751 1583 δεύτερα
1763 1543 1807 1572 ἵνα

1042 1584 1068 1612 τί
1091 1584 1254 1622 συνάγομενς
1284 1584 1437 1622 Γέγραπται
1467 1583 1546 1612 πάλιν
1556 1606 1564 1619 ,
1593 1582 1634 1612 ὅτι
1660 1583 1808 1622 ἀπέσχοντο

1045 1623 1208 1662 βρωμάτων,
1224 1623 1371 1672 ἀπέσχοντο
1385 1623 1428 1651 καὶ
1447 1622 1658 1661 ἁμαρτημάτων.
1675 1622 1809 1657 Ἐπήκου-

1044 1675 1086 1691 σεν
1099 1665 1112 1690 ὃ
1127 1662 1193 1694 Θεός
1205 1674 1210 1679 ·
1226 1664 1304 1696 ἱκανη
1323 1666 1339 1697 ἦ
1359 1661 1466 1697 νηστεία
1488 1661 1685 1702 προτρέφασθαι
1699 1661 1743 1690 τὸν
1757 1663 1807 1690 Δε-

1045 1701 1156 1735 σπότην.
1169 1701 1203 1730 ‘O
1219 1702 1309 1733 Ἰωνᾶς
1327 1702 1459 1739 ἠχθέσθη,
1475 1701 1515 1729 ὅτι
1539 1701 1677 1740 προφήτης
1694 1701 1808 1738 ἤμελλεν

1045 1741 1146 1769 ἀκούειν
1160 1752 1165 1757 ·
1180 1743 1193 1769 ὁ
1208 1741 1234 1769 δὲ
1247 1741 1314 1772 Θεὸς
1327 1740 1468 1781 ἐναλλάξας
1488 1740 1535 1775 τὴν
1553 1740 1699 1779 ἀπόφασιν,
1711 1741 1740 1768 οὗ
1756 1751 1808 1768 κα-

1044 1780 1162 1814 τώκνησε
1179 1782 1273 1808 σῶσαι.
1290 1781 1360 1808 Οὐδὲ
1374 1779 1425 1818 γὰρ
1440 1782 1471 1813 ἦν
1486 1779 1631 1817 ιφεύσασθαι
1645 1780 1713 1808 Θεὸν
1726 1801 1733 1815 ,
1750 1780 1808 1807 ἀλλ’

1045 1819 1165 1854 ἀληθεύει
1188 1822 1201 1846 ὃ
1223 1818 1320 1847 εἰπών·
1338 1819 1403 1847 Ἐὰν
1427 1818 1546 1853 ἐξαίφνης
1569 1818 1635 1846 εἴπω
1658 1820 1715 1847 κατ’
1739 1817 1809 1850 ἔθνος

1044 1859 1089 1886 καὶ
1107 1858 1241 1896 βασιλείας
1256 1858 1436 1897 καταστρέψαι
1458 1858 1504 1886 καὶ
1518 1859 1647 1898 ε’κριέοῦν,
1662 1857 1707 1886 καὶ
1728 1869 1808 1895 μετα-

1044 1898 1131 1932 νοήσει
1143 1900 1188 1931 ’.ἧς
1203 1897 1310 1931 κακίας,
1321 1897 1474 1934 μετανοήσω
1488 1897 1562 1934 κάγὼ
1575 1899 1611 1924 ὡν
1624 1896 1808 1935 ἀπεφηνάμην.

1044 1938 1101 1965 Οὐκ
1116 1937 1242 1975 ἐψεύσατο
1255 1939 1268 1964 ὁ
1280 1937 1346 1968 Θεὸς
1358 1936 1586 1973 ἀνακαλεσάμενος
1597 1935 1644 1970 τὴν
1662 1936 1793 1974 ἀπόφασιν
1803 1947 1808 1952 ·

1044 1976 1101 2004 οὐδὲ
1127 1976 1177 2014 γὰρ
1203 1975 1305 2014 ἔπεμψε
1330 1976 1373 2004 τὸν
1396 1975 1546 2014 προφήτην,
1568 1974 1612 2002 ἵνα
1634 1976 1808 2014 καταστραφῆ

1043 2015 1134 2044 Νινευί
1150 2026 1156 2032 ·
1179 2014 1204 2043 τί
1230 2014 1280 2053 γὰρ
1305 2016 1445 2053 ἀναγκαῖον
1466 2018 1616 2053 προειπεῖν,
1637 2015 1695 2042 ἀλλ’
1717 2006 1808 2048 ἐπειδὴ

1043 2056 1089 2083 οὐκ
1100 2055 1176 2089 ἤθελε
1195 2054 1393 2092 καταστρέψαι,
1409 2053 1552 2089 ἠπείλησεν
1564 2053 1605 2081 ὅτι
1622 2065 1722 2081 καταστ
1741 2053 1809 2092 ε’φω,

1041 2094 1084 2122 ἵνα
1108 2094 1316 2131 μετανοήσαντες
1337 2093 1373 2131 μὴ
1397 2093 1699 2131 καταστραφῶσιν.οὖκ
1714 2103 1808 2131 εφαγεν

1043 2133 1126 2171 Ἀδὰμ
1141 2134 1193 2162 ἀπὸ
1209 2136 1254 2161 τοῦ
1270 2133 1359 2168 ξύλου,
1372 2132 1418 2161 καὶ
1436 2131 1494 2160 τότε
1510 2131 1587 2160 αὐτὸν
1601 2132 1785 2170 ἐτιμωρήσατο
1795 2133 1810 2159 ὃ

1042 2173 1122 2208 Θεὸς,
1148 2172 1216 2201 ἀλλὰ
1237 2172 1392 2211 προείρηκεν
1415 2171 1456 2199 ὅτι
1476 2171 1520 2199 ἐὰν
1544 2171 1647 2210 φάγῃς,
1669 2173 1808 2206 ἀποθανεῖ,

1041 2212 1083 2240 ἵνα
1111 2212 1146 2250 μὴ
1168 2212 1249 2250 φάγῃ.
1274 2213 1334 2240 Οὐκ
1354 2211 1450 2245 ἤκουσε
1469 2213 1514 2238 τοῦ
1539 2210 1672 2246 εἰπόντος,
1698 2209 1809 2249 ἔφαγεν,

1042 2251 1155 2291 ἐὸρώθη.
1170 2252 1282 2279 *”Οΰκ
1296 2251 1365 2279 ἔστιν
1387 2250 1544 2287 ἐγκαλέσαι,
1559 2249 1624 2279 ὅπου
1640 2249 1696 2278 ἐστὶ
1714 2249 1809 2288 προαί-

1044 2302 1127 2329 ρεσις;
1138 2291 1206 2319 Ἀλλ’
1224 2291 1271 2318 οὖκ
1283 2290 1357 2329 ᾔδει,
1372 2289 1436 2328 φησί
1451 2301 1504 2324 τις,
1521 2288 1560 2317 ὅτι
1575 2288 1684 2326 ἔμελλεν
1698 2287 1808 2324 {affiatu

1041 2330 1122 2369 Τάχα
1144 2329 1272 2368 αἱρετικὸς
1289 2332 1302 2358 ὁ
1323 2328 1406 2366 λέγων
1426 2329 1469 2356 καὶ
1485 2328 1654 2367 κατατρέχων
1678 2330 1725 2361 τῆς
1745 2328 1808 2356 Πα-

1041 2371 1136 2402 λαιᾶς·
1152 2369 1215 2408 προς
1242 2368 1268 2397 ὃν
1287 2368 1445 2407 ῥηθήσεται,
1470 2369 1493 2395 εἰ
1511 2367 1568 2405 ᾔδει
1593 2363 1635 2396 οὖν
1661 2369 1674 2396 ὁ
1697 2366 1807 2404 Σωτὴρ,

1042 2411 1081 2438 ὅτι
1098 2408 1196 2440 Ἰούδας
1209 2408 1302 2445 ἔμελλε
1315 2407 1476 2446 προδιδόναι,
1488 2409 1544 2440 πῶς
1555 2409 1644 2435 τοῦτον
1659 2405 1806 2441 ἐξελέξατο;

1042 2448 1121 2477 Ἀλλὰ
1143 2448 1213 2486 τάχα
1226 2447 1290 2485 πρὸς
1303 2447 1346 2475 τὸν
1365 2447 1493 2485 αἱρετικὸν
1514 2445 1748 2485 ἀπολογησόμεθα,
1764 2446 1807 2485 ἀχ-

1042 2488 1154 2519 τιθέντες
1168 2487 1200 2516 τὰ
1214 2489 1258 2515 τοῦ
1274 2485 1359 2515 Ἰούδα
1372 2490 1425 2517 τοῖς
1439 2485 1506 2514 κατὰ
1519 2485 1562 2514 τὸν
1578 2485 1669 2522 Ἀδάμ.
1685 2485 1744 2525 :Ap'
1762 2487 1806 2513 οὖν

1044 2528 1107 2561 αὕτη
1130 2526 1203 2558 λύσις
1223 2526 1308 2563 ἐστὶν,
1323 2525 1340 2559 ἢ
1359 2526 1463 2557 διπλοῦς
1488 2524 1597 2562 δεσμός;
1612 2525 1658 2553 Δεῖ
1672 2526 1715 2553 οὖν
1735 2526 1807 2561 ἡμᾶς
