1893 2860
152 1736 206 1757 Cor.
219 1741 256 1757 11.

132 1773 143 1793 xi

282 164 297 195 ᾗ
306 152 349 185 36
619 162 647 184 s.

276 224 387 251 ducebat
405 235 412 255 ;
436 222 518 250 utaris
537 228 561 250 ct
585 229 660 250 terrm
683 221 809 250 dominus
821 245 828 258 ,
853 223 1008 261 Imperator,

275 271 424 305 Augustus,
441 267 539 303 Caesar,
555 267 624 304 Rex,
638 273 664 295 et
678 267 762 295 multa
773 267 825 295 alia
840 267 946 296 nomina
960 267 1010 295 cir-

275 313 447 349 cumferebat,
462 323 521 350 quae
533 313 676 342 assentatio
687 313 839 351 excogitare
850 320 938 352 posset
957 326 963 341 z
980 324 1011 342 ac

274 358 342 386 nihil
364 357 414 396 ipsi
430 368 538 396 prorsus
560 358 594 386 ad
609 358 724 397 gloriam
739 358 846 396 deerat;
861 359 907 387 sed
923 365 947 388 et
963 369 1010 387 sa-

272 402 373 441 pientes
393 409 417 430 et
432 402 555 442 dynastoe
575 410 599 432 ct
622 414 696 442 reges
716 403 804 443 ipsum
819 404 1010 434 formidabant.

272 449 401 476 Proeterea
423 449 506 483 ferus,
523 449 649 478 immanis
670 456 694 478 et
712 449 854 489 impudens
867 457 923 479 erat
945 462 951 477 ε
967 457 1010 478 at-

273 505 324 531 que
331 493 397 522 deus
405 505 460 523 esse
471 494 588 531 volebat,
603 495 727 534 idolaque
736 495 900 535 despiciebat
908 497 1009 533 omnia,

273 541 416 579 ipsumque
430 542 517 570 Deum
534 543 732 581 universorum,
747 549 826 580 atquc
845 549 874 570 ut
888 543 954 571 deus
967 553 1011 571 co-

272 586 388 614 lebatur.
412 587 486 621 Quid
508 588 557 617 hac
577 589 661 627 gloria
683 589 790 627 majus?
814 588 867 616 imo
881 588 946 626 quid
962 588 1011 617 hac

271 632 416 670 ignominia
426 632 562 662 deterius?
572 635 675 663 Verum
686 634 773 662 nescio
784 633 918 672 quomodo
930 633 957 662 vi
972 645 1011 662 ve-

271 677 358 705 ritatis
371 677 451 706 ducta
465 680 639 718 praecucurrit
654 680 756 718 lingua,
768 687 793 708 et
807 686 866 708 ante
877 679 1010 718 judicium

271 723 428 751 sententiam
441 724 510 752 tulit.
526 725 635 753 Interim
650 732 739 753 autem
755 724 901 753 secundum
913 725 1010 753 multo-

272 779 332 797 rum
340 769 491 808 opinionem
500 780 556 798 rem
567 770 909 807 examinemus,sccundum
921 770 1012 798 infide

272 813 339 842 lium
352 822 477 848 mentem,
487 815 635 843 secundum
648 816 860 844 assentationem.
871 816 944 851 Quid
955 827 1010 844 ma·

269 860 322 897 jus,
335 860 400 898 quid
414 861 556 898 gloriosius
565 861 618 889 dici
630 868 725 900 potest,
735 872 816 899 quam
827 862 907 890 deum
922 863 1010 902 ipsum

272 905 440 933 existimari?
457 906 599 934 Summum
612 907 640 934 id
657 908 775 946 profecto
790 907 904 936 dedecus
917 930 924 943 ,
939 909 1011 946 quod

270 950 349 978 homo
368 961 397 979 eo
416 951 524 980 insaniae
543 952 659 989 feratur;
678 953 725 981 sed
741 953 848 982 interim
863 954 1011 983 secundum

270 995 415 1024 multorum
424 997 575 1035 opinionem
584 1008 639 1025 rem
648 997 832 1027 discutiamus.
842 999 916 1027 Nihil
928 999 1011 1038 igitur

270 1040 322 1079 ipsi
333 1039 367 1068 ad
381 1040 493 1079 gloriam
508 1041 654 1070 humanam
669 1042 769 1079 deerat,
783 1054 845 1072 nam
857 1044 931 1081 quasi
946 1044 1011 1073 deus

270 1085 304 1113 ab
322 1086 447 1114 omnibus
459 1086 603 1116 colebatur.
619 1087 673 1116 Sed
684 1088 773 1127 ipsum
781 1089 837 1127 jam
849 1089 964 1118 Paulum
978 1101 1011 1118 ex

270 1130 382 1159 adverso
397 1132 591 1167 examinemus,
606 1133 628 1161 si
642 1134 739 1172 placet.
757 1134 830 1162 Cilix
843 1142 899 1163 erat
909 1147 916 1171 ;
928 1146 1010 1174 quan—

269 1183 327 1204 tum
340 1187 402 1205 vero
416 1178 538 1219 Ciliciam
551 1179 620 1207 inter
631 1186 655 1207 et
668 1181 780 1208 Romam
791 1181 824 1209 sit
835 1180 1009 1219 discriminis,

269 1232 360 1251 omnes
377 1230 476 1252 norunt
488 1236 494 1251 :
508 1225 638 1253 coriarius
652 1233 719 1263 erat,
735 1226 823 1265 inops,
840 1233 956 1255 externae
968 1238 1009 1256 sa-

268 1270 374 1307 pientiae
389 1281 493 1310 expers,
509 1271 640 1301 Hebraico
656 1280 761 1302 tantum
775 1273 871 1311 sciens,
886 1285 944 1312 quae
957 1275 1010 1303 lin-

268 1327 320 1355 gua
335 1318 474 1354 omnibus,
497 1319 671 1357 maximeque
693 1320 769 1348 Italis
785 1320 920 1359 despectui
945 1328 1010 1350 erat.

266 1364 360 1401 Neque
381 1365 453 1393 enim
474 1365 634 1403 barbaram,
660 1377 746 1404 neque
768 1368 902 1403 Graecam,
927 1378 1011 1406 neque

267 1409 347 1438 aliam
370 1411 526 1450 quampiam
550 1412 671 1451 linguam
695 1413 806 1451 perinde
822 1419 1006 1449 contemnunt,

266 1462 347 1493 atque
370 1457 468 1495 Syram
491 1469 497 1484 τ
520 1457 577 1486 hmc
602 1465 690 1486 autem
706 1459 845 1487 Hebraicae
861 1459 1009 1488 admodum

267 1501 381 1529 finitima
405 1509 453 1532 est.
480 1503 515 1531 Et
539 1513 572 1532 ne
598 1504 703 1540 mireris
726 1504 748 1532 si
763 1505 838 1533 illam
853 1512 979 1544 respuant
1000 1517 1006 1533 z

265 1557 327 1575 nam
340 1547 362 1575 si
379 1548 501 1576 Graecam
517 1549 668 1578 mirabilem
682 1550 757 1578 illam
770 1557 795 1578 et
808 1551 951 1589 pulchram
962 1550 1009 1579 de*

265 1592 394 1631 spiciunt,
412 1593 497 1622 multo
521 1595 606 1633 magis
626 1595 795 1623 Hebrairam.
812 1596 865 1625 Yir
885 1596 947 1632 ille,
962 1597 1007 1625 in—

265 1650 355 1677 quam,
371 1650 438 1679 saepe
460 1641 487 1669 in
502 1641 572 1670 same
592 1641 716 1680 degebat,
739 1650 764 1671 et
779 1643 926 1672 incoenatus
941 1643 1006 1672 dor-
1032 1671 1052 1689 :fi

266 1685 381 1721 miebat;
397 1686 477 1714 homo
491 1687 591 1723 nudus,
606 1698 653 1716 nec
668 1699 721 1726 quo
735 1689 885 1728 operiretur
898 1689 1006 1718 habens.
1026 1700 1045 1721 Α

267 1731 431 1769 Insrigore
451 1738 477 1760 et
493 1733 637 1769 nuditate,
653 1733 749 1771 inquit.
765 1735 858 1772 Neque
871 1734 928 1763 haec
950 1741 1008 1763 tan-

268 1783 325 1804 tum
338 1787 346 1812 ;
361 1776 407 1804 sed
422 1777 502 1805 etiam
514 1777 542 1805 in
553 1777 678 1814 vinculis,
691 1789 752 1807 cum
765 1779 924 1813 latronibus,
939 1790 1009 1819 prae-

266 1823 463 1861 stigiatoribus,
487 1825 671 1864 sepulcrorum
696 1826 868 1855 effossorihus
881 1849 888 1862 ,
920 1827 1007 1856 bomi-

265 1869 348 1905 cidis,
365 1869 422 1909 ipso
444 1870 490 1898 illo
502 1871 614 1910 jubente
629 1872 788 1901 constitutus
811 1880 868 1908 est,
890 1880 915 1901 et
937 1880 1007 1902 tam-

265 1926 346 1953 quam
372 1916 510 1945 maleficus
526 1917 736 1956 verberabatur,
759 1925 789 1947 ut
811 1925 837 1947 et
859 1919 915 1958 ipse
933 1919 1008 1950 dicit.

266 1963 333 1991 Uter
347 1962 431 2001 igitur
447 1963 578 1992 illustrior
590 1964 651 1992 est?
666 1965 760 1993 Nonne
772 1965 846 1993 illius
864 1976 896 1994 ne
912 1977 1007 1994 nomen

265 2007 375 2045 quidem
390 2015 489 2037 norunt
503 2009 614 2048 plurimi
626 2021 634 2047 3
651 2009 724 2038 hunc
737 2017 825 2039 autem
842 2018 867 2039 et
883 2011 969 2040 Graeci
983 2018 1008 2040 et

265 2053 372 2082 barbari
384 2061 408 2082 et
423 2055 531 2094 Scythae
546 2062 626 2093 atque
640 2056 685 2094 qui
698 2056 724 2084 in
739 2056 805 2096 ipsis
816 2057 917 2086 finibus
931 2064 1006 2086 terrae

264 2100 397 2138 habitant,
418 2101 537 2139 quotidie
560 2101 718 2130 celebrant?
739 2104 773 2130 At
794 2102 914 2131 nondum
935 2114 1005 2142 prae-

264 2146 358 2184 sentia,
381 2146 427 2175 sed
452 2146 516 2185 quid
535 2153 598 2175 tunc
621 2147 743 2176 futurum
764 2148 798 2176 sit
812 2148 1002 2186 disquiramus.

264 2192 332 2226 Quis
347 2192 453 2228 clarior,
466 2193 526 2231 quis
537 2193 678 2232 gloriosior
688 2201 743 2222 erat
755 2195 768 2222 Ρ
783 2194 839 2223 isne
853 2195 899 2233 qui
914 2202 1005 2224 catena

265 2237 431 2276 cingebatur,
443 2245 468 2267 et
478 2238 584 2268 vinetus
595 2239 750 2268 trahebatur
761 2250 795 2268 ex
809 2250 924 2276 carcere,
937 2252 970 2270 an
983 2241 1006 2269 is

262 2283 308 2320 qui
324 2294 444 2322 purpura
461 2284 575 2313 amictus
594 2295 628 2313 ex
646 2285 720 2324 regia
731 2284 877 2324 prodibat?
891 2285 1005 2315 Vinctus

265 2327 310 2355 ille
325 2328 410 2366 plane.
423 2329 587 2364 Quomodo?
601 2330 672 2365 Quia
690 2330 736 2359 ille
750 2331 799 2368 qui
813 2330 945 2359 exercitus
956 2331 1004 2359 ha-

264 2372 352 2409 bebat,
364 2374 556 2413 splendidoque
566 2375 646 2404 modo
656 2383 777 2415 praeerat,
789 2387 818 2405 ca
829 2387 888 2415 quae
899 2377 1005 2407 volebat

298 2480 306 2489 ³
326 2472 415 2502 [Fm'l.
431 2477 535 2499 mium.
546 2479 676 2502 ἑπευὸεικκὶ
691 2480 809 2511 θεραπεία.
822 2477 913 2510 5ςιιί1,1

297 2512 308 2530 Ιν
329 2510 334 2543 1
349 2510 478 2543 Quomodo
491 2522 548 2545 crgo
559 2521 647 2546 poetas
661 2516 763 2541 Grcecos
775 2516 882 2549 legerat,
896 2517 1019 2549 quossic-

673 162 811 185 somnis
838 162 1016 185 cmusosT.
1046 161 1201 188 Ancnlffl‘.
1231 165 1497 192 CONSTANTINOP-

1068 224 1253 266 αὐτοκράτωρ,
1280 228 1440 266 Αὔγουστος,
1472 232 1589 269 Καῖσαρ,
1627 230 1762 268 βασιλεὺς,
1786 232 1829 260 καὶ

1065 270 1150 298 πολλὰ
1173 271 1248 310 ἔτερα
1275 273 1391 311 ὀνόματα
1423 279 1548 311 τοιαῦτα,
1571 277 1638 316 ἅπερ
1663 281 1674 293 ³
1689 278 1828 305 κολακείαν

1065 316 1165 344 ἐπενόει
1181 317 1224 345 καὶ
1239 319 1378 358 Θεραπείαν
1392 332 1398 338 ·
1415 322 1460 349 καὶ
1471 322 1543 350 οὐδὲν
1558 323 1674 352 ἐνέλιπεν
1689 323 1756 355 ὅλως
1776 325 1828 351 τῶν

1067 362 1102 393 εἷς
1117 361 1192 395 δόξαν
1203 374 1209 380 ·
1227 363 1295 392 ἀλλὰ
1308 364 1352 392 καὶ
1368 366 1442 403 σοφοὶ
1453 366 1498 394 καὶ
1513 368 1636 397 δυνάσται
1651 368 1694 396 καὶ
1713 370 1829 406 βασιλεῖς

1067 407 1145 436 αὐτὸν
1159 408 1278 448 ἔτρεμον,
1299 410 1344 438 καὶ
1358 411 1529 440 ἐδεδοίκεισαν
1544 413 1587 441 τὸν
1601 414 1682 452 ἄνδρα
1695 426 1700 431 ·
1723 414 1767 442 καὶ
1779 413 1830 453 γὰρ

1066 453 1111 481 καὶ
1125 454 1212 487 ἄλλως
1230 456 1302 494 ὠμός
1318 469 1356 489 τις
1374 456 1419 484 καὶ
1434 457 1527 495 ἰταμὸς
1544 454 1608 488 εἶναι
1623 460 1740 498 ἐλέγετο·
1757 455 1830 492 οὗτος

1066 500 1111 527 καὶ
1126 500 1181 533 θεὸς
1195 496 1261 530 εἶναι
1281 503 1416 538 ἐδούλετο,
1431 502 1475 532 καὶ
1490 504 1595 532 πάντων
1613 505 1764 544 κατεφρόνει
1779 508 1830 534 τῶν

1067 545 1196 581 εἰδώλων,
1217 548 1261 575 καὶ
1278 549 1357 577 αὐτοῦ
1372 551 1417 576 τοῦ
1440 549 1483 577 ἐπὶ
1504 549 1610 577 πάντων
1631 551 1714 586 Θεοῦ,
1729 551 1773 579 καὶ
1795 553 1831 583 ὡς

1067 591 1121 622 θεὸς
1148 593 1326 630 ἐθεραπεύετο.
1353 593 1389 621 Τί
1410 593 1506 628 ταύτης
1528 597 1575 629 τῆς
1599 594 1674 630 δόξης
1700 600 1830 634 κρεῖττον;

1068 638 1166 674 μᾶλλον
1179 638 1206 665 δὲ
1222 638 1248 665 τί
1262 640 1308 672 τῆς
1321 639 1428 677 ἀτιμίας
1441 645 1542 679 χεῖρον,
1556 641 1632 669 Ἀλλ’
1644 641 1690 669 οὐκ
1706 637 1762 670 οἶδα
1775 644 1832 674 πῶς

1067 684 1117 712 ὑπὸ
1131 684 1178 717 τ’ἧς
1192 684 1314 718 ἀληθείας
1328 685 1480 724 προύδραμε
1495 686 1525 714 τὸ
1539 686 1639 724 στόμα,
1653 687 1698 715 καὶ
1719 687 1772 726 πρὸ
1785 689 1832 722 τῆς

1067 729 1176 766 κρίσεως
1197 728 1244 763 τὴν
1262 730 1347 768 ψῆφον
1368 731 1471 769 ἤνεγκε.
1487 731 1562 764 Τέως
1578 732 1605 760 δὲ
1624 732 1692 760 κατὰ
1709 732 1756 767 τὴν
1778 734 1831 761 τῶν

1066 775 1170 802 πολλῶν
1185 774 1306 803 ὑπόνοιαν
1327 775 1356 803 τὸ
1377 781 1488 815 πρᾶγμα
1507 777 1682 816 ἐξετάσωμεν,
1696 778 1765 807 κατὰ
1780 778 1828 813 τὴν

1065 821 1116 847 τῶν
1126 819 1253 856 ἀπίστων,
1267 821 1334 850 κατὰ
1346 821 1393 857 τὴν
1404 823 1551 852 κολακείαν.
1561 824 1596 852 Τί
1607 825 1693 861 μεῖζον
1705 826 1741 857 εἷς
1750 824 1826 862 λόγον

1066 864 1141 900 δόξης
1159 868 1204 894 τοῦ
1219 867 1264 895 καὶ
1275 866 1331 895 θεὸν
1347 871 1502 905 νομισθῆναι
1516 869 1610 905 αὖτόν;
1623 869 1734 908 Μεγάλη
1749 870 1829 902 ὄντως

1066 914 1143 939 τοῦτο
1165 912 1274 949 ἀτιμία,
1293 912 1324 940 τὸ
1348 913 1484 952 ἄνθρωπον
1509 915 1571 943 ὄντα
1590 918 1700 944 τοιαῦτα
1715 916 1811 954 λυττᾷν
1824 927 1829 932 ·

1068 957 1135 985 ἀλλὰ
1147 957 1212 989 τέως
1224 958 1292 986 κατὰ
1302 958 1350 993 τὴν
1364 961 1415 987 τῶν
1431 960 1534 988 πολλῶν
1549 960 1670 989 ὓπόνοιαν
1682 960 1712 988 τὸ
1721 965 1833 999 πρᾶγμα

1067 1002 1239 1040 ἐξετάσωμεν.
1255 1004 1339 1033 Οὐδὲν
1360 1004 1444 1033 τοίνυν
1466 1005 1582 1034 ἐνέλιπεν
1603 1007 1672 1045 αὗτῷ
1695 1007 1732 1039 εἷς
1754 1006 1830 1039 δόξαν

1066 1048 1114 1083 τὴν
1134 1048 1314 1087 ἀνθρωπίνην,
1332 1050 1390 1079 ἀλλ’
1406 1052 1441 1082 ὥς
1455 1049 1510 1083 θεὸς
1524 1050 1597 1090 παρὰ
1617 1051 1722 1080 πάντων
1738 1053 1829 1090 ἐθερα-

1066 1093 1170 1122 πεύετο,
1185 1093 1264 1122 Ἀλλὰ
1279 1095 1489 1133 ἀντεξετάσωμεν
1506 1097 1576 1136 αὐτῷ
1593 1097 1638 1125 καὶ
1651 1097 1694 1126 τὸν
1709 1097 1828 1131 Παῦλον,

1067 1141 1089 1167 εἰ
1104 1141 1183 1168 δοκεῖ.
1201 1140 1275 1174 Κίλιξ
1292 1143 1305 1170 ὁ
1319 1141 1454 1181 ἄνθρωπος
1469 1137 1500 1177 ἦν
1513 1154 1519 1159 ·
1534 1141 1592 1171 ὅσον
1605 1142 1632 1172 δὲ
1645 1143 1766 1175 Κιλικίας
1784 1143 1829 1171 καὶ

1066 1185 1175 1223 Ῥώμης
1186 1186 1216 1214 τὸ
1228 1186 1306 1224 μέσον
1314 1210 1321 1223 ,
1332 1188 1427 1219 πάντες
1446 1188 1518 1216 ἴσασι
1528 1200 1534 1205 ·
1551 1189 1723 1226 σκυτοτόμος,
1733 1188 1814 1223 πένης
1822 1209 1829 1223 ,

1066 1233 1112 1265 τῆς
1124 1231 1214 1264 ἔξωθεν
1231 1233 1322 1271 σοφίας
1338 1233 1459 1272 ἄπειρος,
1475 1233 1488 1248 ¹²
1498 1233 1638 1273 Ἑὸραῖστὶ
1654 1234 1731 1271 μόνον
1743 1233 1829 1269 εἰδὼς,

1065 1278 1186 1315 γλῶτταν
1207 1278 1397 1318 διασυρομέντ,ν
1418 1278 1491 1318 παρὰ
1515 1279 1634 1315 πάντων,
1654 1279 1699 1308 καὶ
1715 1279 1830 1317 μάλιστα

1066 1324 1138 1362 παρὰ
1153 1325 1203 1352 τῶν
1219 1324 1339 1353 Ἰταλῶν.
1357 1327 1397 1353 Οὐ
1409 1325 1459 1364 γὰρ
1473 1325 1541 1354 οὕτω
1553 1325 1611 1358 τοὺς
1623 1325 1670 1360 τὴν
1687 1325 1829 1364 βάρὸαρον,

1066 1369 1124 1397 οὔτε
1137 1369 1184 1404 τὴν
1195 1369 1326 1405 Ἑλλάδα,
1341 1370 1400 1398 οὔτε
1414 1370 1496 1405 ἄλλην
1508 1370 1567 1399 τινὰ
1587 1371 1694 1409 ἔχοντας
1711 1372 1830 1408 γλῶτταν

1065 1415 1246 1453 διασύρουσιν,
1262 1417 1297 1447 ὡς
1318 1415 1365 1450 τὴν
1382 1415 1474 1454 Σύρων
1487 1427 1493 1432 ·
1515 1416 1580 1450 αὕτη
1605 1415 1632 1445 δὲ
1657 1415 1756 1450 πολλὴν
1775 1415 1830 1454 ἔχει

1064 1460 1112 1495 τὴν
1136 1460 1272 1489 κοινωνίαν
1293 1460 1358 1500 πρὸς
1380 1461 1487 1496 ταύτην.
1502 1462 1555 1490 Καὶ
1577 1461 1613 1499 μὴ
1633 1460 1771 1499 θαυμάσῃς
1791 1460 1830 1488 ὅτι

1029 1509 1045 1531 F
1064 1506 1162 1541 ταύτην
1186 1506 1306 1534 διέπτυον
1320 1518 1325 1523 ·
1342 1508 1364 1535 εἰ
1380 1506 1431 1546 γὰρ
1452 1507 1500 1541 τὴν
1514 1507 1632 1536 Ἐλλάδα
1653 1506 1701 1542 τὴν
1724 1509 1830 1544 θαυμα-

1065 1551 1128 1583 στὴν
1157 1552 1201 1580 καὶ
1229 1552 1312 1587 καλὴν
1343 1552 1511 1589 διαπτύουσι,
1539 1554 1630 1592 πολλῷ
1660 1553 1760 1590 μᾶλλον
1781 1552 1829 1587 τὴν

1064 1597 1208 1636 Ἑὲραίων.
1231 1598 1380 1636 Ἄνθρωπος
1394 1598 1522 1630 πολλάκις
1537 1600 1563 1627 ἐν
1581 1599 1653 1637 λιμῷ
1675 1598 1770 1634 ζήσας,
1784 1598 1830 1626 καὶ

1063 1642 1197 1679 κοιμηθεὶς
1211 1644 1320 1677 πεινῶν,
1336 1643 1471 1680 ἅνθρωπος
1484 1642 1598 1681 γυμνὸς,
1612 1643 1672 1671 οὔτε
1686 1642 1703 1671 δ’
1715 1654 1741 1670 τι
1755 1654 1830 1682 περι-

1063 1687 1169 1716 &estet-:0
1189 1687 1269 1726 ἔχων,
1290 1687 1337 1716 Ἔν
1352 1688 1431 1726 ψύχει
1446 1688 1489 1716 καὶ
1505 1689 1663 1726 γυμνότητι,
1684 1688 1772 1728 φησίν.
1788 1689 1829 1717 Οὐ

1062 1736 1145 1761 ταῦτα
1159 1733 1186 1761 δὲ
1199 1733 1289 1770 μόνον,
1306 1733 1373 1761 ἀλλὰ
1387 1734 1431 1762 καὶ
1445 1735 1470 1762 ἐν
1484 1735 1589 1772 δεσμοῖς
1608 1734 1721 1773 γεγονώς
1732 1746 1738 1752 ·
1761 1734 1828 1772 μετὰ

1063 1779 1113 1817 γὰρ
1126 1780 1244 1817 λῃστῶν,
1255 1779 1323 1816 μετὰ
1336 1779 1438 1818 γοήτων
1447 1800 1454 1813 ,
1469 1779 1538 1817 μετὰ
1549 1780 1746 1820 τυμὸωρύχων,
1762 1779 1829 1818 μετὰ

1065 1823 1231 1863 ἀνδροφόνων
1263 1825 1340 1853 αὐτοῦ
1374 1825 1472 1854 ἐκείνου
1499 1825 1669 1858 κελεύσαντος
1694 1825 1823 1860 ἐὸέὸλητο

1063 1871 1107 1899 καὶ
1131 1870 1284 1908 ἐμαστίζετο
1306 1872 1341 1903 ὡς
1356 1873 1512 1910 κακοῦργος,
1529 1871 1593 1910 ὅπερ
1615 1867 1658 1900 οὖν
1681 1871 1727 1899 καὶ
1751 1872 1829 1903 αὗτός

1064 1929 1137 1956 φησι.
1155 1917 1204 1949 Τίς
1229 1912 1272 1944 οἶν
1293 1916 1492 1956 λαμπρότερος;
1511 1917 1571 1956 οὐχὶ
1587 1917 1685 1946 ἐκείνου
1703 1917 1749 1955 μὲν
1770 1917 1827 1946 οὐδὲ

1063 1963 1144 2000 ὄνομα
1161 1962 1245 1991 ἴσασιν
1261 1962 1284 1990 οἳ
1300 1962 1405 1997 πολλοὶ,
1420 1966 1509 1991 τοῦτον
1532 1962 1558 1991 δὲ
1576 1963 1622 1991 καὶ
1631 1962 1763 1998 Ἕλληνες
1783 1963 1829 1991 καὶ

1064 2008 1193 2048 βάρὸαροι
1207 2007 1252 2036 καὶ
1264 2007 1364 2036 Σκύθαι
1378 2008 1423 2036 καὶ
1441 2010 1464 2036 οἱ
1479 2009 1543 2047 πρὸς
1559 2008 1625 2037 αὐτὰ
1640 2011 1687 2044 τῆς
1705 2008 1829 2046 οἷκουμέ·

1063 2066 1108 2089 νης
1127 2053 1161 2082 τὰ
1180 2053 1299 2092 τέρματα
1321 2053 1379 2081 καθ’
1401 2053 1515 2088 ἑκάστην
1537 2054 1628 2093 ᾅδουσι
1649 2054 1696 2090 τὴν
1713 2054 1829 2094 ἡμέραν;

1036 2104 1042 2111 “
1063 2099 1145 2128 Ἀλλὰ
1161 2100 1242 2137 μήπω
1257 2099 1289 2127 τὰ
1311 2101 1370 2134 νῦν,
1386 2099 1454 2127 ἀλλὰ
1469 2099 1503 2128 τὰ
1516 2099 1575 2128 τότε
1591 2099 1765 2138 ἐξετάσωμεν.
1781 2100 1830 2133 Τίς

1063 2141 1094 2180 ἦν
1118 2145 1315 2184 λαμπρότερος;
1339 2145 1378 2177 τίς
1405 2144 1598 2184 ε’πιδοξότερος;
1620 2148 1634 2174 ὁ
1659 2145 1707 2181 τὴν
1738 2146 1829 2174 ἅλυσιν

1062 2191 1254 2231 περικείμενος,
1270 2190 1315 2219 καὶ
1329 2191 1461 2228 δεδεμένος
1472 2191 1610 2228 ἑλκόμενος
1627 2193 1656 2220 ἐκ
1667 2194 1712 2220 τοῦ
1727 2192 1830 2230 δεσμω-

1062 2238 1154 2276 τηρίου
1163 2260 1171 2273 ,
1184 2237 1200 2271 ἢ
1216 2239 1229 2265 ὁ
1244 2235 1291 2271 τὴν
1307 2236 1450 2274 ἁλουργίδα
1465 2236 1646 2275 περικείμενος
1655 2258 1662 2272 ,
1675 2237 1720 2266 καὶ
1734 2238 1764 2266 ἐκ
1777 2239 1829 2265 τῶν

1064 2284 1205 2323 βασιλείων
1217 2282 1332 2323 προῖών;
1349 2282 1383 2311 ‘O
1399 2283 1534 2321 δεδεμένος
1543 2284 1657 2316 πάντως.
1668 2285 1749 2318 Πῶς;
1763 2282 1829 2312 ‘'Ou

1063 2333 1159 2363 ἐκεῖνος
1173 2329 1219 2367 μὲν
1234 2328 1279 2357 καὶ
1289 2328 1455 2367 στρατόπεδα
1469 2330 1549 2367 ἔχων,
1562 2329 1607 2357 καὶ
1623 2330 1649 2357 ἐν
1662 2330 1777 2368 λαμπρῷ
1790 2331 1829 2367 τῷ

1064 2376 1183 2415 ‹rs-*Agant
1208 2374 1420 2414 προκαθήμενος,
1443 2374 1510 2413 ἅπερ
1533 2375 1624 2409 ἤθελεν
1648 2376 1696 2403 οὐκ
1719 2376 1827 2413 ἴσχυσεν

1071 2481 1177 2509 quemm-
1196 2474 1280 2498 citat?
1301 2473 1383 2498 nates.
1406 2476 1465 2503 niele,-
1482 2479 1527 2506 est,
1546 2479 1662 2499 accurate
1679 2473 1768 2499 sciens.
1788 2475 1829 2499 Ita

1071 2523 1126 2540 vere
1137 2514 1199 2540 dicit.
1209 2514 1301 2546 Chrys.
1317 2512 1325 2545 Ῑ
