1893 2860
397 186 429 208 IN
459 186 567 208 EPlST.

42 251 174 291 χεομένων
200 252 235 282 εἷς
257 249 303 284 τὴν
326 250 384 286 γῆν,
400 243 455 276 εἶτα
476 249 526 276 τῶν
551 247 686 286 Χερουῧίμ
698 259 703 264 ·
727 247 811 275 πολλὰ

43 296 69 325 δὲ
84 295 166 325 ταῦτα
181 294 290 324 ἐστικαὶ
306 294 404 333 ἄπειρα
414 305 420 311 ·
441 288 497 320 εἶτα
512 294 562 320 τῶν
579 293 717 332 Σεραρὶμ,
734 293 811 321 αὑτοῦ

43 341 182 380 ἐρχομένου
198 340 240 369 ἐπὶ
254 342 300 374 τῆς
313 338 387 373 δόξης
398 338 497 373 ἐκείνης
514 340 558 373 τῆς
573 338 715 376 ἀφράστου,
729 338 812 365 ἀπαν-

44 386 158 421 τώντων,
173 388 223 414 τῶν
236 385 401 425 ἀφικομένων
412 383 470 416 τοὺς
485 383 622 416 ἐκλεκτοὺς
635 383 705 422 οἴγειν
719 385 754 415 εἷς
767 382 812 421 μεέ

45 443 88 461 σον
100 443 105 449 ·
121 426 177 460 εἶτα
191 433 243 459 τῶν
257 429 317 468 περὶ
332 430 447 465 Παῦλον,
462 429 507 457 καὶ
521 429 626 458 πάντων
640 429 696 458 ὅσοι
711 427 814 457 εὐδοκί-

45 488 130 515 μησαν
139 478 197 505 κατ’
210 476 297 510 αὐτὸν,
310 475 536 515 στεφανουμένων,
549 474 813 513 ἄνακηρυττομένων,

43 522 198 560 τιμωμένων
212 522 285 562 παρὰ
300 525 344 550 τοῦ
359 520 487 560 βασιλέως
499 521 543 549 ἐπὶ
557 520 644 555 ποίο-ης
664 522 711 555 τῆς
732 531 813 557 στρα-

44 573 100 601 τιᾶς
113 570 160 602 τῆς
173 567 303 607 οὐρανίου.
319 568 353 595 Ei
367 567 417 606 γὰρ
435 566 470 604 μὴ
487 566 578 604 γέεννα
593 562 634 601 ἧν,
649 565 679 594 τὸ
691 564 750 597 τοὺς
766 563 813 601 μὲν

45 616 186 651 τιμᾶσθαι,
212 613 323 645 ἐκείνους
346 612 373 641 δὲ
396 613 585 650 ἀτιμάζεσθαι,
617 611 698 640 πόσον
729 610 814 645 ἐστίν;

46 659 184 698 Ἀφόρητος
197 661 213 694 ἡ
227 658 316 697 γεέννα
326 681 332 693 ,
348 659 482 696 ὁμολογῶ,
497 657 542 685 καὶ
554 656 654 695 σφόδρα
669 655 813 694 ἀφόρητος·

46 705 115 739 πλὴν
130 704 307 744 ἀφορητοτέρα
319 705 399 737 αὐτῆς
410 725 417 738 ,
429 705 475 737 τῆς
491 702 627 741 βασιλείας
641 704 656 736 ἡ
674 701 814 732 ἔκπτωσις.

47 749 113 778 1ἰίπέ
125 749 174 788 γάρ
187 760 246 788 μοι·
258 749 330 782 εἴτις
346 747 469 787 βασιλεὺς
478 770 486 782 ,
498 747 514 782 ἢ
525 747 578 780 υἱὸς
593 746 722 785 βασιλέως
735 746 815 774 ἀπελ-

47 795 107 830 Οὼν,
120 794 165 823 καὶ
180 794 310 833 πολέμους
325 793 491 832 κατορΟώο-ας
506 793 628 833 μυρίους,
643 791 687 821 καὶ
707 794 814 829 θαυμα-

47 840 132 875 σθεὶς,
158 840 202 869 καὶ
223 840 291 879 ἔχων
306 839 483 879 στρατόπεδον
507 838 661 876 ὁλόκληρον,
684 836 816 865 ἐπιὸαίνοι

46 884 146 919 πόλεώς
158 898 225 919 τινος
240 885 306 923 μετα
318 888 361 914 τοῦ
376 884 496 923 ζεύγους,
512 884 579 922 μετὰ
593 883 736 923 τροπαίων,
750 882 817 920 μετὰ

49 931 148 971 μυρίων
162 932 304 970 ταγμάτων
315 931 421 960 πάντων
435 943 453 970 χ
457 930 676 969 ρυσορορούντων,
689 929 756 967 μετὰ
766 931 817 957 τῶν

49 977 196 1017 δορυφόρων
212 980 262 1006 τῶν
277 977 338 1016 περὶ
353 977 429 1005 αὐτὸν
441 976 563 1004 ἁπάντων
579 975 692 1007 ἀσπίδας
705 975 818 1014 ἐχόντων

50 1031 166 1066 χρυσᾶς,
182 1026 227 1055 καὶ
252 1032 325 1055 πᾶσα
344 1029 360 1061 ἡ
382 1026 457 1058 πόλις
480 1026 681 1065 ἐστεφανωμένη
706 1026 761 1061 εἴη,
776 1025 822 1054 καὶ

52 1076 146 1108 πάντες
157 1077 180 1104 οἱ
195 1078 241 1111 τῆς
253 1075 406 1113 οἰκουμένης
418 1076 543 1114 ἄρχοντες
555 1077 611 1113 μετ’
626 1076 719 1111 αὐτοῦ,
733 1077 822 1104 ἕποιτο

52 1126 78 1155 δὲ
94 1128 163 1165 αὐτῷ
188 1126 232 1155 καὶ
247 1131 320 1154 πᾶσα
344 1126 451 1161 ἡλικία,
472 1126 557 1155 ὀπίσω
579 1126 725 1164 ἀλλογενῶν
741 1127 821 1155 ἐθνῶν

51 1179 202 1215 δεσμωτῶν,
224 1176 361 1215 ὑπάρχων,
380 1177 532 1215 σατραπῶν,
548 1176 664 1211 ὑπάτων,
678 1176 821 1216 τυράννων,

52 1227 184 1266 ἀρχόντων
194 1239 199 1244 ·
214 1222 269 1255 εἶτα
281 1227 324 1255 ἐπὶ
337 1226 442 1261 ἁπάσης
454 1227 500 1260 τ’ἥς
514 1226 700 1264 λαμπρότητος
710 1226 821 1261 ἐκείνης,

52 1277 110 1310 τοὺς
125 1279 295 1309 ἀπαντῶντας
318 1278 370 1304 τῶν
390 1277 502 1305 πολιτῶν
524 1276 625 1315 δέχοιτο
647 1276 692 1304 καὶ
706 1288 822 1315 κατακρι-

53 1328 126 1364 λοίη,
143 1327 189 1355 καὶ
202 1331 280 1365 χεῖρα
294 1327 379 1365 ὀρέγοι
393 1348 400 1361 ,
412 1326 456 1354 καὶ
472 1326 558 1361 ποίσης
574 1328 708 1364 μεταδιδοῖ
720 1329 823 1366 παρρη-

54 1377 128 1412 σίας,
144 1376 161 1411 ἢ
183 1376 227 1404 καὶ
248 1376 352 1405 πάντων
370 1375 490 1404 ἑστώτων
518 1376 677 1415 διαλέγοιτο,
702 1378 737 1409 ὡς
760 1377 824 1416 πρὸς

55 1427 157 1466 φίλους,
173 1426 217 1454 καὶ
237 1426 309 1464 λέγοι
324 1431 412 1455 πᾶσαν
431 1425 478 1461 τὴν
495 1426 552 1455 ὁδὸν
568 1426 669 1462 ἐκείνην
686 1427 718 1454 δι’
732 1426 825 1459 αὐτοὺς

55 1478 216 1511 πεποιῆσθαι
227 1499 233 1511 ,
259 1477 303 1505 καὶ
333 1476 391 1510 τοὺς
421 1475 466 1515 μὲν
493 1478 528 1509 εἷς
553 1477 586 1506 τὰ
614 1478 737 1516 βασίλεια
767 1479 825 1517 ἄγοι

55 1527 89 1556 τὰ
106 1529 217 1562 ἑαυτοῦ,
230 1527 288 1560 τοὺς
307 1527 333 1555 δὲ
359 1527 569 1565 καταλιμπάνω,
587 1527 670 1563 πόσης
693 1528 827 1561 κολάσεως

55 1582 131 1608 τοῦτο
152 1580 198 1607 οὐκ
228 1578 306 1613 ἄξιον,
331 1579 352 1606 εἰ
371 1578 416 1606 καὶ
439 1578 476 1616 μὴ
504 1579 672 1615 κολάζονται;
688 1581 721 1608 Εἰ
737 1580 763 1608 δὲ
785 1581 826 1609 ἐπ’

57 1628 194 1668 ἀνθρώπου
215 1627 282 1656 οὕτω
297 1627 389 1666 πικρὸν
403 1627 431 1656 τὸ
445 1630 492 1663 τῆς
512 1628 587 1664 δόξης
609 1629 707 1666 ταύτης
723 1631 826 1659 ἀποπε-

57 1682 121 1714 σεῖν,
133 1678 223 1716 πολλῷ
237 1678 336 1715 μᾶλλον
348 1677 392 1705 ἐπὶ
411 1678 482 1706 Θεοῦ
493 1699 500 1713 ,
516 1677 578 1706 ὅταν
594 1680 620 1707 αἱ
636 1679 690 1708 ἅνω
704 1680 828 1718 δυνάμεις

58 1732 142 1756 πᾶσαι
163 1729 267 1766 παρῶσι
280 1726 348 1764 μετὰ
362 1730 407 1756 τοῦ
423 1727 551 1765 βασιλέως
563 1750 569 1762 ,
583 1727 646 1757 ὅταν
668 1731 691 1758 οἳ
707 1730 828 1769 δαίμονες

59 1778 86 1806 δε
104 1778 191 1816 εμένοι
207 1777 252 1806 καὶ
266 1777 339 1805 κοίτω
358 1777 489 1812 νεύοντες,
513 1777 558 1806 καὶ
578 1780 591 1806 ὁ
612 1779 732 1812 ὃιάῧολος
753 1781 829 1814 αὐτὸς

60 1827 164 1865 δέσμιος
178 1827 274 1865 ἄγηται
286 1849 292 1861 ,
308 1827 352 1855 καὶ
367 1832 440 1856 πᾶσα
452 1827 526 1866 ἰσχὺς
536 1830 552 1863 ἦ
565 1829 733 1867 ἀντικειμένη
745 1852 751 1865 ,
766 1830 829 1859 ὅταν

59 1879 85 1905 αἱ
107 1877 230 1915 δυνάμεις
244 1878 295 1905 τῶν
316 1878 441 1916 οὐρανῶν,
458 1877 518 1906 ὅταν
546 1879 623 1913 αὐτὸς
648 1880 760 1919 ἔρχηται
786 1881 830 1910 ἐπὶ

60 1930 112 1956 τῶν
125 1929 250 1966 νεφελῶν.
273 1927 439 1956 Πιστεύσατέ
461 1940 523 1966 μοι,
548 1930 659 1964 ὑπὸτῆς
679 1931 769 1967 ὀδύνης
784 1934 831 1966 τῆς

62 1977 223 2016 κατεχούσης
238 1988 288 2014 μου
301 1977 349 2012 τὴν
363 1977 450 2016 ψυχὴν
467 1980 504 2017 τῷ
518 1979 664 2018 διηγήματι
679 1981 762 2021 τούτῳ
774 1982 831 2011 οὐδὲ

64 2026 183 2060 ἐξανύσαι
193 2027 236 2055 τὸν
251 2027 326 2064 λόγον
338 2027 459 2064 δύναμαι.
473 2027 656 2067 Ἐννοήσωμεν
672 2031 755 2067 πόσης
765 2034 833 2060 ἄπο-

64 2075 225 2115 στερούμεθα
241 2075 332 2113 δόξης,
349 2075 404 2109 ἐξὸν
427 2076 464 2114 μὴ
480 2078 701 2117 ἀποστερηθῆναι.
722 2081 762 2110 Τὸ
781 2081 833 2120 γὰρ

65 2126 147 2155 δεινὸν
161 2126 238 2154 τοῦτό
249 2127 328 2162 ἐστιν,
341 2126 381 2154 ὅτι
395 2126 479 2165 κύριοι
490 2127 561 2160 ὄντες
572 2131 618 2156 τοῦ
634 2128 671 2167 μὴ
685 2133 768 2158 ταῦτα
777 2142 835 2159 πα-

65 2179 128 2211 (aetio,
154 2175 301 2214 πάσχομεν.
326 2176 412 2205 “Οταν
435 2175 487 2215 γὰρ
506 2177 564 2210 τοὺς
592 2178 638 2215 μὲν
657 2179 767 2218 δέχηται
789 2181 834 2209 καὶ

66 2226 156 2264 ἀπάγῃ
177 2225 241 2264 πρὸς
254 2226 297 2254 τὸν
313 2226 422 2265 Πατέρα
437 2228 472 2259 εἷς
492 2227 550 2260 τοὺς
573 2229 710 2267 οὐρανοὺς,
726 2229 785 2263 τοὺς
808 2229 835 2259 δὲ

66 2277 130 2316 ἀφιῇ
139 2297 146 2310 ,
158 2276 203 2304 καὶ
214 2275 336 2309 λαὸόντες
349 2277 454 2316 ἄγγελοί
466 2290 531 2311 τινες
543 2278 654 2308 ἕλκωσιν
669 2280 779 2314 ἄκοντας
790 2282 836 2310 καὶ

67 2324 271 2364 ὃεδακρυμένους
287 2325 331 2353 καὶ
345 2326 418 2354 minu
432 2326 551 2360 νεύοντας
566 2329 609 2356 ἐπὶ
625 2329 655 2358 τὸ
669 2332 717 2365 τῆς
731 2330 836 2369 γεέννης

68 2379 135 2414 πῦρ,
151 2377 254 2414 πρῶτον
270 2376 572 2414 παραδειγματισῡέντας
591 2380 634 2408 ἐπὶ
649 2383 696 2415 τῆς
714 2382 837 2419 οἷκουμέ<

69 2439 114 2462 νης
128 2426 247 2460 ἁπάσης,
259 2426 342 2462 πόσην
355 2427 402 2455 οἴει
413 2427 460 2462 τὴν
472 2429 563 2465 ὀδύνην
577 2426 659 2467 εἶναι,
676 2432 837 2471 Σπεύδωμεν

71 2473 114 2505 οὖν
129 2477 177 2509 ἕως
188 2476 243 2505 ἐστὶ
255 2477 358 2515 καιρὸς,
372 2477 417 2505 καὶ
429 2478 528 2514 πολλὴν
538 2482 584 2515 τῆς
597 2482 695 2510 ἑαυτῶν
707 2482 840 2521 σωτηρίας

72 2527 119 2561 τὴν
137 2527 259 2566 φροντίδα
275 2527 419 2565 ποιώμεθα.
436 2528 511 2558 Πόσα
525 2533 635 2559 τοιαῦτα
650 2532 744 2571 ἔχομεν
760 2534 841 2562 εἰπεῖν

75 2580 116 2606 οἱα
130 2579 143 2605 ὃ
156 2576 277 2609 πλούσιος
289 2590 293 2594 ·
311 2577 383 2610 εἴτις
398 2581 467 2616 ἡμᾶς
481 2582 525 2608 νῦν
540 2582 682 2620 συνεχώρει
694 2604 700 2615 ,
718 2582 842 2611 §couleu-

599 186 642 208 „m
672 185 813 208 t‘tttmt‘t‘.
839 186 856 206 C
868 185 916 206 xt‘.

838 1032 856 1054 D

852 2003 869 2026 F

853 2202 871 2223 Α

1541 170 1558 202 T·
1574 180 1606 215 ‘³7

868 246 988 284 geloruiu
1021 245 1107 279 ordo,
1130 244 1227 272 deinde
1250 242 1382 271 secundus
1398 265 1405 279 ,
1429 241 1525 270 deinde
1553 248 1609 269 ter-

868 292 922 320 tius
936 314 943 326 ,
980 290 1078 319 deinde
1103 289 1220 319 sexcenti
1255 288 1362 318 ordines
1396 288 1422 316 in
1455 294 1551 316 terram
1583 298 1610 315 se

867 337 1009 365 effundunt
1022 360 1028 374 ,
1058 343 1116 364 tum
1149 335 1295 364 Cherubim
1327 334 1373 371 qui
1403 332 1610 361 innumerabiles

868 389 940 416 sunt,
965 390 990 411 et
1013 382 1170 422 Seraphim3
1187 387 1320 420 postremo
1344 380 1454 419 ipsemet
1479 377 1608 415 advenit,

869 428 952 466 gloria
964 429 1009 457 illa
1020 428 1220 463 circumfluens,
1233 437 1291 465 quae
1301 425 1383 455 nullis
1394 425 1482 454 verbis
1493 425 1610 464 exprimi

870 480 965 512 potest,
983 485 1074 503 omnes
1086 484 1148 503 vero
1163 472 1286 501 festinant
1303 470 1436 500 adducere
1451 471 1476 499 in
1492 470 1611 499 medium

869 519 965 548 eleetos
979 532 984 547 ε
1001 519 1098 548 deinde
1114 519 1213 547 Paulus
1238 524 1263 546 et
1286 517 1304 545 ii
1320 517 1366 555 qui
1382 517 1496 545 Paulum
1521 518 1611 545 sectati

870 574 940 602 sunt,
954 567 1054 605 quique
1065 567 1101 594 ita
1114 565 1221 605 probati
1234 571 1308 601 sunt,
1325 571 1497 600 coronantur,
1516 564 1613 602 praedi-

869 618 973 649 cantur,
989 623 1004 641 a
1025 613 1097 650 Rege
1112 611 1139 639 in
1155 617 1296 650 conspectu
1312 610 1393 638 totius
1405 610 1517 638 caelestis
1533 620 1613 638 exer-

870 656 938 685 citus
966 657 1067 686 honore
1091 656 1256 684 afficiuntur.
1280 656 1350 684 Nam
1367 654 1471 682 etiamsi
1494 654 1614 693 gehenna

870 713 923 731 non
947 710 1024 740 esset,
1038 709 1167 741 quantum
1183 709 1271 730 tamen
1285 699 1353 729 illud
1366 706 1420 735 cst,
1436 698 1483 728 hos
1505 699 1616 737 quidem

871 749 1011 784 honorem,
1024 750 1085 778 illos
1096 759 1159 778 vero
1174 747 1349 787 ignominiam
1366 753 1500 786 reportare
1511 746 1524 775 9
1539 747 1613 774 Into-

870 795 991 824 lerabilis
1000 805 1040 824 res
1054 800 1092 824 est
1105 794 1236 833 gehenna,
1254 793 1347 827 fateor,
1358 799 1383 821 et
1406 791 1486 822 valde
1508 791 1617 830 quidem

872 840 1048 869 intolerabilis
1061 852 1068 874 ;
1083 847 1200 868 attamen
1215 838 1412 867 intolerabilius
1426 837 1493 866 mihi
1511 837 1618 866 videtur

873 886 907 915 de
929 896 1010 925 regno
1026 886 1168 915 decidisse.
1187 885 1258 913 Cedo
1273 884 1353 920 enim,
1375 884 1397 913 si
1418 883 1478 922 quis
1503 893 1552 912 rex
1574 883 1618 911 vel

874 932 944 972 regis
957 933 1039 969 filius,
1055 933 1135 961 domo
1148 931 1282 971 profectus
1297 930 1390 959 multis
1415 929 1491 958 bellis
1512 929 1619 968 egregie

875 979 1015 1015 confectis,
1030 988 1181 1016 magnaque
1207 977 1248 1005 sui
1270 976 1447 1005 admiratione
1474 981 1618 1008 commota,

878 1025 1003 1053 universo
1016 1024 1158 1052 comitatus
1175 1022 1294 1051 exercitu
1309 1022 1336 1050 in
1351 1021 1487 1050 civitatem
1502 1020 1620 1058 aliquam

877 1070 1062 1109 ingrederetur
1085 1080 1146 1098 eum
1172 1066 1312 1104 vehiculo,
1339 1078 1400 1096 enm
1422 1066 1541 1106 tropaeis,
1558 1076 1621 1094 cum

877 1116 1008 1145 sexcentis
1016 1115 1133 1144 militum
1145 1113 1287 1143 ordinibus
1298 1124 1363 1142 auro
1377 1119 1544 1148 onustorum,
1559 1122 1621 1140 cum

878 1162 1038 1191 satellitibus
1054 1161 1179 1190 omnibns
1199 1170 1294 1189 aureos
1312 1160 1420 1199 clypeos
1437 1158 1621 1198 gestantib1153

878 1208 1003 1236 universa
1017 1213 1106 1235 autem
1121 1206 1216 1234 civitas
1238 1212 1362 1234 coronata
1385 1211 1463 1241 esset,
1478 1214 1622 1242 omnesque

878 1253 951 1282 orbis
963 1253 1097 1292 principes
1108 1262 1169 1281 eum
1183 1252 1256 1291 ip503
1269 1262 1282 1279 a
1294 1258 1368 1289 tergo
1379 1257 1468 1279 autem
1481 1249 1570 1288 ipsum
1581 1260 1621 1277 se-

879 1305 1005 1337 queretur
1016 1298 1103 1326 omnis
1118 1308 1223 1336 quoque
1237 1304 1300 1325 :etas
1318 1303 1470 1325 exterarum
1483 1295 1623 1323 nationum

880 1344 997 1383 captiva,
1012 1354 1073 1372 eum
1088 1343 1231 1382 przefectis,
1250 1341 1373 1381 satrapis,
1389 1339 1557 1377 consulibus,
1579 1346 1623 1379 ty-

880 1389 971 1418 rannis
985 1412 992 1426 ,
1022 1389 1190 1428 principibus
1214 1400 1220 1416 z
1242 1386 1340 1416 deinde
1366 1388 1393 1415 in
1418 1386 1547 1426 praeelara
1576 1385 1623 1414 illa

880 1445 979 1475 pompa
991 1434 1099 1463 obviam
1113 1433 1164 1462 sibi
1181 1432 1342 1473 prodeuntes
1358 1432 1429 1461 cives
1443 1431 1622 1470 amplexetur,

881 1481 1027 1518 osculetur,
1041 1490 1150 1508 manum
1164 1479 1295 1518 porrigat,
1309 1488 1414 1506 omnem
1429 1477 1474 1506 det
1498 1476 1626 1515 loquendi

881 1528 1041 1563 libertatem,
1057 1533 1137 1564 atque
1151 1525 1177 1553 in
1190 1525 1311 1553 omnium
1326 1530 1467 1563 conspeetu
1483 1534 1545 1552 cum
1561 1523 1627 1562 ipsis

882 1580 912 1602 ut
928 1584 988 1602 eum
1003 1572 1097 1601 amieis
1120 1571 1305 1609 colloquatur,
1324 1577 1464 1608 totumque
1480 1568 1550 1598 illud
1577 1568 1628 1597 iter

883 1620 1002 1660 ipsorum
1019 1618 1071 1647 sibi
1087 1628 1166 1646 eausa
1183 1623 1337 1656 susceptum
1364 1616 1449 1652 dicat,
1474 1623 1553 1654 atque
1578 1615 1628 1644 lios

883 1664 993 1704 quidem
1008 1664 1034 1692 in
1048 1663 1148 1703 regiam
1165 1673 1242 1691 suam
1256 1662 1396 1701 perducat,
1412 1662 1480 1690 alios
1494 1672 1558 1691 vero
1578 1662 1626 1690 de-

883 1713 1017 1751 relinquat
1032 1723 1037 1739 :
1055 1717 1184 1749 quantum
1199 1710 1226 1739 id
1241 1710 1314 1738 omni
1333 1710 1467 1749 supplicio
1478 1710 1565 1749 majus
1579 1716 1628 1745 est,

885 1758 965 1786 etiam
984 1757 1007 1786 si
1029 1757 1070 1785 illi
1086 1756 1220 1796 supplicio
1237 1766 1290 1784 non
1310 1755 1485 1783 afficiantur?
1501 1755 1583 1790 Quod
1606 1756 1628 1783 si

885 1803 958 1843 apud
969 1803 1103 1831 hominem
1113 1802 1180 1830 adeo
1192 1811 1313 1830 amarum
1324 1807 1363 1829 est
1372 1800 1406 1828 de
1419 1800 1504 1839 gloria
1518 1800 1566 1828 illa
1578 1801 1629 1829 de-

886 1849 993 1885 cidisse,
1020 1848 1106 1876 multo
1132 1846 1218 1885 magis
1234 1845 1307 1885 apud
1322 1847 1410 1874 Deum
1422 1868 1431 1879 ,
1450 1855 1512 1873 cum
1526 1856 1629 1884 supera}

886 1901 1029 1935 potestates
1044 1904 1097 1922 una
1112 1903 1173 1921 cum
1200 1894 1272 1930 Rege
1285 1892 1394 1925 adsunt,
1410 1901 1472 1919 cum
1495 1891 1630 1920 daemones

888 1940 971 1969 vineti
996 1946 1076 1977 atque
1097 1938 1213 1973 incurvi,
1229 1937 1356 1966 diabolus
1371 1936 1427 1976 ipse
1447 1937 1572 1965 manibus
1585 1948 1630 1965 re—

888 1987 985 2016 vinctis
1007 1985 1116 2024 agitur,
1132 1994 1262 2021 omneque
1287 1982 1502 2012 adversariorum
1529 1983 1630 2020 robur;

888 2043 950 2062 cum
963 2032 1086 2062 Virtutes
1100 2030 1236 2066 eaelorum,
1249 2039 1310 2057 cum
1324 2029 1381 2068 ipse
1404 2028 1431 2057 in
1447 2029 1565 2057 nubibus
1582 2029 1630 2058 ad-

889 2078 984 2107 venit?
1001 2076 1109 2106 Credite
1132 2074 1211 2111 mihi,
1235 2085 1291 2114 prae
1318 2074 1421 2110 dolore,
1437 2074 1483 2112 qui
1510 2075 1631 2104 animum

890 2134 979 2152 meum
992 2133 1025 2151 ex
1041 2122 1090 2150 hac
1100 2120 1252 2150 narratione
1267 2119 1418 2159 occupavit,
1433 2120 1579 2149 orationem
1597 2121 1633 2149 ad

947 184 993 205 tv.
1024 184 1141 206 HmttL.
1173 184 1244 205 Ylll.

845 2174 880 2193 ³⁰³
890 2170 992 2199 exitum
1003 2168 1149 2207 perducere
1161 2177 1212 2195 non
1223 2176 1341 2205 possum.
1355 2165 1519 2204 Cogitemus,
1533 2174 1632 2205 quanta

890 2215 1027 2254 privemur
1041 2213 1135 2252 gloria,
1150 2222 1213 2240 cum
1229 2211 1255 2239 in
1276 2211 1353 2239 nobis
1367 2211 1449 2239 situm
1463 2211 1498 2240 sit
1512 2221 1563 2240 non
1579 2213 1634 2251 pri-

890 2261 959 2289 vari.
975 2260 1031 2288 Hoc
1043 2259 1114 2287 enim
1130 2264 1167 2286 est
1180 2257 1253 2296 quod
1266 2257 1383 2285 maxime
1394 2258 1480 2296 angit,
1493 2258 1550 2286 haec
1564 2259 1632 2298 pati,

891 2317 953 2335 eum
977 2306 1003 2334 in
1018 2309 1107 2333 nostra
1122 2310 1251 2343 potestate
1274 2303 1308 2331 sit
1332 2313 1384 2332 non
1399 2303 1464 2342 pati.
1485 2305 1552 2332 Nam
1573 2315 1634 2332 cum

892 2353 940 2380 lios
954 2350 1063 2390 quidem
1078 2349 1258 2389 amplectitur,
1271 2355 1296 2377 et
1307 2348 1390 2378 mittit
1406 2349 1433 2377 in
1448 2350 1526 2378 coelos
1539 2349 1572 2378 ad
1585 2350 1635 2378 Pa-

894 2405 969 2431 trem,
985 2397 1044 2425 illos
1055 2407 1117 2425 vero
1131 2395 1247 2431 omittit;
1261 2395 1347 2433 angeli
1366 2394 1478 2433 quidam
1499 2395 1560 2424 illos
1574 2407 1636 2435 pre-

893 2443 1039 2472 hendentes
1058 2444 1084 2471 in
1096 2441 1222 2480 gehenna·
1245 2441 1332 2479 ignem
1349 2440 1458 2478 invitos,
1475 2441 1574 2476 flentes,
1591 2444 1636 2470 in-

895 2500 992 2518 curvos
1014 2487 1156 2523 traxerint,
1172 2497 1202 2515 ac
1216 2493 1274 2514 tum
1288 2485 1409 2524 demum,
1435 2497 1496 2515 cum
1511 2487 1638 2516 universo

897 2535 955 2564 orbi
978 2533 1129 2573 spectaculo
1145 2532 1243 2561 suerint
1260 2543 1266 2560 :
1289 2539 1419 2570 quantum
1436 2539 1513 2572 putas
1537 2533 1640 2562 doloris

899 2581 1024 2611 hauriri?
1050 2578 1177 2609 Studium
1199 2578 1282 2617 igitur
1302 2578 1488 2612 adhibeamus,
1510 2579 1647 2617 quamdiu*

1465 2620 1513 2647 25.
