1893 2860
398 155 431 177 IN
460 153 567 177 EPIST.
597 153 621 176 1.

50 219 103 250 λῶς
124 216 274 247 πεπλάσθαι
293 215 340 244 καὶ
359 215 517 255 στρογγύλον
533 211 617 251 εἶναι,
630 215 735 244 Ἐκεῖνο
748 214 817 243 πάν-

49 275 101 296 τως
113 263 143 292 ἂν
153 262 286 300 εἴποιμεν·
299 263 376 290 τοῦτο
394 260 441 299 μὲν
451 261 502 300 γὰρ
521 260 670 300 ἀδιάφορον,
685 261 716 290 τὸ
729 260 757 289 δὲ
771 262 817 295 ζη-

49 309 172 347 τούμενον
184 310 276 337 ἐκεῖνο.
285 306 337 336 Διὰ
350 310 425 336 τοῦτο
436 307 490 343 καὶ,
504 307 604 346 σαπρὸν
614 307 710 346 λύχνον
725 306 817 340 ἐποίη-

49 366 112 388 σας,
125 354 190 393 πρὸς
212 353 260 388 τὴν
276 353 508 392 ἐγκεχειρισμένην
520 353 692 392 θεραπαινίδα
713 353 753 381 ἀεὶ
774 351 816 380 λε’-

48 410 144 439 γομεν·
157 398 224 428 οὕτω
244 399 340 438 λύχνου
360 399 390 427 τὸ
412 399 532 438 φωτίζειν
554 398 633 428 ἐστίν.
652 399 754 427 Οὐκοῦν
772 397 818 426 καὶ

49 445 196 485 ὀφθαλμὸς,
207 444 252 474 εὀίν
260 457 290 474 τε
299 445 400 474 τοιόσδε
410 445 455 474 ἐάν
465 456 494 473 τε
504 445 604 474 τοιόσδε
614 440 642 483 ᾖ,
653 443 725 472 οὐδέν
736 445 817 476 ἔστιν,

51 491 100 524 ἕως
118 491 149 519 ἂν
170 491 239 528 μετὰ
253 491 341 526 πάσης
362 490 518 529 αὐταρκείας
532 490 580 525 τὴν
592 489 684 528 χρείαν
699 489 816 528 πληροῖ·

50 537 142 576 ὥσπερ
156 532 200 565 οἶν
216 537 262 565 καὶ
281 537 380 576 σαπρὸς
394 536 499 574 λέγεται
508 558 516 570 ,
533 536 577 564 ἐὰν
591 535 742 573 ἀμὸλυωπῇ
752 556 759 569 ,
772 534 817 563 καὶ

51 583 100 618 τὴν
127 583 247 612 σύνθεσιν
274 583 310 621 μὴ
338 583 386 623 ἔχῃ
414 588 501 611 πᾶσαν
528 581 728 620 ἀπηρτισμένην
741 592 747 598 ·
772 580 817 609 καὶ

50 629 102 668 γὰρ
124 629 183 662 τοὺς
205 629 376 668 ἀνεῳγμένων
397 630 449 657 τῶν
464 628 604 667 ὀφθαλμῶν
620 626 656 665 μὴ
673 626 818 664 βλέποντας

51 674 169 714 σαπροὺς
189 675 260 714 ἔχειν
279 673 426 714 ὀφθαλμούς
440 685 535 713 φαμεν.
549 674 608 702 Πᾶν
622 672 673 711 γὰρ
688 672 702 702 ὃ
717 671 753 710 μὴ
769 672 818 706 τὴν

51 721 120 750 ἰδίαν
141 721 234 761 χρείαν
258 722 374 759 πληροῖ,
398 720 498 759 σαπρὸν
522 719 634 757 λέγομεν
647 730 653 736 ·
675 718 721 746 καὶ
742 720 819 747 τοῖτο

49 768 187 806 ὀφθαλμοῦ
195 765 288 795 κακία.
300 767 357 800 Τῆς
367 765 393 794 δὲ
407 765 489 804 ῥινὸς,
501 765 558 794 εἶπέ
570 776 628 803 μοι,
641 764 703 793 ποία
719 763 818 802 ἀρετή;

51 807 103 851 ἆρα
119 812 149 840 τὸ
169 813 269 841 εὐθεῖαν
284 806 368 846 εἶναι,
382 810 426 839 καὶ
441 809 622 849 ἀπεξεσμένην
645 810 818 848 ἑκατέρωθεν,

50 858 98 887 καὶ
118 858 167 893 τὴν
183 857 325 896 ἀναλογίαν
340 856 491 896 σύμμετρον
512 856 593 895 ἔχειν,
608 855 625 891 ἢ
640 855 670 884 τὸ
692 856 756 894 πρὸς
771 855 818 890 τὴν

49 905 180 944 ὄσφρησιν
192 903 342 938 ἐπιτηδείαν
356 898 431 939 εἶναι,
442 903 487 931 καὶ
499 902 644 940 δυναμένην
659 902 761 941 ταχέως
775 904 820 931 ἀν-

51 949 260 987 τιλαμέάνεσθαι
271 949 316 978 καὶ
330 948 508 988 παραπέμψαι
521 950 559 986 τῷ
571 948 722 988 ἐγκεφάλῳ,
733 950 821 978 Τοῦτο

53 995 85 1031 δὴ
101 995 181 1025 παντί
200 1007 250 1024 που
264 995 342 1029 δῆλόν
355 997 420 1024 ἐστι.
439 994 511 1034 Φέρε
527 994 557 1029 δὴ
570 1017 576 1030 ,
591 994 637 1022 καὶ
658 994 702 1022 ἐπὶ
717 993 820 1023 5³:032(-

54 1053 138 1080 γματι
161 1041 190 1070 τὸ
210 1046 322 1080 πρᾶγμα
337 1040 578 1080 προσεξετᾶσωμεν,
601 1040 670 1069 Εἰπὲ
689 1040 741 1080 γάρ
757 1051 821 1078 μοι,

53 1090 65 1103 '³
74 1087 134 1120 τοὺς
148 1087 285 1126 ἅρπαγας,
298 1087 332 1116 τὰ
342 1087 422 1122 σκεύη
432 1109 439 1123 ,
452 1091 515 1115 ποῖα
531 1086 648 1126 φήσομεν
660 1086 822 1115 κατεσκευά-

55 1135 116 1162 σθαι
129 1135 232 1170 καλῶς,
254 1133 288 1162 τὰ
304 1133 434 1171 δυνάμενα
450 1132 576 1173 ἁρπάζειν
599 1132 666 1170 μετὰ
688 1133 822 1172 ἀκριὸείας

54 1179 100 1208 καὶ
114 1179 247 1219 κατέχειν,
257 1179 275 1214 ἢ
289 1179 323 1208 τὰ
333 1178 554 1217 διαπεπλασμένα
567 1179 671 1214 καλῶςς
685 1180 772 1213 Δῆλον
781 1178 822 1208 ὅτι

650 152 695 175 ΑΙ)
721 151 849 175 ΤΙΜΟἸἸΙ
856 166 863 174 .

832 1209 869 1227 573

1540 137 1611 174 655

870 222 993 250 quaenam
1013 218 1051 240 est
1064 211 1181 240 luccrnae
1197 210 1304 239 virtus?
1314 220 1348 239 an
1359 209 1432 249 quod
1443 210 1514 239 clara
1525 211 1612 250 splen-

870 259 931 288 deat
945 266 969 289 et
981 266 1063 288 totam
1077 259 1211 287 illuminet
1222 258 1355 287 domum?
1367 268 1400 286 an
1413 257 1487 297 quod
1500 258 1613 298 pulchre

871 305 1011 334 efformata
1029 312 1054 334 et
1069 304 1184 333 rotunda
1204 304 1237 332 sit
1247 304 1260 332 Ρ
1272 305 1331 343 Ego
1344 304 1464 343 primum
1477 303 1612 340 dixerim3

871 350 940 379 illud
964 351 1035 379 cuim
1050 350 1188 389 quaeritur,
1206 350 1353 378 secundum
1370 360 1432 379 vero
1449 350 1544 378 inutile
1559 357 1608 379 est.

871 395 988 434 Ideoque
997 396 1102 424 ancilla·
1114 395 1148 424 ad
1162 396 1211 424 hoc
1219 395 1354 434 deputatae
1368 405 1473 434 semper
1484 395 1612 431 dicimus,

870 441 1020 469 Lucernam
1036 441 1105 469 male
1118 441 1218 480 parasti
1234 452 1240 468 ι
1254 441 1291 468 sic
1306 440 1420 469 lucernae
1438 440 1559 469 osticium
1575 447 1614 470 cst

870 486 1033 516 illuminare.
1046 487 1139 524 Itaque
1149 487 1204 515 sive
1214 487 1273 515 talis
1283 487 1339 515 sive
1349 487 1410 515 talis
1422 487 1499 516 fucrit
1510 487 1613 524 oculus,

836 541 854 564 Ε
871 533 940 561 nihil
955 533 1072 569 interest,
1080 533 1165 561 donec
1183 540 1213 560 ut
1226 543 1274 571 par
1288 540 1325 561 cst
1337 533 1456 561 officinm
1472 544 1551 562 suum
1561 534 1613 562 im—

871 578 940 617 plet:
951 585 979 606 ut
991 578 1071 606 ctiam
1083 578 1170 606 malus
1179 577 1316 613 dicitur,si
1325 579 1436 607 obtusus
1447 579 1544 615 sit,nec
1553 591 1615 619 per-

871 624 965 652 sectam
978 624 1073 652 babeat
1089 623 1268 652 conditionem
1283 635 1288 650 ε
1302 634 1345 651 eos
1360 624 1429 651 enim
1450 625 1496 662 qui
1518 626 1615 664 apertis

871 669 956 697 oeulis
971 679 1023 697 non
1041 668 1144 705 vident,
1163 668 1248 696 malos
1268 668 1366 696 habere
1382 669 1473 697 oculos
1487 670 1613 700 dicimus.

872 715 1069 752 Quodcumque
1092 714 1163 743 enim
1179 713 1301 742 officium
1320 724 1400 742 suum
1425 725 1477 743 non
1503 715 1614 754 implet,

871 763 974 791 malum
987 772 1115 791 vocamus
1132 774 1140 790 :
1157 761 1225 791 tales
1240 768 1302 790 sunt
1316 761 1381 790 mali
1401 762 1483 791 oculi.
1502 763 1616 792 Narium

870 820 944 845 vero,
960 809 1004 838 dic
1019 809 1097 842 mihi,
1118 819 1241 847 quaenam
1262 809 1347 838 vinus
1369 810 1426 838 est?
1437 821 1469 838 an
1490 817 1519 839 ut
1539 818 1616 840 rectoe

871 855 934 891 sint,
948 862 974 883 et
986 855 1121 894 utrimque
1136 855 1169 883 ad
1184 865 1307 883 normam
1321 862 1346 884 et
1360 856 1561 895 proportionem
1576 857 1616 885 es—

872 903 1008 939 formatae3
1023 913 1055 931 an
1072 909 1101 931 ut
1116 902 1169 931 sint
1183 902 1218 932 ad
1235 903 1362 931 olfactum
1377 910 1456 943 aptaz,
1471 915 1529 942 quae
1548 915 1616 944 pos-

873 949 926 977 sint
941 949 991 977 cito
1005 949 1113 978 odorem
1127 948 1250 988 excipere
1263 956 1287 977 et
1299 949 1326 977 in
1338 950 1475 978 cerebrum
1489 950 1616 979 mittere?

875 994 931 1023 Hoc
945 994 1032 1023 cuIvis
1044 995 1133 1034 palam
1145 1001 1193 1023 est.
1207 996 1262 1034 Age
1273 1005 1347 1034 ergo,
1359 1006 1413 1024 rem
1427 996 1550 1036 exemplo
1560 996 1616 1026 dis-

842 1046 858 1068 F
875 1040 1024 1078 quiramus.
1041 1040 1092 1069 Dic
1111 1040 1180 1068 mihi
1205 1040 1380 1069 instrumenta
1399 1041 1434 1069 ad
1456 1042 1616 1081 capiendum

875 1088 1014 1126 adornata,
1031 1098 1153 1126 quaenam
1174 1088 1295 1128 apposite
1320 1089 1386 1116 sacta
1409 1089 1541 1127 dicemus,
1557 1101 1616 1128 quse

875 1132 977 1171 possint
991 1133 1092 1172 optime
1107 1142 1201 1172 capere
1221 1139 1246 1161 et
1268 1132 1395 1169 retinere,
1409 1144 1443 1162 an
1464 1144 1524 1172 quau
1550 1134 1617 1173 pul-

876 1178 939 1206 chre
949 1178 1103 1207 conciunata
1116 1178 1216 1207 suerint
1225 1181 1238 1206 Ρ
1247 1178 1326 1206 Haud
1338 1178 1421 1208 dubie
1434 1179 1534 1218 priora.
1549 1181 1620 1209 Den-

893 151 972 173 CAP.
1004 151 1026 172 1.
1056 149 1177 172 nonu„-
1207 149 1253 172 [Υ.

54 1226 151 1254 ἐκεῖνα.
166 1226 202 1254 Τί
216 1225 243 1254 δὲ
256 1225 377 1262 ὀδόντας,
393 1225 482 1257 ποίους
497 1220 562 1253 εἶναι
575 1224 693 1264 φήσομεν
707 1225 820 1262 καλούς;
841 1238 861 1259 A
877 1231 914 1253 tes
933 1232 1020 1253 autem
1042 1235 1108 1263 quos
1129 1225 1245 1264 optimos
1258 1224 1400 1254 dicemus?
1415 1236 1492 1254 eosne
1507 1227 1553 1264 qui
1576 1227 1617 1255 ci-

55 1271 114 1304 τοὺς
127 1271 272 1309 τμητικοὺς
290 1271 335 1300 καὶ
351 1271 463 1303 εὐκόλως
485 1271 672 1308 διατέμνοντας
694 1270 742 1306 τὴν
761 1283 821 1311 τρο-

55 1316 116 1355 φὴν,
131 1317 148 1351 ἢ
163 1316 220 1349 τοὺς
233 1317 322 1349 καλῶς
336 1316 521 1355 συγκειμένους
526 1328 534 1351 ;
549 1318 635 1351 Δῆλον
647 1316 688 1345 ὅτι
701 1316 821 1349 ἐκείνους.

55 1362 108 1390 Καὶ
120 1361 186 1394 ὅλως
197 1361 240 1390 ἐπὶ
253 1361 350 1394 παντὸς
359 1363 403 1390 τοῦ
418 1360 541 1398 σώματος
553 1361 637 1401 τούτῳ
646 1362 823 1400 προσάγοντες

54 1406 172 1446 τῷλόγῳ
184 1406 232 1442 τὴν
247 1407 366 1443 ζήτησιν,
388 1406 532 1446 εὑρήσομεν
545 1406 633 1435 πάντα
653 1407 687 1436 τὰ
702 1409 762 1445 ὓγιῆ
777 1408 823 1437 καὶ

54 1453 138 1489 καλὰ,
152 1452 200 1486 ἕως
213 1452 243 1481 ἂν
257 1454 349 1492 ἐνεργῇ
372 1453 440 1491 μετὰ
456 1452 591 1491 ἀκριδείας
615 1453 648 1481 τὰ
664 1455 749 1482 οἰκεῖα
771 1456 823 1482 τῶν

57 1499 143 1536 μελῶν
158 1498 278 1528 ἕκαστον.
296 1498 376 1527 Οὕτω
400 1498 445 1526 καὶ
468 1501 558 1530 σκεῦος
584 1498 694 1527 ἕκαστον
711 1499 822 1538 λέγομεν

55 1543 146 1579 καλὸν,
156 1544 201 1573 καὶ
211 1545 277 1578 ζῶον
291 1544 336 1573 καὶ
351 1544 439 1583 φυτὸν,
456 1545 503 1572 οὖκ
517 1543 569 1572 ἀπὸ
583 1547 630 1579 τῆς
643 1545 822 1581 διαπλάσεως,

57 1591 110 1618 οὐδ’
137 1591 188 1619 ἀπὸ
209 1593 255 1619 τοῦ
276 1590 431 1629 χρώματος,
449 1591 506 1619 ἀλλ’
528 1589 580 1618 ἀπὸ
605 1592 652 1625 τῆς
673 1591 821 1624 διακονίας·

56 1635 126 1664 οὕτω
149 1635 196 1665 καὶ
224 1636 328 1671 οἰκέτην
353 1637 484 1673 καλοῦμεν
508 1636 588 1665 καλὸν
610 1637 654 1665 τὸν
674 1637 822 1672 ἐπιτήδειον

56 1684 120 1719 ἡμῖν
134 1682 199 1722 πρὸς
211 1682 355 1718 διακονίαν,
369 1683 397 1710 οὗ
408 1683 451 1711 τὸν
467 1683 562 1721 ὡραῖον
572 1682 617 1710 καὶ
631 1684 728 1721 βλᾶκα.
741 1683 823 1723 Ὁρᾷς

55 1729 112 1761 πῶς
126 1729 196 1757 ἐστιν
213 1722 279 1757 εἶναι
301 1728 398 1764 καλήν;
419 1727 506 1756 ζὈταν
520 1728 606 1757 τοίνυν
620 1731 672 1757 τῶν
692 1729 823 1768 μεγίστων

55 1774 100 1802 καὶ
115 1776 273 1811 θαυμαστῶν
287 1773 384 1811 ὁμοίως
408 1773 596 1812 ἀπολαύωμεν,
621 1774 694 1804 οὐδὲν
711 1776 823 1804 πλεονε-

55 1819 197 1858 κτούμεθα.
213 1815 278 1849 Οἶόν
291 1832 317 1848 τι
340 1820 410 1859 λέγω
421 1831 427 1838 ·
442 1820 486 1849 τὸν
501 1820 600 1859 κόσμον
620 1824 710 1850 τοῦτον
727 1821 824 1859 ὁμοίως

55 1867 169 1905 ὁρῶμεν,
182 1865 227 1894 τὸν
247 1865 332 1902 ἥλιον,
348 1865 396 1901 τὴν
411 1866 534 1902 σελήνην,
555 1865 614 1900 τοὺς
635 1866 765 1906 ἀστέρας,
779 1867 823 1896 τὸν

57 1911 122 1950 ἀέρα
135 1911 231 1950 ὁμοίως
242 1911 363 1949 ἕλκομεν,
378 1915 424 1940 τοῦ
436 1911 528 1944 ὕδατος
537 1933 544 1947 ,
556 1914 603 1947 τῆς
616 1914 714 1951 τροφῆς
728 1912 824 1950 ὁμοίως

58 1957 214 1996 μετέχομεν,
236 1958 267 1986 ἄν
291 1969 320 1986 τε
337 1957 463 1996 εὔμορφοι
477 1951 559 1994 ὦμεν,
585 1957 616 1985 ἄν
634 1969 663 1985 τε
677 1957 725 1995 μή.
748 1958 782 1987 Ei
797 1958 824 1987 δὲ

56 2002 110 2042 χρή
125 2014 151 2031 τι
165 2002 211 2030 καὶ
232 2002 382 2039 θαυμαστὸν
403 2003 497 2036 εἰπεῖν,
519 2004 571 2030 τῶν
584 2002 721 2042 εὐμόρφων
739 2004 766 2031 αἱ
786 2003 823 2041 μὴ

56 2050 176 2076 τοιαῦται
191 2048 290 2084 μᾶλλον
312 2046 493 2086 ὑγιεινότεραι.
513 2046 632 2075 Ἐκεῖναι
655 2046 702 2084 μὲν
723 2047 774 2087 γὰρ
790 2050 825 2081 ὥς

57 2093 88 2129 δὴ
103 2093 152 2129 τὴν
166 2093 237 2131 ὥραν
248 2093 479 2132 διαφυλάττουσαι,
495 2092 624 2130 καμάτοις
638 2092 733 2125 ἑαυτὰς
743 2095 772 2122 οὗ
785 2094 825 2122 δι-

55 2140 158 2175 δόασιν,
180 2140 238 2168 ἀλλ’
252 2139 332 2179 ἀργίᾳ
346 2139 392 2167 καὶ
412 2138 570 2178 σκιατροφία
581 2161 588 2174 ,
602 2138 644 2177 ὑφ’
658 2134 694 2167 ὧν
709 2139 824 2177 μάλιστα

56 2187 83 2214 αἱ
97 2186 150 2213 τῶν
168 2186 255 2222 μελῶν
270 2185 399 2224 ἐνέργειαι
422 2184 587 2224 ἀμέλύτεραι
600 2184 717 2223 γίνονται
729 2198 734 2202 ·
747 2180 824 2214 αῧται

54 2231 82 2260 δὲ
94 2231 186 2263 ἁπλῶς
198 2229 243 2259 καὶ
258 2231 355 2271 ἄρδην,
370 2230 416 2259 ἅτε
430 2230 554 2268 οὐδεμίαν
569 2230 630 2269 περὶ
641 2233 725 2260 ταῦτα
744 2230 824 2270 ἔχου-

54 2288 100 2306 σαι
120 2276 169 2311 τὴν
192 2276 317 2312 σπουδὴν,
341 2278 394 2305 ἐκεῖ
412 2276 442 2304 τὸ
466 2280 518 2305 πᾶν
545 2276 726 2306 ἀναλίσκουσι.
741 2277 824 2310 Δοξά-

55 2335 143 2361 σωμεν
156 2322 242 2351 τοίνυν
256 2322 300 2351 τὸν
313 2322 390 2358 Θεὸν,
403 2322 509 2362 ἄρωμεν
531 2322 608 2351 αὑτὸν
628 2323 654 2351 ἐν
669 2325 707 2362 τῷ
720 2322 825 2361 σώματι

55 2371 143 2407 ἡμῶν,
166 2368 203 2407 μὴ
218 2367 462 2406 καλλωπιζώμεθα·
477 2368 588 2407 περιττὴ
610 2368 676 2404 αὕτη
691 2370 708 2403 ἡ
725 2369 825 2404 σπουδὴ

56 2415 102 2444 καὶ
112 2415 244 2452 ἀνόνητος.
255 2414 302 2450 Μὴ
314 2414 479 2453 παιδεύωμεν
489 2414 546 2448 τοὺς
556 2415 651 2454 ἄνδρας
663 2416 735 2455 ὄψεις
746 2415 827 2454 μόνας

94 2530 104 2541 ¹³
123 2521 214 2557 [Colb.
229 2527 269 2553 τὰς
280 2523 404 2557 ἅρπαγας]

876 1272 942 1300 bum
955 1272 1088 1301 dissecant
1102 1279 1127 1301 et
1143 1272 1285 1308 mandunt,
1306 1283 1338 1301 an
1354 1283 1397 1302 eos
1419 1273 1466 1311 qui
1490 1274 1619 1303 concinne

876 1317 995 1346 ordinati
1016 1318 1098 1346 sunt?
1112 1318 1217 1346 Priores
1237 1324 1317 1353 certe,
1334 1325 1363 1346 ut
1377 1319 1548 1357 perspicuum
1570 1327 1620 1349 est.

876 1362 1032 1391 Universim
1052 1369 1141 1391 autem
1158 1362 1185 1391 in
1205 1369 1259 1391 toto
1280 1373 1398 1402 corpore,
1414 1363 1436 1391 si
1449 1364 1553 1403 singula
1567 1365 1619 1394 hac

876 1408 979 1436 ratione
992 1408 1185 1443 examinemus,
1206 1408 1373 1437 inreniemus
1387 1410 1508 1437 membra
1529 1411 1618 1439 omnia

876 1464 940 1482 sana
955 1454 1070 1493 pulchra
1085 1465 1148 1490 esse,
1163 1453 1247 1483 donec
1264 1454 1354 1482 officio
1373 1465 1422 1483 suo
1446 1457 1618 1494 unumquod-

877 1512 929 1540 que
942 1509 1012 1530 recte
1027 1502 1159 1541 fungitur.
1176 1502 1221 1531 Sic
1238 1509 1264 1531 et
1283 1513 1347 1531 vasa
1365 1502 1471 1541 singula
1489 1503 1559 1532 bona
1576 1504 1619 1533 di-

877 1547 978 1585 cimus,
993 1548 1030 1576 sic
1042 1547 1169 1576 animalia
1181 1554 1206 1576 et
1221 1547 1336 1587 plantas,
1348 1558 1401 1576 non
1420 1559 1453 1576 ex
1469 1549 1554 1578 forma
1570 1560 1619 1579 uec

876 1603 910 1622 cx
925 1594 1024 1631 colore,
1043 1593 1089 1622 sed
1102 1604 1137 1622 ex
1150 1593 1298 1622 ministerio
1312 1605 1317 1621 :
1332 1595 1368 1622 ita
1383 1601 1408 1622 et
1421 1595 1554 1623 famulum
1571 1595 1618 1624 di-

877 1639 962 1667 cimus
972 1639 1073 1668 bonum
1085 1649 1146 1667 eum
1157 1639 1205 1677 qui
1215 1638 1249 1667 ad
1266 1639 1446 1668 ministerium
1458 1640 1534 1668 nobis
1545 1651 1619 1669 cotu-

877 1685 972 1714 modus
988 1692 1035 1721 est,
1056 1695 1108 1713 non
1124 1691 1213 1713 autem
1228 1685 1375 1714 formosum
1400 1692 1480 1724 atque
1500 1686 1618 1715 mollem.

876 1731 974 1761 Viden’
990 1730 1124 1770 quomodo
1138 1731 1251 1771 pulchra
1268 1733 1354 1771 possis
1378 1743 1433 1761 esse
1443 1733 1456 1760 ,⁹
1472 1733 1541 1760 Cum
1555 1743 1619 1772 ergo

877 1778 1003 1807 omnibus
1025 1777 1105 1806 rebus
1126 1778 1253 1807 maximis
1268 1785 1293 1806 ct
1308 1778 1480 1808 mirabilibus
1494 1780 1619 1808 similiter

877 1823 1008 1860 fruamur,
1021 1823 1090 1852 nihil
1105 1824 1194 1852 minus
1208 1824 1268 1852 aliis
1279 1824 1409 1853 habemus
1424 1837 1430 1852 :
1448 1825 1521 1854 hunc
1536 1836 1619 1854 mun-

877 1870 945 1899 dum
963 1870 1022 1910 pari
1045 1869 1126 1898 modo
1148 1870 1272 1898 videmus
1290 1882 1296 1897 :
1316 1870 1409 1906 solem,
1431 1871 1534 1908 lunam,
1559 1872 1620 1900 stel-

877 1916 925 1953 las,
941 1927 1029 1944 aerem
1047 1915 1172 1944 similiter
1185 1915 1328 1955 spirarum,
1347 1926 1417 1954 aqua
1431 1922 1455 1944 et
1469 1916 1528 1944 cibo
1543 1917 1620 1956 pari-

877 1969 917 1991 ter
929 1962 1043 1998 utimur,
1061 1961 1118 1989 sive
1133 1960 1252 1997 formosi,
1264 1960 1320 1989 sive
1334 1960 1466 1990 deformes
1482 1962 1575 1991 simus.
1590 1963 1621 1992 Si

878 2018 942 2037 vero
957 2007 1023 2046 quid
1038 2006 1161 2035 mirabile
1176 2006 1266 2035 dicere
1286 2014 1415 2046 oporteat,
1433 2008 1556 2036 formosis
1574 2019 1621 2037 sa-

878 2053 965 2082 niores
979 2060 1040 2082 sunt
1054 2063 1114 2090 quae
1134 2052 1221 2080 forma
1241 2053 1397 2092 hujusmodi
1414 2064 1465 2082 non
1480 2054 1617 2084 fruuntur.

878 2100 933 2128 111ae
949 2109 1063 2137 namque
1077 2105 1106 2126 ut
1125 2098 1357 2138 pulchritudinem
1377 2106 1494 2137 servent,
1520 2099 1620 2130 labori-

877 2146 929 2174 bus
943 2156 970 2174 sc
982 2155 1034 2173 nou
1049 2143 1162 2181 dedunt,
1176 2143 1224 2172 sed
1235 2144 1290 2173 otio
1304 2155 1335 2173 ac
1348 2145 1463 2181 deliciis,
1475 2146 1550 2184 queis
1562 2157 1620 2175 ma-

878 2192 951 2220 xime
962 2191 1003 2220 vis
1015 2191 1196 2219 membrorum
1208 2191 1328 2219 obtusior
1341 2191 1370 2219 fit
1385 2203 1391 2219 :
1405 2191 1445 2220 hae
1461 2199 1562 2227 autem,
1575 2200 1619 2222 ut-

878 2244 940 2277 pote
957 2248 1016 2276 qua:
1035 2237 1136 2265 nuttam
1149 2236 1183 2265 de
1197 2237 1282 2265 forma
1299 2248 1389 2266 curum
1401 2237 1527 2275 habeant,
1540 2249 1567 2268 se
1579 2239 1620 2268 la-

878 2281 989 2310 boribus
1000 2281 1107 2310 omnino
1118 2280 1228 2310 dedunt.
1243 2281 1435 2310 Glorificcmus
1448 2293 1511 2321 ergo
1524 2284 1620 2320 Deum,

877 2326 1036 2356 extollamus
1050 2325 1129 2354 illum
1144 2325 1170 2353 in
1183 2336 1295 2365 corpore
1308 2333 1410 2363 nostro,
1422 2337 1455 2355 ne
1469 2337 1621 2365 quaeramus

877 2377 1001 2400 ornatum
1017 2382 1023 2398 :
1037 2369 1142 2398 inutilis
1163 2379 1194 2398 ac
1210 2369 1345 2409 superflua
1363 2370 1419 2398 haec
1440 2380 1503 2399 cura
1518 2377 1565 2399 est.
1581 2371 1621 2400 Ne

878 2415 1034 2444 erudiamus
1047 2414 1122 2444 viros
1136 2419 1165 2443 ut
1177 2413 1256 2443 facies
1270 2414 1340 2443 solas
1353 2421 1443 2443 ament
1454 2426 1460 2442 :
1476 2424 1538 2443 nam
1549 2415 1570 2443 si
1583 2415 1619 2445 ita

903 2525 911 2533 ⁸
931 2522 984 2554 [Sic
991 2522 1065 2550 Cotb,
1075 2525 1142 2552 ἀόὖην
1151 2521 1229 2548 Savss.
1239 2528 1263 2548 et
1273 2522 1371 2548 Corum⁴
1383 2521 1523 2556 Legebauu·
1531 2521 1622 2557 :22:3an
