1893 2860
98 239 167 259 Fluxa
182 245 217 258 rc-

99 277 148 289 ιιιηι
162 278 213 296 piu·-

98 301 194 319 sentium

99 330 208 350 cundum.

100 361 166 380 I'ml⁴
186 359 224 389 {S-

104 389 138 410 18.

107 2334 197 2357 0‚c‹·3.
221 2342 245 2360 2,

256 165 322 212 ¹706

254 239 325 267 enirn
356 238 418 266 vis?
441 236 568 274 gimiani.
563 237 575 253 '‘
598 237 632 264 Λ
628 247 665 264 οη
691 237 859 269 descendet,
885 233 992 271 inquit,

255 294 315 311 cum
329 284 381 311 1II0
394 282 488 320 gloria
502 283 586 319 ejus:
600 291 669 320 saepe
683 281 763 309 ctiam
778 281 897 310 viventes
913 279 992 307 dese-

254 329 296 356 rit.
308 329 366 356 Non
382 328 444 355 talia
460 337 523 355 vero
533 334 594 355 sunt
609 337 668 364 qum
679 327 712 355 ad
722 327 848 355 virtutem
860 331 990 365 spectant,

253 372 297 401 sed
318 372 406 400 omnia
422 378 536 400 manent.
551 372 601 400 Hic
622 382 702 411 porro
727 372 774 409 qui
797 382 812 400 a
834 371 991 409 magistratu

252 418 383 456 gloriosus
407 424 460 454 est,
479 417 531 445 alio
553 418 738 455 magistratum
760 417 909 456 excipiente
929 415 992 444 vilis

251 463 379 497 eflicitur,
391 469 415 491 et
430 473 463 491 ex
480 462 596 491 subditis
614 473 683 491 unus
696 472 702 489 =
716 462 806 499 dives,
819 470 864 491 aut
880 461 991 490 latroni—

250 509 300 537 bus
315 509 505 537 invadentibus
517 531 524 543 ‚
538 516 585 537 aut
595 509 768 548 sycophantis
782 516 807 537 et
822 507 991 537 insidiatori—

250 554 300 582 bus
310 577 318 591 ,
335 561 440 593 repente
466 555 497 582 fit
527 564 637 593 pauper.
654 556 687 582 At
716 560 805 583 nostra
833 552 990 593 hujusmodi

250 610 301 627 non
321 607 382 628 sunt
395 612 402 628 z
415 606 521 628 sanctus
542 599 563 627 si
586 599 735 638 advigilet,
760 610 837 628 nemo
863 600 988 628 virtutem

591 175 620 198 S.
648 174 787 198 JOANMS
813 172 994 197 cnm'SOST
1024 171 1179 195 ARCMEP.
1208 175 1474 200 CONSTANTINOP-

1049 233 1126 261 αὐτοῦ
1141 234 1225 262 ὀπίσω
1242 237 1318 264 αὐτοῦ
1329 248 1334 255 ·
1349 238 1475 270 πολλάκις
1500 238 1526 267 δὲ
1542 237 1599 267 οὐδὲ
1623 239 1699 271 ζῶντι
1718 247 1806 276 παρα-

1048 278 1129 316 μένει.
1141 279 1209 307 Ἀλλ’
1220 282 1248 308 οὐ
1260 281 1293 308 τὰ
1304 284 1349 316 τ’ῆς
1358 283 1450 320 ἀρετῆς
1460 287 1576 317 τοιαῦτα,
1589 283 1657 311 ἀλλὰ
1668 283 1754 312 πάντα
1767 282 1809 320 μέ-

1045 335 1093 353 νει.
1110 324 1144 353 ‘O
1159 327 1268 354 ἐνταῦθα
1289 326 1386 360 ἔνδοξος
1402 328 1453 356 ἀπὸ
1473 330 1519 362 τῆς
1537 330 1636 367 ἀρχῆς,
1653 328 1740 367 ἑτέρου
1761 328 1808 362 τὴν

1047 369 1130 409 ἀρχὴν
1146 370 1345 409 διαδεξαμένου,
1356 372 1458 410 γέγονεν
1473 373 1592 409 εὐτελὴς,
1608 374 1713 402 καὶτῶν
1729 374 1809 411 ἀρχο-

1047 416 1132 454 μένων
1147 412 1183 448 εῗς
1196 428 1202 434 ·
1218 418 1231 445 6
1245 416 1368 449 πλούσιος
1379 439 1386 451 ,
1402 417 1418 451 ἢ
1436 420 1539 454 λῃστῶν
1554 417 1750 456 ἐπιθεμένων,ἢ
1765 429 1810 445 συ-

1011 468 1027 490 F
1046 464 1183 500 κοφαντῶν
1206 462 1251 491 καὶ
1272 462 1426 498 ἐπιδούλων,
1448 463 1520 501 ἄφνω
1537 463 1626 501 γέγονε
1639 463 1727 499 πένης.
1740 463 1808 491 Ἀλλ’

1046 509 1074 535 οὐ
1090 507 1121 536 τὰ
1138 509 1201 547 παρ’
1217 511 1280 546 ἡμῖν
1295 507 1376 540 οὕτως
1388 519 1394 525 ·
1407 510 1420 536 6
1436 507 1546 548 σώφρων
1558 508 1600 537 ἐὰν
1616 511 1700 547 ἑαυτῷ
1713 508 1810 547 προσέ-

1046 565 1095 592 χῃ,
1111 554 1192 586 οὐδεὶς
1207 555 1284 582 αὐτοῦ
1297 554 1344 588 τὴν
1359 553 1528 592 σωφροσύνην
1544 554 1685 592 ἀφελέσθαι
1698 554 1810 589 δυνήσε-

1014 626 1021 635 Γ
1045 611 1088 627 ται
1099 611 1104 616 ·
1116 600 1159 627 τὸν
1176 599 1291 638 ἄρχοντα
1309 600 1400 628 ἑαυτοῦ
1414 599 1458 627 καὶ
1473 602 1618 639 κρατοῦντα
1631 600 1713 632 οὐδεὶς
1734 599 1809 628 ἰδιώ-

250 646 306 684 ejus
321 645 478 674 labefactare
492 645 588 684 poterit
600 657 605 672 ι
617 655 677 674 euin
693 645 738 683 qui
754 645 805 673 sibi
828 645 879 684 ipsi
902 645 989 673 domi·
1008 654 1027 674 Α
1045 657 1102 679 την,
1117 644 1174 673 οὐδὲ
1198 645 1343 683 ἀρχόμενον
1366 644 1513 684 ἐργάσεται.
1525 644 1589 673 “On
1603 644 1654 683 γὰρ
1669 644 1735 680 αὕτη
1751 644 1810 682 μεί-

249 698 338 728 netur,
353 702 430 720 nemo
446 692 585 730 privatum
598 698 644 720 aut
658 691 796 720 subditum
814 692 898 720 facere
912 698 989 730 pote-

249 737 293 765 rit.
308 737 390 773 Quod
412 738 483 766 eniin
505 737 550 766 bic
576 738 742 776 principatus
765 738 850 776 major
872 737 905 765 sit
929 737 987 773 illo,

248 783 370 811 examine
392 783 459 811 sacto
482 782 564 811 disce.
579 782 652 817 Quid
672 783 771 820 juvat,
784 793 830 810 oro
842 805 848 817 ‚
865 783 990 811 omnibus

248 829 380 867 imperare
390 829 512 866 gentibus
525 839 586 856 eum
602 828 646 866 qui
658 828 811 867 passionum
823 829 858 857 sit
872 839 964 858 servus
976 828 989 856 Ρ

248 873 328 909 Quod
352 873 481 901 damnum
493 896 500 910 ,
515 874 613 902 nemini
634 874 764 912 imperare
774 897 781 909 ,
797 881 821 902 et
835 874 987 913 passionum

248 919 391 957 tyrannide
405 919 568 957 superiorem
583 929 638 946 esse
648 919 661 946 Ξ)
674 919 730 947 Hoc
744 919 852 947 libertas
866 926 922 955 est,
939 919 988 947 hoc

249 964 408 1003 imperium,
419 970 444 991 et
458 974 569 1001 regumn
581 970 605 992 ct
617 964 733 1002 potentia
748 976 753 991 :
767 964 813 992 illa
827 974 888 992 vero
905 964 988 994 servi-

249 1016 291 1037 tus
307 1016 381 1045 sunt,
396 1010 499 1037 etiamsi
519 1010 580 1047 quis
596 1009 670 1038 inille
683 1009 880 1038 diadematibus
894 1010 927 1039 sit
942 1021 988 1039 co-

248 1062 366 1083 ronatus.
385 1055 452 1083 Cum
477 1055 547 1083 enim
573 1055 644 1083 intus
666 1055 706 1083 illi
727 1055 898 1084 dominorum
913 1056 988 1084 mn]-

248 1101 336 1129 titudo
351 1101 472 1140 imperet,
491 1101 605 1129 avaritia
617 1111 724 1140 nempe,
739 1101 834 1137 libido,
849 1102 888 1130 ira
902 1109 927 1130 ct
941 1103 989 1131 alii

248 1147 373 1182 affectus,
391 1158 449 1185 quae
472 1147 512 1176 iili
529 1158 562 1176 cx
585 1147 736 1176 diademate
760 1148 881 1177 utilitas?
902 1150 990 1187 Major

249 1199 288 1221 est
308 1193 462 1231 passionum
486 1193 624 1232 tyrannis,
641 1204 702 1221 eum
717 1204 749 1222 ne
763 1204 858 1222 corona
880 1194 991 1232 quidem

249 1238 332 1277 possit
355 1238 432 1266 illum
446 1249 461 1266 a
476 1239 522 1266 tali
543 1239 672 1267 servitute
691 1239 816 1267 liberare.
831 1241 868 1268 Ut
882 1240 903 1268 si
919 1239 991 1279 apud

249 1284 377 1312 barbaros
391 1284 523 1323 quispiam
545 1295 593 1313 rex
615 1285 701 1313 sactus
711 1308 718 1322 ,
730 1286 840 1314 serviret
854 1293 952 1324 tamen,
967 1293 992 1315 et

249 1330 290 1358 illi
313 1330 430 1358 volentes
454 1331 541 1369 majus
565 1331 702 1359 ostendere
728 1331 882 1371 imperium,
908 1343 992 1371 neque

249 1387 398 1415 purpuram
420 1387 503 1415 neque
524 1376 647 1405 diadema
673 1378 820 1414 auferrent,
835 1379 879 1407 sed
896 1379 990 1418 praeci-

249 1429 341 1461 perent
357 1422 397 1450 illi
412 1429 437 1450 et
451 1433 547 1460 aquam
563 1433 652 1451 secum
666 1422 742 1459 ferre,
755 1430 779 1452 et
794 1434 908 1461 coquum
923 1435 988 1460 esse,

251 1474 276 1495 et
291 1467 390 1495 similia
410 1468 556 1496 ministeria
572 1478 694 1496 exercere
706 1491 714 1502 ,
732 1469 767 1496 ita
789 1475 817 1496 ut
837 1469 888 1497 sibi
908 1470 991 1498 hono-

251 1523 308 1541 rem
328 1513 471 1551 majorem,
496 1513 536 1541 illi
554 1513 728 1551 ignominiam
754 1514 991 1543 conciliarenuita

252 1568 323 1586 nune
342 1568 465 1596 quoquc,
488 1559 550 1597 plus
572 1569 652 1596 quam
674 1559 807 1587 barbarus
826 1559 916 1597 quivis
937 1561 992 1589 haze

253 1603 320 1631 vitia
333 1603 409 1631 nobis
425 1603 522 1632 instant
533 1615 538 1630 :
551 1610 576 1632 et
588 1605 634 1641 qui
649 1604 694 1632 illa
705 1604 826 1643 despicit,
841 1615 870 1633 ea
882 1612 911 1633 ut
925 1605 989 1633 har-

253 1647 333 1675 baros
356 1646 506 1683 deridebi13
529 1647 575 1684 qui
598 1654 687 1675 autem
711 1647 765 1675 illis
789 1649 887 1683 servit,
914 1649 992 1687 longe

254 1689 377 1728 graviora
392 1690 506 1728 patietur
517 1712 525 1727 ,
541 1701 620 1728 quam
637 1702 651 1718 a
666 1691 795 1720 barbaris.
813 1692 958 1727 Barbarus,
972 1694 993 1721 si

254 1733 370 1761 multum
382 1734 479 1770 valeat,
490 1744 586 1773 corpus
602 1734 702 1763 cruciat
712 1746 719 1771 ;
729 1735 786 1762 haec
799 1745 863 1763 vero
878 1736 995 1765 animam

254 1779 418 1815 excruciant,
432 1786 456 1807 et
471 1779 542 1807 omni
555 1790 588 1807 ex
602 1786 678 1818 parte
693 1779 839 1808 dilaniant:
851 1781 994 1817 barbarus,

254 1824 276 1852 si
301 1824 417 1852 multum
442 1825 547 1859 valeat,
566 1825 704 1864 captivum
724 1825 787 1853 huic
802 1827 882 1854 morti
898 1827 995 1864 tradit3

254 1868 311 1897 haec
325 1880 387 1898 vero
404 1870 499 1898 suturae
515 1871 594 1898 morti
616 1870 734 1899 tradunt.
747 1871 826 1900 Solus
845 1882 908 1910 ergo
928 1872 996 1901 liber

254 1915 300 1943 ille
321 1922 373 1952 est,
398 1915 444 1953 qui
469 1915 620 1944 libertatem
641 1916 713 1944 intus
734 1916 829 1952 habe13
856 1917 924 1947 sicut
952 1918 997 1947 ille

254 1973 348 1991 servus
372 1969 426 1998 est,
456 1963 503 2000 qui
525 1962 755 1992 irrationabilibus
782 1965 933 1993 succumbit
955 1966 997 1993 af-

1045 691 1117 723 ζ(-’)ν
1105 690 1205 725 εκείνης
1219 693 1234 725 ἡ
1250 690 1319 729 ἀρχὴ
1330 713 1337 726 ,
1354 691 1406 719 ἀπο
1420 702 1466 725 της
1485 690 1624 723 ἐξετάσεως
1641 690 1763 727 μάνθανε.
1773 689 1810 718 Τί

1043 736 1094 775 γὰρ
1115 736 1217 775 ὄφελος,
1233 736 1289 765 εἰπέ
1305 748 1364 774 μοι,
1386 737 1465 765 εθνι)ν
1479 735 1628 774 ὁλοκλήρων
1649 735 1750 774 ἄργειν,
1765 734 1810 763 καὶ

1044 783 1131 810 δουλον
1151 785 1216 810 εἰναι
1228 794 1278 810 των
1293 784 1400 817 παθων;
1411 781 1481 810 Ποία
1496 781 1522 810 δὲ
1543 781 1629 819 βλάὸη
1643 781 1777 819 μηδενὸς’
1763 792 1810 809 αν-

1045 827 1168 875 Ορωπωνμ
1170 827 1269 867 ἅρχειν,
1284 828 1329 856 καὶ
1343 840 1389 863 της
1403 829 1454 855 τῶν
1470 829 1560 856 παθων
1575 827 1724 867 τυραννίδος
1742 826 1810 855 ἀνώ-

1042 885 1115 912 τερον
1144 876 1228 901 εῖναι·
1221 895 1228 909 ,
1254 875 1340 902 'loom
1360 873 1508 928 ἐλευθερία,
1529 885 1605 901 τουτο
1629 872 1712 912 ἀρχὴ,
1734 875 1810 901 τοῦτο

1044 918 1165 957 βασιλεία
1186 919 1230 947 καὶ
1251 918 1408 948 δυναστεία·
1424 919 1510 947 ἐκεῖνα
1525 918 1644 953 δουλεία,
1665 917 1713 946 κᾶν
1729 918 1809 957 μυρία

1043 976 1082 997 τις
1101 964 1252 1002 διαδήματα
1265 963 1431 1003 περικέηται.
1449 964 1535 992 ‘'Oa-ow
1553 963 1604 1002 γὰρ
1626 963 1725 992 ἔνδοθεν
1741 963 1810 1002 ἄρχῃ

1044 1012 1122 1039 αὐτοῦ
1137 1013 1188 1039 τῶν
1204 1011 1336 1039 δεσποτῶν
1350 1010 1380 1038 τὸ
1393 1011 1507 1045 πλῆθος,
1519 1009 1567 1044 τὴν
1582 1008 1753 1048 φιλαργυρίαν
1768 1008 1811 1038 λέ-

1042 1069 1095 1095 γω,
1107 1056 1154 1091 τὴν
1166 1056 1326 1095 φιληδονίαν,
1338 1055 1385 1090 τὴν
1396 1055 1486 1094 ὀργὴν,
1501 1054 1534 1083 τὰ
1549 1054 1617 1083 ἄλλα
1630 1054 1701 1089 πάθη
1710 1077 1717 1090 ,
1730 1053 1756 1082 τί
1766 1056 1811 1083 τοῦ

1008 1108 1025 1130 Β
1045 1103 1205 1141 διαδήματος
1224 1103 1330 1141 ὅφελος;
1352 1102 1454 1134 Μείζων
1469 1104 1486 1136 ἡ
1501 1101 1621 1140 τυραννὶς
1641 1102 1693 1129 τῶν
1708 1102 1810 1137 παθῶν,

1044 1150 1105 1178 ὅταν
1122 1148 1187 1187 μηδὲ
1203 1151 1216 1177 6
1230 1148 1355 1186 στέφανος
1376 1148 1453 1176 αὐτὸν
1469 1147 1547 1186 ἰσχύῃ
1563 1146 1660 1182 ταύτης
1680 1146 1813 1179 ἐξελέσθαι

1045 1197 1092 1229 τῆς
1107 1196 1248 1233 υποταγῆς.
1259 1193 1365 1233 ςὨσπερ
1387 1193 1418 1221 ἂν
1441 1193 1463 1221 εἰ
1482 1192 1554 1231 παρὰ
1575 1191 1716 1231 βαρόάροις
1738 1194 1814 1230 βασι-

1046 1241 1103 1273 λεύς
1116 1252 1154 1273 τις
1166 1240 1301 1278 γενόμενος
1312 1239 1453 1273 ἐδούλευεν,
1471 1241 1526 1267 εἶτα
1545 1240 1638 1267 ἐκεῖνοι
1661 1237 1812 1276 βουλόμενοι

1048 1287 1153 1326 μείζονα
1167 1286 1247 1319 δεῖξαι
1263 1285 1337 1321 τὴν’
1324 1297 1377 1324 0th
1377 1284 1417 1320 ὴν,
1432 1284 1500 1322 μήτε
1512 1284 1561 1319 τὴν
1574 1283 1730 1324 ἁλουργίδα,
1746 1284 1813 1320 μήτε

1046 1334 1076 1362 τὸ
1090 1333 1207 1370 διάδημα
1228 1332 1377 1370 ἀφέλοιντο,
1393 1331 1460 1359 ἀλλὰ
1477 1331 1534 1367 μετ’
1556 1329 1659 1359 ἐκείνων
1674 1329 1719 1357 καὶ
1738 1329 1813 1368 ὑδρο-

1046 1384 1142 1418 φορεῖν,
1164 1378 1209 1407 καὶ
1232 1376 1404 1416 μαγειρεύειν,
1424 1376 1468 1404 καὶ
1484 1376 1517 1404 τὰ
1533 1375 1600 1403 ἄλλα
1622 1374 1708 1403 πάντα
1724 1375 1812 1403 διακο-

1045 1427 1144 1453 νεῖσθαι
1164 1422 1360 1461 προστάττοιεν,
1385 1421 1452 1449 ὥστε
1467 1422 1553 1453 αὐτοῖς
1578 1420 1624 1458 μὲν
1642 1420 1746 1458 μείζονα
1764 1420 1811 1454 τὴν

1046 1469 1134 1507 τιμὴν,
1155 1468 1245 1507 ἐκείνῳ
1261 1467 1350 1502 δὲτὴν
1371 1465 1496 1505 αἰσχύνην
1519 1465 1654 1504 γενέσθαι·
1679 1465 1745 1494 οὕτω
1767 1465 1812 1493 καὶ

1046 1519 1100 1549 νῦν,
1111 1514 1207 1546 παντὸς
1225 1512 1352 1552 »αρὲοίρου
1364 1511 1590 1551 βαρῧαρικώτερον
1602 1514 1685 1540 ταῦτα
1695 1511 1728 1539 τὰ
1741 1511 1811 1546 πάθη

1010 1568 1028 1591 C
1046 1563 1110 1598 ἡμῖν
1132 1559 1318 1598 προσφέρεται.
1330 1557 1363 1585 ‘O
1382 1557 1428 1595 μὲν
1443 1557 1493 1595 γὰρ
1512 1557 1610 1585 τούτων
1632 1558 1812 1596 καταφρονῶν,

1048 1604 1154 1633 καὶτῶν
1168 1603 1307 1641 βαρδάρων
1319 1601 1544 1639 καταγελάσεται·
1561 1603 1574 1629 ὁ
1588 1600 1613 1629 δὲ
1627 1600 1728 1633 τούτοις
1745 1602 1812 1629 ὓπο-

1048 1648 1165 1682 κύπτων,
1178 1648 1268 1686 πολλῷ
1281 1645 1412 1685 δεινότερα
1424 1645 1558 1679 πείσεται,
1569 1645 1586 1680 ἢ
1599 1644 1671 1684 παρὰ
1682 1646 1733 1673 τῶν
1749 1646 1812 1684 βαρ-

1049 1694 1145 1733 ῧάρων.
1160 1693 1193 1722 Ὁ
1210 1693 1339 1731 βάρὸαρος
1349 1715 1356 1727 ,
1374 1691 1436 1720 ὅταν
1452 1691 1554 1730 μεγάλα
1569 1690 1665 1730 ἰσχύσῃ
1675 1713 1683 1726 ,
1695 1690 1725 1719 τὸ
1736 1693 1813 1728 σῶμα

1050 1741 1191 1775 αικίζεται,
1207 1735 1320 1768 αῧταιΜ
1297 1749 1323 1767 οε
1339 1738 1386 1773 τὴν
1398 1739 1452 1776 ψυγ
1453 1737 1484 1773 ὴν
1498 1737 1678 1775 βασανίζονται
1692 1736 1815 1770 καταξαί-

1050 1797 1140 1815 νουσαι
1155 1785 1297 1814 πάντοθεν·
1314 1787 1326 1813 6
1343 1783 1473 1823 βάρῧαρος
1496 1783 1558 1811 ὅταν
1574 1783 1676 1821 μεγάλα
1699 1783 1794 1822 ἰσχύσῃ
1808 1806 1815 1816 ‚

1052 1832 1154 1870 θανάτῳ
1180 1831 1262 1859 τούτω
1287 1829 1448 1869 παρεδωκεν,
1473 1831 1550 1857 αὗται
1575 1828 1601 1857 δὲ
1624 1841 1661 1856 τι)
1684 1829 1815 1866 μέλλοντι.

1050 1878 1134 1906 υΩστε
1150 1876 1250 1914 μόνοςς
1241 1860 1281 1905 ἕλε
1272 1875 1371 1914 ξύθερος
1386 1876 1481 1907 εκεῐνος
1495 1876 1508 1902 6
1523 1874 1570 1909 τὴν
1583 1857 1730 1914 ελευθερίαν
1745 1874 1815 1902 οἴκο-

1052 1927 1093 1952 Οεν
1109 1923 1188 1962 ἔχων,
1196 1922 1285 1960 ὥσπερ
1300 1921 1344 1949 καὶ
1358 1921 1447 1952 δοῦλος
1459 1921 1555 1952 ἐκεῖνος
1567 1922 1580 1948 ὁ
1591 1925 1643 1952 τοῖς
1655 1919 1756 1958 ἀλόγοις
1766 1919 1817 1948 πά-

1052 1972 1122 1997 θεσιν
1142 1967 1306 1996 ὑποκύπτων.
1328 1965 1422 1998 Οὐδεὶς
1445 1965 1578 1993 ἐπιτάττει
1601 1964 1745 2001 δεσπότης,
1769 1964 1817 1994 κᾶν

255 2008 376 2036 sectibus.
397 2008 495 2037 Nullus
520 2008 665 2045 dominus,
684 2011 856 2047 quantumvis
883 2011 998 2041 crudelis
1015 2024 1033 2046 1)
1053 2013 1152 2053 σφόδρα
1167 2012 1269 2048 ἀπηνὴς
1285 2008 1318 2050 ᾗ,
1334 2013 1443 2040 τοιαῦτα
1460 2010 1522 2049 ὠμὰ
1536 2010 1581 2039 καὶ
1595 2012 1684 2046 ἀπηνῆ
1703 2010 1818 2050 προστά-

254 2054 299 2091 sit,
317 2061 370 2082 tam
394 2054 521 2083 immania
544 2055 658 2094 imperat
674 2067 680 2083 t
695 2056 825 2092 Temere,
846 2057 951 2095 inquit,
973 2065 998 2087 et

255 2099 312 2127 sine
336 2110 414 2127 eausa
436 2099 544 2138 probris
569 2100 646 2129 affice
671 2101 788 2129 animam
812 2108 896 2137 tuam,
911 2104 998 2132 Deum

255 2144 368 2180 offendo,
384 2151 507 2173 naturam
531 2145 617 2184 ipsam
643 2146 754 2183 ignora;
771 2146 827 2175 sive
849 2154 924 2186 pater
941 2149 998 2177 sive

256 2198 340 2219 mater
356 2191 452 2228 fuerit,
478 2202 583 2219 omnem
609 2192 799 2221 verecundiam
822 2192 942 2232 depone,
958 2201 997 2223 sta

256 2236 385 2265 adversus
401 2236 468 2265 illos.
490 2237 569 2265 Talia
591 2237 662 2266 enim
685 2244 747 2266 sunt
760 2239 880 2268 avaritiae
895 2251 997 2278 proece—

256 2288 312 2320 pta.
327 2281 453 2310 Sacrifica
464 2305 471 2319 ,
486 2282 588 2320 inquit,
601 2283 666 2310 mihi
676 2306 683 2318 ‚
699 2293 751 2311 non
764 2284 875 2321 vituios,
889 2285 935 2313 sed
946 2285 996 2314 bo-

258 2327 351 2355 mines.
366 2327 400 2355 Et
419 2328 549 2367 propheta
570 2328 677 2366 quidem
693 2329 747 2366 ait,
764 2330 934 2369 Sacrificat&
949 2333 998 2360 Ιιο-

257 2376 348 2402 mines
360 2386 370 2407 ;
385 2385 455 2402 nam
470 2374 560 2402 vituli
570 2375 737 2413 defecerunt
752 2387 760 2402 :
774 2375 830 2404 haec
844 2383 933 2405 autem
946 2388 996 2406 non

258 2417 294 2446 ita
309 2418 443 2455 10qui1u1·;
468 2419 530 2457 sed,
552 2419 655 2448 etiamsi
679 2420 760 2450 vituli
781 2421 848 2458 sint,
870 2423 997 2452 Sacrifica

258 2462 389 2499 homines,
406 2463 523 2491 sacrifica
538 2464 597 2493 illos
606 2465 652 2502 qui
664 2465 738 2493 nulla
754 2472 780 2494 te
796 2466 892 2505 injuria
903 2468 998 2497 affece-

258 2515 319 2536 runt
335 2519 339 2534 :
352 2508 453 2536 etiamsi
471 2509 608 2538 beneficiis
620 2511 730 2540 affectus
742 2512 795 2549 sis,
810 2513 911 2542 occide.
928 2515 998 2543 Rur-

258 2565 332 2589 sum,
352 2553 443 2582 Estote
460 2554 594 2592 inimicus,
611 2558 759 2586 communis
779 2559 899 2588 oninium
915 2559 998 2589 bostis

1052 2071 1143 2098 γματα
1156 2071 1162 2076 ·
1182 2057 1357 2096 καταίσχυνόν
1372 2068 1426 2091 σου,
1441 2056 1520 2095 φησὶ,
1538 2055 1586 2091 τὴν
1600 2055 1687 2095 ψυχὴν
1703 2056 1760 2094 εἰκῇ
1773 2056 1817 2084 καὶ

1054 2106 1149 2143 μάτην,
1160 2103 1336 2143 πρόσκρουσον
1347 2104 1383 2140 τῷ
1392 2104 1464 2139 Θεῷ,
1478 2101 1525 2136 τὴν
1539 2101 1614 2140 φύσιν
1629 2101 1708 2136 αὐτὴν
1724 2101 1818 2140 ἀγνόη-

1053 2163 1106 2185 σον,
1124 2149 1172 2178 κᾶν
1189 2149 1277 2187 πατὴρ
1291 2144 1322 2186 ἦ,
1337 2147 1384 2176 κᾶν
1407 2147 1512 2186 μήτηρ,
1528 2146 1659 2184 μηδεμίαν
1675 2146 1719 2186 ἔχε
1737 2146 1817 2183 αἰδὼ,

1053 2198 1129 2231 στῆθι
1143 2197 1200 2224 κατ’
1218 2196 1312 2222 αὐτῶν.
1328 2195 1446 2222 Τοιαῦτα
1464 2192 1514 2232 γὰρ
1526 2195 1573 2226 τῆς
1595 2191 1765 2232 φιλαργυρίας
1785 2192 1819 2221 τὰ

1053 2241 1232 2280 ἐπιτάγματα.
1249 2238 1336 2269 Θῧσόν
1359 2250 1416 2276 μοι,
1441 2237 1520 2277 φησὶ,
1545 2237 1581 2275 μὴ
1608 2237 1735 2277 μόσχους,
1751 2237 1819 2266 ἀλλὰ

1053 2287 1212 2327 ἀνθρώπους.
1238 2285 1290 2314 Καὶ
1304 2287 1317 2313 ὁ
1333 2283 1379 2322 μὲν
1401 2283 1553 2322 προφήτης,
1579 2283 1702 2320 Θύσατε,
1731 2283 1820 2322 φησὶν,

1054 2333 1204 2373 ἀνθρώπους
1214 2343 1219 2348 ·
1239 2332 1262 2359 οἱ
1278 2330 1373 2369 μόσχοι
1388 2329 1440 2368 γὰρ
1454 2329 1635 2358 ἐκλελοίπασιν
1648 2340 1654 2346 ·
1669 2328 1733 2364 αὕτη
1750 2328 1776 2357 δὲ
1791 2330 1820 2358 οὗ

1052 2378 1129 2408 τοῦτο’
1140 2390 1228 2417 φησιν,
1241 2375 1325 2411 ἀλλὰ,
1340 2375 1447 2414 μόσχων
1459 2375 1550 2411 ὄντων,
1566 2377 1641 2404 θῦσον
1657 2374 1823 2414 ἀνθρώπους,

1015 2434 1034 2457 Ε.
1053 2425 1198 2453 κατάθυσον
1207 2422 1264 2455 τοὺς
1277 2421 1357 2460 μηδὲν
1367 2421 1526 2456 ἠδικηκότας
1538 2432 1544 2437 ·
1557 2420 1605 2449 κᾶν
1617 2421 1822 2460 εὐηργετημένος

1053 2466 1083 2509 ἧς
1094 2493 1101 2504 ,
1127 2469 1289 2498 ἀπόκτεινον.
1304 2467 1399 2502 Πάλιν,
1415 2466 1458 2495 ἔσο
1472 2466 1610 2504 πολέμιος,
1625 2467 1708 2498 κοινὸς
1729 2466 1822 2506 ἐχθρὸς

1052 2515 1174 2544 &titivm->v
1189 2513 1341 2552 περιέρχου,
1358 2512 1403 2540 καὶ
1417 2514 1463 2547 τῆς
1482 2511 1582 2551 φύσεως
1598 2512 1694 2546 αὐτῆς,
1709 2511 1753 2539 καὶ
1776 2514 1821 2540 τοῦ

1054 2563 1139 2590 Θεοῦ·
1157 2559 1251 2597 σύναγε
1271 2558 1386 2598 χρυσίον,
1402 2559 1449 2597 οὐχ
1460 2557 1501 2585 ἰ’να
1517 2557 1668 2596 ἀπολαύσῃς
1681 2578 1688 2593 ,
1706 2558 1763 2586 ἀλλ’
1776 2556 1818 2585 ἵνα
