1893 2860
63 899 82 913 i.
97 894 156 915 Tim.
175 893 198 915 6.

223 128 285 163 116
543 139 572 161 S.
600 138 738 162 JOANNJS
765 139 945 162 ctitu'sosr‘

213 202 276 229 cat-lo
291 201 488 240 propinquun1;
503 210 588 237 neque
607 206 680 238 potes
701 199 737 228 ad
761 200 789 227 id
803 200 876 238 quod
891 210 949 228 ma-
972 202 989 224 B

213 256 296 284 gnum
311 253 348 274 est
362 244 522 284 pervenire?
539 244 645 272 Minora
655 254 718 282 ergo
729 244 822 272 saltem
839 251 948 279 sectare,

213 300 237 321 ct
249 293 369 321 desidera
381 303 441 329 qua:
457 298 518 319 sunt
532 291 667 319 inferiora.
692 292 751 319 Non
774 298 847 330 potes
870 302 950 330 pecu-

213 340 270 368 nias
284 339 419 367 effundet-c
430 339 443 366 3‘
453 338 554 367 Saltem
569 348 598 365 ea
611 348 670 376 qnae
685 345 746 366 sunt
765 338 881 366 aliorum
895 338 951 367 noli

213 395 324 423 rapere,
346 394 393 411 nce
415 384 455 411 sac
478 383 614 421 injuriam.
638 384 696 411 Non
716 390 790 422 potes
807 383 950 422 jejunare?

212 430 312 457 Saltem
326 439 358 457 ne
371 428 552 468 progrediaris
566 428 599 456 ad
614 428 734 457 delicias.
760 429 818 457 Non
833 436 908 468 potes
923 431 950 457 in

213 483 270 504 toro
292 475 420 503 herbaceo
435 474 534 502 cubare
548 474 561 502 Ρ
576 475 616 503 Ne
630 474 697 502 milii
711 485 847 514 compares
870 475 950 503 lectos

211 528 320 559 argento
335 528 442 549 ornatos
451 543 459 557 ,
475 520 521 549 sed
534 521 602 549 lccto
614 528 687 549 utere
698 528 723 549 et
733 521 860 559 stragulis
873 543 881 557 ‚
897 531 948 549 non

211 567 288 596 sactis
307 567 342 595 ad
362 566 581 602 ostentationem,
596 566 642 595 sed
662 566 696 595 ad
717 567 852 604 requiem,
867 577 951 605 neque

209 613 291 641 lectos
305 613 452 641 eburneos:
467 613 582 652 teipsum
593 612 729 641 contrahe.
743 612 816 647 Quid
827 612 950 642 innume-

210 659 344 687 rabilibus
358 669 418 697 quae
441 659 579 697 importari
604 665 712 697 possunt
737 669 833 687 navem
854 658 950 697 imples

211 704 384 733 onerariam?
411 705 439 733 Si
469 704 504 731 sis
534 703 687 731 moderatus
711 710 736 732 et
763 704 927 742 compositus
941 729 948 742 ,

210 749 279 777 nihil
295 749 417 784 timebis,
438 759 491 777 non
511 749 642 777 invidiam
655 771 662 783 ,
679 758 730 776 non
750 748 879 782 latrones,
896 757 948 777 non

211 794 391 823 insidiatores.
409 795 469 823 Non
493 794 565 823 enim
588 804 615 822 es
633 801 687 822 tam
710 793 786 822 dives
808 794 927 833 pecuniis
941 816 947 828 ‚

211 853 291 880 quam
316 841 387 871 curis
401 853 407 868 :
424 852 476 870 non
500 841 537 869 ita
551 840 672 869 abundas
687 841 899 879 possessionibus
919 847 949 868 ut

211 888 355 927 angoribus
376 895 400 916 et
415 887 549 927 periculis.
578 888 634 924 Qui
658 887 796 915 ditescere
820 887 947 923 volunt,

211 935 318 973 inquit,
331 938 506 963 tentationes
525 941 553 963 et
574 936 823 972 concupiscentie&
846 936 950 962 noxias

211 983 267 1010 sibi
291 982 444 1009 inducunt.
470 980 534 1008 Haec
547 980 677 1008 sustinent
692 980 738 1016 qui
757 979 841 1007 multa
856 979 950 1007 volunt

212 1023 353 1063 possidere.
361 1024 420 1052 Non
429 1023 501 1059 dico,
515 1023 640 1051 Ministra
653 1022 804 1058 laboranti;
818 1029 845 1050 at
855 1022 949 1050 saltem

208 1069 275 1108 jube
294 1078 376 1108 puero
398 1075 428 1096 ut
447 1068 498 1096 hoc
512 1067 601 1096 faciat.
624 1066 710 1096 Vides
732 1077 814 1104 quam
836 1077 889 1094 non
916 1066 950 1095 sit

211 1125 293 1152 grave
311 1121 336 1142 et
350 1112 515 1141 molestum?
540 1111 674 1150 quomodo
697 1111 766 1140 enim
791 1119 876 1148 esset,
889 1123 950 1140 cum

211 1167 307 1188 tenerae
324 1159 420 1198 puellae
433 1158 512 1197 longo
528 1158 615 1197 spatio
639 1168 686 1186 nos
699 1158 882 1196 exsuperent?
897 1159 951 1187 Nos

210 1203 328 1242 pudeat,
345 1213 409 1241 rogo
420 1224 428 1238 ‚
443 1202 516 1239 quod
527 1202 553 1230 in
569 1201 602 1230 iis
617 1212 676 1239 quae
694 1201 728 1229 ad
742 1201 874 1230 mundum
891 1213 950 1240 pcr-

211 1249 294 1277 tinent
308 1258 439 1286 nusquam
457 1248 495 1276 eis
515 1246 648 1282 cedimus,
664 1257 716 1275 non
740 1246 767 1274 in
789 1246 880 1282 bellis,
898 1258 950 1276 non

211 1295 237 1322 in
249 1294 454 1330 certaminibus;
467 1293 495 1321 in
509 1292 697 1332 spiritualibus
718 1299 807 1320 autem
824 1294 948 1321 certami-

211 1340 291 1368 nibus
306 1340 366 1378 plus
382 1349 462 1377 quam
484 1349 532 1367 nos
554 1339 658 1374 ferunt,
679 1344 704 1366 et
731 1338 830 1376 majora
842 1338 950 1377 rapiunt

210 1386 321 1425 praemia
331 1408 338 1421 ‚
351 1392 378 1413 et
391 1385 481 1413 volant
493 1384 573 1412 altius
585 1390 721 1421 tamquam
732 1383 854 1421 quandam
870 1384 950 1421 aqui-

210 1431 242 1459 lae
260 1443 266 1458 :
282 1441 329 1459 nos
340 1437 429 1459 autem
444 1437 581 1467 tamquam
594 1429 697 1467 graculi
711 1428 810 1456 inferne
823 1429 893 1457 circa
904 1429 948 1458 ui-

210 1478 302 1506 dorem
322 1484 347 1505 et
359 1478 463 1505 fumum
479 1486 583 1514 semper
595 1486 744 1503 versamur.
769 1476 818 1504 Est
837 1476 906 1504 enim
921 1487 950 1504 re

210 1536 273 1554 vera
290 1524 459 1562 graculorum
472 1529 496 1551 et
510 1521 684 1560 liguritorum
698 1532 795 1550 canum
809 1521 842 1550 de
851 1532 948 1550 mensae

210 1569 387 1599 structoribus
399 1576 424 1597 et
434 1567 526 1606 coquis
539 1567 663 1606 cogitare.
679 1566 750 1595 Audi
763 1567 863 1606 priscas
872 1568 948 1596 femi-

210 1627 257 1644 nas
271 1628 276 1643 :
290 1625 392 1653 magnae
406 1616 487 1651 enim,
504 1623 606 1651 magnae
619 1619 643 1641 et
657 1612 829 1641 admirabiles
841 1613 948 1642 suerunt

210 1663 315 1691 feminae
326 1684 334 1698 ‚
357 1669 387 1689 ut
407 1662 473 1690 Sara
486 1683 494 1697 ,
518 1660 637 1689 Rebecca
652 1682 659 1694 ,
683 1659 784 1687 Rachel
798 1682 805 1693 ,
823 1660 929 1688 Debora
940 1682 948 1695 ,

210 1711 285 1736 Anna
300 1720 306 1735 :
325 1707 454 1744 etiamque
466 1713 583 1744 tempore
597 1704 696 1733 Christi
718 1704 783 1732 tales
797 1711 888 1741 erant;
903 1705 948 1733 sed

211 1754 283 1782 viros
294 1763 427 1791 nusquam
442 1758 503 1780 sunt
513 1756 692 1790 praetervectoe
701 1772 708 1785 ,
721 1749 767 1778 sed
780 1750 869 1778 locum
880 1757 947 1778 tene-

210 1800 274 1828 bant
288 1798 435 1828 secundum
450 1809 456 1825 ε
475 1807 546 1825 nuuc
559 1803 648 1824 autem
668 1802 758 1824 contra
782 1796 886 1824 seminae
902 1806 948 1824 nos

210 1851 370 1884 praetcreunt
388 1851 414 1872 et
437 1843 563 1871 obscuros
590 1841 714 1870 reddunt,
737 1842 826 1876 Quam
843 1848 882 1870 est
898 1841 949 1870 hoc

211 1891 357 1920 ridiculum
377 1897 402 1918 et
419 1900 501 1928 quam
514 1887 688 1928 pudendum!
706 1889 759 1916 Nos
776 1888 864 1916 locum
878 1895 949 1916 tene-

212 1947 272 1966 mus
283 1936 394 1975 capitis‚
418 1942 443 1963 et
464 1934 600 1963 vincimur
613 1944 628 1961 a
653 1934 782 1972 corpore?
804 1933 949 1962 Constituti

213 1993 304 2010 sumus
324 1988 353 2010 ut
366 1982 404 2010 eis
416 1981 578 2019 imperemus
596 1991 602 2006 :
616 1989 668 2007 non
683 1985 712 2006 ut
735 1978 822 2006 solum
837 1979 951 2018 inipere-
961 2001 998 2020 1⁰2

214 2039 285 2063 mus,
300 2027 344 2056 sed
360 2028 520 2066 imperemus
534 2025 561 2053 in
585 2025 696 2053 virtute.
712 2024 782 2052 Nam
802 2024 847 2062 qui
861 2024 991 2063 impe-A

212 2081 265 2110 rat,
282 2074 332 2102 hoc
346 2073 463 2101 maxime
477 2071 556 2100 debet
575 2070 717 2109 imperare,
735 2077 764 2098 ut
785 2070 874 2098 vincat
889 2070 950 2098 vir-

214 2128 270 2149 tute
283 2133 288 2148 :
301 2123 342 2149 sin
356 2127 445 2148 autem
466 2125 616 2158 superatur,
630 2127 683 2146 non
706 2117 822 2156 amplius
838 2117 951 2156 imperat

214 2179 261 2197 nec
276 2175 344 2197 tenet
359 2167 550 2207 principatum.
566 2164 681 2195 Vidistis
696 2171 794 2203 quanta
811 2164 844 2193 sit
863 2164 951 2192 virtus

214 2214 345 2243 adventus
360 2213 461 2242 Christi
473 2213 486 2241 Ξ)
499 2210 632 2250 quomodo
645 2211 853 2239 exsecrationem
863 2210 951 2239 solve-

215 2262 251 2290 rit
264 2268 290 2289 et
303 2260 539 2289 maledictionem?
555 2259 649 2288 Plures
663 2258 733 2286 enim
752 2265 815 2286 sunt
834 2257 952 2296 virgines

216 2308 290 2347 apud
303 2308 438 2344 mulieres,
453 2308 540 2346 major
551 2313 588 2334 est
611 2305 685 2344 apud
699 2305 759 2333 illas
778 2304 952 2343 temperantia

84 2363 204 2385 Mulierum
216 2361 242 2383 et
254 2353 411 2387 moderatio,
427 2353 515 2392 plur&
532 2352 697 2380 xiduitates:
712 2351 819 2380 nullum
839 2351 951 2379 verbum

63 2397 156 2416 xirtutes
169 2400 190 2416 el

64 2427 125 2448 xiiia.

216 2401 370 2430 obscoenum
383 2399 480 2427 femina
493 2399 544 2427 cito
563 2398 686 2427 emiserit.
703 2399 759 2427 Cur
773 2404 802 2426 tu
821 2407 894 2435 ergo,
908 2396 936 2425 di
930 2407 953 2425 'c

249 2504 258 2515 ὃ
279 2495 372 2528 [Marg.
387 2493 464 2518 savit.
478 2496 626 2526 ἑὶεραντί-ικις
637 2492 738 2525 κλίναις]

974 138 993 161 Α
998 139 1116 162 RelssEr·
1123 154 1131 162 .
1159 139 1411 164 CONSTANTiNoP
1418 155 1425 163 .

1007 199 1081 238 ἔχου,
1102 201 1146 229 καὶ
1165 203 1216 229 τῶν
1231 201 1387 240 κατωτέρων
1403 201 1498 240 ἐφίεσο.
1514 202 1553 230 Οὐ
1569 200 1677 230 δύνασαι
1691 202 1771 229 κενῶ-

1007 258 1053 274 σαι
1064 246 1098 274 τὰ
1108 247 1251 286 χρήματα;
1262 247 1317 276 Κᾶν
1327 247 1360 275 τὰ
1372 249 1423 276 τῶν
1435 247 1521 275 ἄλλων
1530 246 1566 285 μὴ
1580 247 1678 286 ἅρπαζε
1686 269 1693 281 ,
1706 246 1772 284 μηδὲ

1008 292 1102 320 ἀδίκει.
1121 294 1160 321 Οὐ
1175 292 1284 322 δύνασαι
1298 295 1452 329 νηστεῦσαις
1474 293 1530 322 Κᾶν
1559 292 1595 330 μὴ
1617 293 1653 325 εἷς
1673 292 1771 331 τρυφὴν

1007 337 1114 365 σεαυτὸν
1126 337 1264 376 ἐξαγάγῃς.
1278 339 1318 366 Οὖ
1330 338 1437 366 δύνασαι
1449 338 1493 366 ε’πῖ
1508 337 1629 370 στιῧάδος
1643 338 1771 366 κατακλι-

1008 384 1097 416 &Evam
1114 382 1161 416 Μή
1184 393 1228 419 μοι
1248 382 1336 415 κλίνας
1357 383 1555 421 ἀργυρενδέτους
1578 382 1772 417 κατασκεύαζε,

1008 427 1076 456 ἀλλὰ
1091 427 1207 466 κέχρησο
1219 427 1295 464 κλίνῃ
1309 427 1355 456 καὶ
1369 428 1508 466 στρώμασι
1521 428 1557 466 μὴ
1573 428 1637 465 πρὸς
1651 427 1772 460 ἐπίδειξιν

1007 472 1206 510 πεποιημένοις,
1220 473 1288 502 ἀλλὰ
1302 473 1366 511 πρὸς
1379 472 1533 507 ἀνάπαυσιν,
1547 473 1612 511 μηδὲ
1624 472 1773 512 ιιἐλεφαντί-

1007 530 1052 551 νας
1064 518 1153 551 κλίνας
1163 531 1169 536 ·
1185 518 1319 547 σύστειλον
1339 518 1442 548 σαυτόν.
1458 518 1494 546 Τί
1509 518 1608 558 μυρίων
1631 518 1773 557 ἀγωγίμων

1008 564 1118 602 πληροῖς
1131 564 1179 599 τὴν
1192 563 1292 592 ὁλκάδα
1302 576 1310 599 ;
1323 563 1369 592 Ἂν
1379 559 1409 601 ᾗς
1421 563 1549 598 εὐσταλὴς
1560 586 1567 597 ,
1580 564 1654 592 οὐδὲν
1667 563 1772 599 ὃείσεις,

1007 611 1036 638 οὐ
1048 611 1148 650 φθόνον,
1161 611 1188 638 οὐ
1202 609 1316 649 λῃστὰς,
1331 611 1378 638 οὐκ
1390 608 1550 641 ἐπιδούλους.
1564 609 1633 637 Οὐδὲ
1644 607 1695 647 γὰρ
1706 607 1773 637 οὕτω

1006 660 1060 689 τοῖς
1071 656 1217 696 χρήμασιν,
1234 657 1269 687 ὡς
1283 659 1340 688 ταῖς
1356 654 1474 694 φροντίσι
1484 655 1618 687 πλουτεῖς·
1631 656 1680 693 οὐχ
1693 653 1774 686 οὕτως

1006 703 1123 739 εὖπορεῖς
1137 702 1162 728 ἐν
1176 706 1229 733 τοῖς
1242 700 1386 738 κτήμασιν,
1399 703 1434 733 ὡς
1452 704 1510 733 ταῖς
1522 700 1646 739 ἀγωνίαις
1665 699 1709 728 καὶ
1721 704 1774 732 τοῖς

1006 745 1142 778 κινδύνοις.
1159 745 1262 778 Οῗτινες
1278 746 1412 784 βούλονται
1434 747 1567 782 πλουτεῖν,
1583 745 1661 784 φησὶ,
1676 756 1772 784 πειραὰ

1006 791 1088 828 σμοὺς
1107 791 1151 819 καὶ
1169 791 1308 829 ἐπιθυμίας
1329 790 1460 829 βλαὸερὰς
1479 793 1579 823 ἑαυτοῖς
1594 790 1772 828 ἐπεισάγουσι.

1006 839 1099 866 Ταῦτα
1122 837 1294 875 ὑπομένουσιν
1310 840 1334 866 οἱ
1349 837 1435 866 πολλὰ
1450 838 1593 871 κεκτῆσθαι
1610 836 1772 874 βουλόμενοι.

1006 884 1046 911 Οὐ
1071 883 1159 921 λέγω,
1183 883 1338 918 δικκόνησον
1353 885 1390 922 τῷ
1413 882 1556 919 κάμνοντι·
1573 881 1621 910 κᾶν
1646 883 1684 920 τῷ
1698 881 1773 910 παιδὶ

1007 929 1131 957 κέλευσον
1145 932 1220 957 τοῦτο
1234 933 1327 957 ποιεῖν.
1342 928 1424 967 Ὁρᾷς
1438 930 1493 960 πῶς
1507 928 1628 966 φορτικὸν
1639 928 1686 956 οὔκ
1701 927 1773 962 ἔτι-τις

1006 975 1062 1007 πῶς
1077 974 1128 1013 γὰρ
1141 996 1148 1010 ,
1164 975 1225 1002 ἔνθα
1234 974 1310 1012 κόραι
1332 974 1434 1001 ἁπαλαὶ
1450 975 1480 1001 ἐκ
1493 973 1590 1001 πολλοῦ
1604 975 1649 1001 τοῦ
1663 972 1776 1006 διαστή-

1008 1031 1089 1057 ματος
1106 1022 1177 1057 ἡμᾶς
1202 1018 1424 1058 παρελαύνουσιν;
1440 1019 1638 1057 Αἰσχυνῡῶμεν,
1651 1028 1774 1056 παρακα-

1007 1066 1045 1093 λῶ
1053 1087 1060 1100 ,
1073 1064 1112 1093 ὅτι
1127 1066 1153 1092 ἐν
1169 1065 1215 1101 μὲν
1227 1069 1280 1096 τοῖς
1289 1068 1426 1102 κοσμικοῖς
1437 1064 1552 1100 οὐδαμοῦ
1563 1065 1774 1102 παραχωροῧμεν

1008 1112 1113 1145 αὐταῖς,
1127 1111 1175 1138 οὐκ
1198 1111 1224 1138 ἐν
1246 1111 1385 1147 πολέμοις,
1409 1111 1456 1138 οὐκ
1471 1111 1496 1138 ἐν
1512 1109 1599 1141 ἄθλοις
1610 1120 1616 1126 “
1631 1109 1658 1137 ἐν
1672 1108 1700 1137 δὲ
1720 1112 1774 1141 τοῖς

1007 1160 1195 1193 πνευματικοῖς
1206 1158 1290 1195 ἀγῶσι
1309 1155 1388 1183 πλέον
1402 1157 1478 1192 ἡμῶν
1494 1155 1629 1194 τέρονται,
1641 1154 1685 1183 καῖ
1699 1155 1773 1193 πρῶ-

1007 1214 1052 1230 ται
1062 1202 1092 1230 τὸ
1105 1202 1226 1240 βραδεῖον
1239 1202 1398 1241 ἁρπάζουσι,
1413 1201 1458 1229 καὶ
1469 1200 1618 1240 ὑψηλότερα
1632 1199 1772 1234 πέτανται,

1007 1248 1126 1286 καθάπερ
1139 1246 1210 1276 ἀετοί
1224 1258 1291 1279 τινες
1301 1258 1307 1264 ·
1321 1249 1399 1284 ἡμεῖς
1414 1246 1456 1281 δὲ,
1469 1245 1588 1284 καθάπερ
1599 1244 1710 1280 κολοιοὶ,
1725 1244 1773 1272 κᾶ-

1005 1305 1043 1321 τω
1058 1293 1118 1332 περὶ
1132 1293 1181 1328 τὴν
1195 1293 1303 1321 κνίσσαν
1317 1292 1362 1321 καὶ
1375 1293 1418 1321 τὸν
1430 1291 1528 1320 καπνὸν
1547 1291 1588 1320 ἀεὶ
1600 1289 1772 1329 στρεφόμεθα.

1006 1339 1123 1366 Κολοιῶν
1149 1338 1199 1377 γὰρ
1218 1338 1298 1370 ὅντως
1307 1361 1314 1373 ,
1337 1337 1540 1376 τραπεζοποιοὺς
1564 1336 1609 1365 καὶ
1634 1335 1774 1374 μαγείρους

1005 1385 1127 1418 ἐπινοεῖν,
1148 1384 1194 1412 καὶ
1209 1385 1294 1412 κυνῶν
1308 1384 1414 1422 λίχνων.
1429 1382 1554 1412 Ἄκουσον
1579 1383 1631 1410 τῶν
1651 1381 1774 1410 παλαιῶν

1005 1433 1149 1469 γυναικῶν·
1171 1431 1285 1468 μεγάλαι
1305 1429 1356 1467 γὰρ
1377 1428 1511 1467 ἐγένοντο,
1528 1427 1641 1466 μεγάλαι
1653 1431 1774 1465 γυναῖκες

1006 1488 1050 1505 και
1069 1476 1233 1514 Θαυμασται,
1253 1471 1315 1509 οἷον,
1332 1477 1348 1509 ἡ
1365 1475 1499 1513 Σάρρα,ἠ
1512 1473 1660 1509 Ρεὸεκκα,
1674 1475 1692 1507 ἡ
1707 1471 1773 1500 Ῥα-

1005 1522 1098 1562 χὴλ,’
1085 1535 1102 1557 η
1117 1521 1245 1561 Δεοώρα,
1262 1523 1279 1555 ἡ
1300 1520 1396 1550 ’·Αννα
1419 1531 1464 1548 και
1489 1519 1532 1547 ἐπὶ
1555 1523 1601 1548 τοῦ
1615 1520 1730 1558 Χριστοῦ
1745 1517 1772 1546 δὲ

1005 1572 1072 1604 ἦσαν
1088 1579 1177 1596 τοιαυτ
1180 1579 1221 1604 αι,
1236 1568 1294 1595 ἀλλ’
1309 1566 1450 1595 officium*
1434 1566 1529 1604 ανδρας
1543 1564 1710 1621 παρήλασαν,
1722 1564 1772 1592 ἀλ-

1005 1614 1039 1643 λα
1051 1613 1098 1649 τὴν
1109 1616 1168 1642 ὓστε
1174 1625 1219 1652 ραν
1231 1612 1303 1645 τάξιν
1319 1614 1455 1650 ἐπεῖχον.
1444 1612 1499 1640 Nuv
1515 1611 1542 1639 δὲ
1551 1609 1709 1643 τούναντίον,
1726 1620 1772 1647 γυ-

1005 1664 1092 1692 ναῖκες
1106 1661 1177 1698 ἡμᾶς
1187 1658 1379 1696 παρελαύνουσι
1389 1657 1434 1685 καὶ
1445 1655 1651 1694 ἀποκρύπτουσι.
1666 1655 1746 1687 Ποῖος
1759 1656 1773 1682 ὁ

1005 1706 1087 1744 γέλως
1097 1718 1105 1742 ·,
1117 1706 1155 1738 τίς
1170 1708 1186 1740 ἠ
1203 1704 1315 1743 αἱτήύνη
1326 1717 1333 1739 ;
1350 1703 1445 1741 ‘Hgietg
1455 1706 1502 1738 τῆς
1513 1703 1629 1742 κεφαλῆς
1639 1701 1686 1736 τὴν
1698 1700 1772 1734 τάξιν

1005 1752 1144 1791 ἐπέχομεν,
1161 1752 1206 1780 καὶ
1225 1751 1275 1780 ὕπὸ
1297 1753 1343 1778 τοῦ
1363 1749 1485 1787 σώματος
1500 1747 1651 1785 νικώμεοα;
1665 1746 1772 1787 Ἀρχειν

1007 1799 1090 1826 αὐτῶν
1106 1798 1265 1836 ἐτάχθημεν,
1281 1798 1330 1834 οὔχ
1342 1795 1385 1823 ἴνα
1409 1794 1485 1832 μόνον
1501 1794 1637 1832 ἄρχωμεν,
1655 1793 1714 1821 ἀλλ’
1728 1792 1771 1820 ἵνα

1006 1843 1050 1871 καὶ
1064 1845 1090 1872 ἐν
1103 1844 1183 1882 ἀρετῇ
1195 1842 1328 1881 ἄρχωμεν.
1340 1841 1374 1870 Ὁ
1384 1840 1435 1878 γὰρ
1447 1840 1546 1879 ἄρχων,
1557 1838 1641 1877 τούτῳ
1654 1838 1771 1876 μάλιστα

1006 1889 1096 1928 ἄρχειν
1119 1889 1230 1927 ὀφείλει,
1246 1889 1283 1926 τῷ
1305 1889 1338 1925 τῇ
1358 1889 1437 1926 ἀρετῇ
1452 1891 1526 1924 νικᾷν
1537 1897 1544 1902 ·
1567 1887 1589 1913 εἷ
1605 1885 1633 1913 δὲ
1646 1889 1751 1912 νικᾶται
1764 1907 1772 1919 ,

1007 1935 1093 1963 οὐκέτι
1115 1934 1202 1973 ἄρχων
1218 1933 1298 1961 ἐστίν.
1316 1932 1408 1961 Εἴδετε
1432 1932 1502 1965 πόση
1525 1933 1571 1965 τῆς
1586 1932 1631 1959 τοῦ
1657 1931 1771 1968 xpm—„03

1008 1981 1150 2020 παρουσίας
1164 1983 1181 2015 ἡ
1204 1979 1328 2016 δύναμις;
1341 1980 1398 2010 πῶς
1419 1977 1494 2006 ἔλυσε
1510 1976 1558 2011 τὴν
1574 1975 1705 2015 κατάραη
1719 1975 1773 2004 Καὶ

1008 2039 1059 2065 γαρ
1073 2028 1122 2055 π)ε
1126 2027 1177 2058 iou:
1189 2028 1215 2054 αἱ
1227 2025 1349 2063 παρθένοι
1364 2023 1437 2063 παρὰ
1448 2023 1538 2061 γξυιαι
1541 2035 1564 2058 t,
1578 2022 1700 2051 πλείων*
1687 2033 1704 2056 η
1719 2033 1772 2049 σω-

1010 2073 1123 2112 φροσύντ
1138 2073 1201 2110 παρ’
1216 2070 1344 2105 εκείναις,
1359 2072 1386 2098 αἱ
1399 2073 1505 2108 γηρεῖαι
1525 2067 1643 2100 πλείους·
1656 2067 1728 2096 οὐδὲν
1742 2066 1772 2095 ἂν

1010 2119 1117 2175 αἷσῖρον
1132 2129 1234 2156 ταγεως
1243 2116 1308 2154 γυνὴ
1320 2115 1427 2153 πρόοιτο
1439 2117 1521 2153 ῥῆμα.
1529 2113 1607 2146 Τίνος
1621 2115 1665 2141 οὖν
1678 2112 1774 2146 ἕνεκεν,

1008 2165 1066 2192 εἰπέ
1078 2176 1137 2202 μοι,
1150 2165 1214 2201 αἷσγ
1216 2163 1329 2201 ρολογεῖς
1340 2160 1388 2189 σύ
1381 2183 1389 2196 ,
1403 2160 1449 2193 Μὴ
1467 2171 1518 2198 γαρ
1539 2170 1583 2196 μοι
1596 2157 1643 2190 τὰς
1657 2159 1775 2196 ἀπεγνω-

1009 2210 1107 2248 σμένας
1122 2209 1214 2247 εἴπῃς,
1231 2206 1389 2246 φιλόκοσμόν
1416 2217 1472 2238 πως
1496 2204 1526 2233 τὸ
1547 2205 1619 2242 γένος
1639 2203 1711 2239 ἐστὶ,
1727 2203 1772 2232 καὶ

1008 2267 1084 2285 τουτο
1107 2268 1118 2284 ε
1119 2267 1161 2294 [ει
1182 2253 1212 2282 τὸ
1235 2252 1386 2288 ἐλάττωμα.
1403 2250 1482 2279 Ἀλλὰ
1504 2251 1552 2278 καν
1576 2261 1659 2278 τουτω
1684 2253 1773 2277 νικᾶτε

1007 2305 1080 2340 ὑμεῖς
1092 2303 1116 2330 οἳ
1137 2301 1242 2339 ἄνδρες,
1257 2301 1281 2327 οι
1300 2298 1346 2326 καὶ
1365 2298 1407 2325 ἐπ
1423 2296 1548 2331 ἐκείναις,
1571 2298 1606 2328 ὥς
1627 2297 1668 2324 ἐπ’
1684 2294 1772 2334 οἰκείῳ

1007 2349 1116 2386 κόσμῳ,
1132 2346 1338 2385 ἐναὸρυνόμενοι.
1351 2345 1390 2372 Οὐ
1403 2355 1454 2382 γαρ
1469 2354 1549 2375 ουτως
1558 2337 1634 2380 οἶμαι
1647 2345 1700 2373 τοῖς
1713 2343 1773 2369 ἑαυ-

1008 2407 1055 2429 της
1070 2393 1188 2432 χρυσίοις
1202 2392 1249 2427 τὴν
1264 2393 1375 2429 γυναῖκα
1383 2388 1610 2424 καλλωπίζεσθαι,
1620 2389 1656 2420 ὡς
1669 2387 1712 2416 τὸν
1724 2386 1772 2415 ἅν-
