1893 2860
598 143 632 164 11.

399 144 431 167 IN
460 143 567 166 EPiST.

65 209 154 249 χρεία.
167 207 202 237 Τί
214 207 326 242 δήποτε,
341 205 404 234 ’Ότι
420 204 514 233 πολλοι
526 206 549 233 οἱ
567 204 729 240 κωλύοντες,
744 207 833 242 γυναῖ-

66 266 123 289 κες,
134 254 225 285 παῖδες
236 275 243 288 ,
257 251 402 292 φροντίδες,
415 251 448 280 τὰ
462 250 598 289 κοσμικὰ
591 250 753 289 πράγματα,
768 248 835 287 μετὰ

65 301 164 329 τούτων
177 299 299 337 δαίμονες
308 321 315 334 ,
330 310 374 326 και
390 298 437 325 αὐτ
440 297 465 329 ὸς
479 299 493 325 6
507 299 559 325 τόν
572 296 702 334 δαιμόνων
719 296 790 334 ἀρχτ,
791 307 834 331 γε-

64 358 111 381 της
135 348 149 374 ὁ
168 345 297 377 διάὸολος.
313 346 359 373 Δεῖ
383 343 468 372 τοίνυν
492 343 563 381 βίας,
580 343 618 371 δεῖ
638 341 786 380 καρτερίας.
801 340 835 369 ‘O

66 391 218 429 βιαζόμενος
232 392 258 419 ἐν
269 390 358 423 πόνοις
369 389 434 418 ἐστί.
447 390 511 421 Πῶς
521 401 528 424 ;
538 388 625 417 πάντα
636 386 779 424 ὑπομένει,
790 385 835 414 καὶ

64 437 129 477 πρὸς
143 437 260 475 ἀνάγκην
281 436 398 466 ἵσταται,
416 437 494 470 Πῶς;
515 434 608 473 σχεδὸν
629 437 683 464 τοῖς
698 432 834 463 ἀδυνάτοις

64 485 202 522 ἐπιχειρεῖ.
211 484 245 512 Εἰ
259 483 345 511 τοίνυν
361 484 385 510 οἱ
397 481 445 519 μὲν
459 480 608 519 βιαζόμενοι
619 481 746 513 τοιοῦτοι,
757 480 834 515 ἡμεῖς

65 529 91 559 δὲ
110 529 167 558 οὐδὲ
189 533 243 561 τοῖς
265 530 381 560 δυνατοῖς
405 529 599 566 ἐπιχειροῦμεν,
613 524 677 554 πότε
703 522 833 556 ἐπιτευξό·

65 577 146 613 μεθα;
157 575 221 603 πότε
236 574 440 611 ἀπολειπόμεθα
451 575 503 601 τῶν
522 570 754 608 σπουδαζομένιι)ν;
771 570 833 597 Βια-

63 621 139 657 σταὶ,
154 621 242 660 φησὶν,
255 620 401 676 ἁρπάζουσι
416 619 463 654 τὴν
487 617 623 656 βασιλείαν
640 617 691 644 τῶν
707 617 831 654 οὐρανῶν.

65 667 129 700 Βίας
146 667 224 706 ’χρεία
239 667 285 694 καὶ
304 667 346 704 ἁρ
338 668 442 704 ταγ-’Ῑ-ζς·
454 676 483 693 ου
496 663 546 702 γὰρ
568 663 658 695 ἅπλῶς
676 662 831 717 πρόκειται,

63 713 120 742 οὐδὲ
136 713 161 745 εξ
176 712 290 750 ἑτοίμου
307 711 341 739 ‘0
361 710 497 749 ἁρπάζων,
517 708 658 740 διαπαντὸς
679 708 768 746 νήῡει,
780 708 832 735 διε-

63 758 206 797 γήγερται,
235 757 365 797 φροντίζει
390 768 435 784 και
461 759 589 795 μεριμνᾶ,
613 753 680 782 ὥστε
706 752 832 791 εὐκαιρως

63 804 197 832 ἐπιθέσθαι
212 806 245 842 τῇ
260 804 378 840 ἁρπαγῇ.
395 803 456 840 Οὐχ
478 803 555 840 ὁρᾶτε
569 801 596 828 ἐν
614 803 668 831 τοῖς
690 798 831 835 πολέμοις,

62 851 102 878 ὅτι
116 852 129 878 ὃ
143 849 262 888 ἁρπάσαι
283 848 440 887 βουλόμενος
456 848 488 875 δι’
503 847 566 879 ὅλης
579 848 626 880 τῆς
646 844 736 876 νυκτὸς
751 846 831 882 ἀγρυ-

62 895 180 929 πνεῐ;δι’
206 894 269 930 ὅλης
291 894 487 928 ὥπλισται;Εἰ
507 892 593 921 τοίνυν
617 893 640 920 οἱ
665 890 698 919 τὰ
720 891 832 928 βιωτικὰ

63 941 236 981 ἁρπάζοντες,
250 939 295 968 καὶ
311 939 393 968 νύκτα
408 941 586 978 &spu-motion,
601 938 646 966 καὶ
659 937 811 970 ὁπλίζονται
823 959 830 971 ,

62 989 118 1019 πῶς
136 987 169 1015 τὰ
187 986 284 1015 τούτων
307 986 422 1024 μείζονος
446 985 556 1022 δεόμενα
580 986 628 1018 τῆς
653 984 782 1018 σπουδῆς,
798 982 831 1011 τὰ

62 1032 230 1071 πνευματικὰ
240 1055 247 1068 ,
264 1032 382 1071 ἁρπάσαι
400 1031 552 1069 βουλόμενοι
564 1053 571 1065 ,
581 1030 626 1058 καὶ
642 1031 668 1058 ἐν
682 1029 770 1068 ἡμέρᾳ
781 1041 831 1057 κα-

62 1079 186 1116 θεύδομεν
204 1078 249 1106 καὶ
267 1078 405 1117 ρέγχρμεν,
424 1077 469 1105 καὶ
490 1077 531 1104 ἀεὶ
549 1076 644 1105 ἄοπλοι
669 1076 713 1104 καὶ
738 1075 832 1114 γυμνοὶ

63 1126 249 1163 &naevum
263 1124 297 1153 ‘O
311 1124 362 1163 γὰρ
379 1125 404 1152 ἐν
425 1122 567 1163 ἁμαρτίαις
588 1122 776 1161 στρεφόμενος,
788 1122 832 1151 ἄο-

62 1171 126 1204 πλός
137 1173 193 1200 ἐστι
205 1170 251 1199 καὶ
263 1170 358 1209 γυμνὸς
369 1193 376 1205 ,
389 1169 479 1207 ὥσπερ
491 1171 504 1197 ὁ
524 1170 551 1196 ἐν
567 1168 732 1207 δικαιοσύνῃ,
747 1170 833 1197 ὡπλι-

61 1217 163 1254 σμένος.
179 1219 238 1246 Οὔκ
255 1215 417 1254 ἑλεημοσόνῃ
435 1214 647 1254 περιφράττομεν
666 1214 789 1251 ἑαυτοὺς,
804 1217 833 1244 οὔ

62 1262 109 1296 τὰς
125 1261 308 1300 ἀναπτομένας
323 1262 465 1300 λαμπάδας
479 1263 580 1293 ἑαυτοῖς
594 1261 789 1300 εὖτρεπίζομεν,
803 1263 832 1290 οὐ

61 1309 287 1348 συμφραττόμεθα
311 1308 401 1340 ὅπλοις
428 1312 631 1345 πνευματικοῖς,
653 1309 681 1336 οὐ
706 1308 754 1342 τὴν
774 1309 832 1337 ὁδὸν

61 1355 226 1393 μανθάνομεν
246 1354 294 1388 τὴν
309 1355 363 1382 ἐκεῖ
387 1353 526 1393 φέρουσαν,
542 1355 570 1382 οὐ
593 1353 718 1392 νήφομεν,
733 1355 761 1382 οὗ
781 1354 832 1382 διε-

60 1401 229 1440 γηγέρμεθα·
243 1399 287 1428 διὰ
306 1402 384 1428 τοῦτο
404 1399 523 1438 ἁρπάσαι
547 1398 618 1428 οὐδὲν
641 1399 784 1437 δυνάμεθα.
798 1400 834 1429 Εἴ

60 1459 99 1480 τις
112 1446 235 1486 βασιλεία
253 1446 389 1475 ἐπιθέσθαι
410 1445 547 1483 βούλοιτο,
560 1444 619 1483 οὐχὶ
634 1444 759 1477 θανάτους
784 1458 832 1483 μυ-

62 1493 131 1532 ρίους
152 1494 237 1532 ἑαυτῷ
252 1491 393 1526 ὑποτίθησι
407 1490 550 1530 πρότερον;
565 1490 624 1529 οὐχὶ
642 1491 833 1530 συμφραξάμε·

60 1551 116 1575 νος,
136 1538 196 1578 οὐχὶ
219 1537 366 1576 μελετήσας
389 1536 437 1572 τὴν
465 1536 636 1575 πολεμικήν;

60 1584 128 1625 ὑπὲρ
141 1585 232 1614 τούτου
247 1584 372 1624 πράττει,
389 1583 434 1612 καὶ
449 1582 530 1616 οὕτως
543 1584 615 1622 ὁρμᾷ
629 1583 694 1621 πρὸς
705 1582 754 1618 τὴν
776 1583 833 1611 ἐπί-

61 1634 145 1667 οεσιν;
161 1630 230 1660 Ἀλλ’
245 1632 294 1669 οὐχ
307 1633 385 1668 ἡμεῖς
403 1629 498 1665 οὕτως,
514 1628 582 1657 ἀλλὰ
601 1629 772 1662 καθεύδοντες
787 1629 832 1668 ἁρ-

659 1536 719 1575 οὖχὶ
744 1537 832 1565 πάντα

59 1677 151 1712 πᾶζειν
163 1676 310 1716 βουλόμεθα
323 1688 328 1694 ·
342 1675 477 1715 τοιγάρτοι
488 1675 531 1704 διὰ
542 1679 619 1704 τοῦτο
633 1680 722 1709 κεναῖς
731 1676 831 1714 ἄπιμεν

59 1722 161 1762 χερσίν.
176 1724 237 1762 Οὖχ
252 1725 314 1762 ὁρᾷς
334 1722 394 1756 τοὺς
408 1723 590 1761 ἁρπάζοντας,
612 1724 669 1754 πῶς
693 1722 830 1761 φεύγουσι,

58 1770 114 1801 πῶς
141 1768 265 1808 τρέχουσι
276 1791 284 1803 ,
313 1770 369 1802 πῶς
399 1768 582 1806 διατέμνουσιν
614 1768 735 1804 ἅπαντα;
760 1769 830 1808 Δρό-

60 1826 110 1852 μου
130 1826 226 1854 χρεία·
252 1814 346 1847 εὐθέως
368 1826 419 1854 γαρ
447 1826 492 1844 σου
516 1826 619 1843 κατα-,ο
607 1827 665 1854 εχε
655 1827 677 1843 ι
702 1817 715 1844 6
739 1815 830 1844 &2280-

59 1862 134 1917 λος,
143 1873 189 1889 και
207 1865 261 1893 τοῖς
281 1861 430 1918 ἔμπροσθεν
455 1862 501 1889 κελ
504 1873 556 1890 ευει
580 1865 723 1900 κατασχεῖν
727 1884 733 1890 .
762 1861 832 1890 ’AM

59 1906 105 1935 ἐὰν
117 1910 148 1945 ᾐς
161 1906 279 1946 ἰσχυρὸς,
294 1906 339 1934 Ξαν
359 1909 390 1944 ᾐς
404 1907 476 1944 ὀιεγι,
479 1918 560 1946 γερμε
550 1906 603 1939 ζςνο
593 1929 618 1943 ,
640 1908 684 1936 τὶν
697 1907 730 1944 με
733 1919 745 1935 ν
766 1907 832 1936 ἐλα-

60 1964 167 1988 κτισας,
190 1952 234 1980 τὸν
256 1952 284 1980 δε
308 1954 344 1980 ἀ
326 1952 424 1988 ·ώσω,
439 1952 542 1984 πάντας
566 1952 683 1991 διέφυγες
700 1954 736 1986 ὡς
759 1964 831 1988 πτη-

60 1998 117 2031 νός·
133 1998 182 2027 κᾶν
202 1998 317 2037 ἀπέλθῃς
339 1998 430 2026 λοιπὸν
452 1998 579 2034 ἐντεῦθεν,
592 1998 641 2026 κᾶν
661 1998 709 2033 τὴν
734 1998 832 2037 ἀγορὰν

60 2044 177 2083 ὓπερὸῇς
187 2067 194 2079 ,
204 2043 250 2072 καὶ
270 2043 314 2072 τὸν
335 2042 416 2071 πολὺν
438 2042 556 2081 θόρυῧον,
569 2043 634 2082 ὅπερ
646 2044 715 2072 ἐστὶν
733 2046 747 2072 6
761 2043 816 2082 βίος
825 2068 832 2081 ,

62 2089 107 2118 καὶ
119 2089 184 2129 πρὸς
194 2089 227 2118 τὰ
238 2088 358 2127 μετέωρα
370 2088 469 2117 τούτων
481 2089 557 2128 ἔλθῃς
566 2112 575 2127 ,
589 2090 654 2129 ὅπερ
670 2090 739 2119 ἐστὶν
748 2092 761 2119 ὁ
771 2091 833 2128 μέλ-

60 2137 113 2164 λων
129 2134 205 2164 αἰών.
222 2134 347 2173 Καθάπερ
362 2134 413 2174 γὰρ
431 2135 457 2163 ἐν
480 2135 591 2175 ἐρημία,
605 2136 687 2169 οὖῖεὶς
708 2135 832 2175 (stip-0505,

58 2181 139 2214 οὐδεὶς
152 2184 165 2210 ὁ
176 2182 300 2220 ἐνοχλῶν,
313 2180 395 2214 οὐδεὶς
413 2183 426 2209 ὁ
441 2181 574 2220 κατέχων.
591 2181 749 2222 Ἀνηρπάσω
760 2182 831 2218 5ολί·

58 2239 106 2266 γου
121 2228 159 2256 δεῖ
172 2227 246 2256 τόνου
261 2226 327 2265 μετὰ
343 2226 390 2262 τὴν
402 2227 535 2266 ἁρπαγὴν,
551 2227 618 2256 ὥστε
632 2227 668 2266 μὴ
683 2229 831 2267 ἀφαιρεθῆ-

58 2285 102 2302 ναι
117 2273 147 2302 τὸ
161 2273 257 2312 ληφθέν
269 2284 275 2290 ·
291 2272 322 2300 ἂν
344 2272 490 2312 τρέχωμεν,
507 2272 536 2301 ἂν
559 2273 640 2311 μηδὲν
662 2276 764 2313 ὁρῶμεν
779 2275 831 2303 τῶν

60 2320 112 2358 πρὸ
123 2321 174 2348 τῶν
189 2319 331 2359 ὀφθαλμῶν
346 2318 484 2356 κειμένων,
500 2318 531 2347 ἂν
549 2318 631 2357 μηδὲν
652 2319 739 2359 ἕτερον
755 2331 832 2359 φρον-

59 2366 185 2404 τίζωμεν,
197 2366 256 2394 ἀλλ’
271 2364 340 2394 ὥστε
352 2364 411 2399 τοὺς
426 2365 576 2399 κωλύοντας
588 2367 741 2405 διαδρᾶναι,
756 2367 833 2402 δυνη-

61 2411 160 2450 σόμεθα
169 2411 202 2440 τὰ
212 2410 366 2450 ἁρπαγέντα
377 2411 498 2451 κατέχειν
513 2411 581 2450 μετὰ
594 2412 750 2451 ἀσφαλείας.
763 2411 832 2450 “Hp-

61 2469 150 2492 πασας
173 2457 220 2493 τὴν
240 2457 425 2497 σωρροσύνηνς
468 2457 485 2493 ὴ
508 2457 612 2498 μείνῃς,
632 2462 722 2498 φεῦγε,
742 2459 832 2498 πόρρω

62 2507 137 2542 γενοῦ
155 2507 201 2534 τοῧ
219 2503 343 2533 διαὲόλου
354 2515 360 2520 “
375 2504 406 2532 ἂν
422 2504 464 2543 ἴδῃ
474 2527 482 2540 ,
496 2504 536 2533 ὅτι
551 2505 638 2534 οὐκέτι
656 2505 763 2534 δύναται
786 2518 832 2534 κα·

62 2550 195 2587 ταλαῖἱεῖν,
217 2550 273 2580 οῦδὲ
295 2549 390 2584 διώξει.
406 2550 484 2579 Οὕτω
508 2550 552 2579 καὶ
575 2553 665 2589 ἡμεῖς,
688 2551 748 2580 ὅταν
774 2551 833 2584 τοὺς

663 142 679 163 Λ
688 142 707 164 D
734 141 874 164 ”fluoru-

903 140 980 163 cAP.
1012 140 1058 163 iv.
1089 138 1207 162 uomit„
1237 138 1271 161 x.
1563 128 1630 174 787

892 201 1051 240 impediant,
1069 210 1176 237 uxores,
1193 199 1283 238 liberi,
1302 209 1371 228 cura:
1381 222 1388 236 ,
1403 197 1540 227 mundana
1554 208 1636 237 nego-

890 247 936 284 tia,
950 257 1066 285 eumque
1080 246 1134 274 illis
1146 246 1280 275 daemones
1291 252 1316 273 et
1328 245 1384 284 ipse
1398 244 1551 273 daemonum
1559 244 1633 283 prin-

889 303 951 332 ceps
972 292 1107 321 diabolus.
1132 292 1210 331 Opus
1224 302 1287 331 ergo
1305 298 1344 320 est
1355 291 1483 321 violentia
1494 312 1502 327 ‚
1517 300 1585 329 opus
1596 297 1635 318 est

889 339 1094 377 perseverantia.
1112 338 1166 373 Qui
1182 339 1239 367 vim
1261 338 1350 372 infert,
1373 338 1400 366 in
1423 337 1562 366 laboribus
1583 343 1632 365 est.

890 385 1057 421 Quomodo?
1066 385 1155 413 omnia
1168 384 1294 420 sustinet,
1310 391 1335 413 et
1349 390 1424 412 contr
1426 395 1440 412 a
1451 382 1634 412 necessitatem

888 437 950 459 stat.
968 433 1030 467 Quo
1046 432 1143 470 pacto?
1157 431 1335 470 impossibilia
1347 431 1402 459 fele
1423 429 1591 469 aggreditui.
1604 428 1632 457 Si

854 475 869 497 Γ
888 486 950 515 ergo
967 476 1079 505 xiolenti
1104 477 1169 505 tales
1193 483 1265 512 sunt,
1284 487 1332 505 nos
1346 483 1436 504 autem
1448 486 1481 504 ue
1492 475 1632 515 possibilit

888 522 997 560 quidem
1009 523 1334 560 tentamus‚quandonam
1347 522 1634 560 assequemur?quan-

887 569 987 598 donam
1001 570 1122 598 fruemur
1143 570 1176 598 iis
1191 580 1250 607 quae
1264 570 1408 608 cupimus?
1426 571 1571 603 J'iolenti,
1587 569 1632 597 iu-

887 616 957 654 quit,
967 619 1085 656 rapiunt
1098 627 1218 655 regnum
1227 616 1513 645 caelorumXiolontia
1523 623 1547 644 ct
1559 616 1631 655 rapi-

840 679 877 698 727
887 673 919 691 na
929 669 967 691 est
979 673 1062 702 opus:
1073 673 1159 701 neque
1170 662 1241 690 enim
1251 672 1358 700 quoquo
1374 661 1454 690 modo
1463 662 1633 700 proponitur,

850 710 869 730 Λ
887 709 930 738 vel
945 709 971 737 in
983 716 1091 748 promtu
1107 708 1232 736 habetur.
1247 708 1302 744 Qui
1314 707 1394 747 rapit,
1414 718 1518 746 semper
1528 708 1634 735 sobrius

887 761 935 790 cst,
946 754 1053 793 vigilat,
1067 755 1095 783 in
1110 764 1174 782 cura
1185 761 1210 782 et
1219 752 1541 788 sollieitudinexeisitui
1550 759 1637 791 utop-

886 807 1002 840 portune
1013 800 1137 839 lapinam
1146 799 1330 838 aggrediatur.
1341 799 1400 827 Non
1410 809 1427 827 v
1430 797 1526 826 idetis
1519 808 1545 825 1n
1554 797 1636 826 bellis

886 858 947 875 eum
963 847 1008 885 qui
1022 857 1115 886 rapere
1129 846 1200 883 vult,
1213 856 1261 884 per
1276 852 1358 874 totam
1372 851 1477 873 noctem
1497 844 1635 883 tigilat'i'e

885 903 933 930 per
952 899 1036 921 totam
1050 899 1155 920 noctem
1177 891 1204 919 in
1225 890 1308 919 armis
1324 890 1401 919 esse?
1416 890 1446 919 Si
1462 900 1526 928 ergo
1527 867 1571 927 eii,
1587 890 1635 928 qui

886 937 1023 966 saecularia
1050 947 1142 976 rapere
1168 936 1280 973 volunt,
1302 942 1383 964 noctu
1404 935 1521 974 vigilant
1543 942 1568 964 et
1589 946 1635 964 ar-

886 991 994 1012 mantur
1007 996 1013 1011 z
1030 983 1166 1022 quomodo
1182 993 1228 1011 nes
1243 993 1305 1010 cum
1319 982 1484 1021 spiritualia,
1497 992 1556 1019 quae
1577 992 1635 1009 ma-

882 1032 937 1070 jori
952 1031 1137 1060 sollicitudine
1159 1041 1228 1070 opus
1251 1030 1362 1067 habent,
1381 1040 1474 1068 rapere
1496 1030 1634 1062 volumus.

886 1079 966 1108 ctiam
982 1079 1010 1107 in
1024 1079 1068 1108 die
1088 1078 1238 1107 dormimus
1253 1089 1283 1106 ac
1309 1077 1456 1115 stertimus,
1475 1087 1505 1105 ac
1529 1087 1635 1116 semper

887 1125 1002 1154 inermes
1015 1125 1134 1164 nudique
1144 1124 1257 1153 sumus‘.3
1268 1125 1337 1152 Nam
1352 1123 1398 1162 qui
1409 1123 1434 1151 in
1448 1123 1564 1163 peccatis
1575 1134 1634 1152 ver-

850 1180 868 1201 Β
887 1178 972 1205 satur,
985 1171 1094 1200 inermis
1105 1178 1130 1199 et
1144 1170 1234 1199 nudus
1243 1177 1300 1207 est,
1315 1169 1384 1198 sicut
1395 1169 1417 1198 is
1431 1169 1478 1207 qui
1490 1169 1518 1197 in
1528 1169 1635 1208 justitia

886 1217 970 1256 degit,
980 1225 1019 1246 est
1031 1214 1158 1246 armatus.
1169 1218 1228 1245 Non
1241 1216 1408 1255 eleemosyna
1420 1226 1468 1244 nos
1479 1215 1633 1244 communi-

888 1274 958 1300 mus,
974 1274 1028 1293 non
1042 1273 1166 1292 accensas
1181 1261 1321 1301 lampades
1334 1261 1412 1290 nobis
1428 1272 1566 1301 paramnS,
1581 1272 1634 1290 non

887 1309 969 1338 armis
993 1308 1182 1348 spiritualibus
1193 1319 1240 1337 nos
1256 1307 1402 1345 munimus,
1418 1318 1470 1336 non
1483 1307 1556 1336 viam
1569 1307 1635 1336 illuc

887 1354 1027 1383 ducentem
1043 1354 1183 1391 discimus,
1196 1364 1249 1382 non
1264 1353 1347 1382 sobrii
1363 1363 1465 1389 sumus,
1477 1363 1525 1381 nec
1532 1352 1635 1391 vigila-

888 1411 948 1430 mus
959 1413 965 1428 :
975 1400 1035 1429 ideo
1048 1399 1118 1428 nihil
1132 1410 1226 1439 rapere
1237 1409 1390 1439 possumus.
1404 1399 1434 1427 Si
1446 1398 1506 1437 quis
1520 1409 1634 1437 regnum

887 1447 1014 1476 invadere
1039 1447 1146 1481 nititur,
1171 1456 1259 1474 annon
1281 1445 1436 1473 innumeras
1458 1445 1511 1473 sibi
1537 1452 1635 1473 mortes

887 1495 962 1534 prius
976 1494 1121 1534 proponit?
1136 1505 1225 1523 annon
1244 1493 1438 1530 communitur,
1452 1503 1541 1521 annon
1554 1493 1636 1521 belli-

887 1552 946 1570 cam
961 1548 1045 1570 artem
1059 1540 1180 1569 didicit?
1196 1550 1285 1568 annon
1301 1539 1392 1568 omnia
1410 1549 1459 1579 pro
1474 1539 1525 1568 hac
1537 1549 1566 1567 re
1580 1550 1637 1568 mo-

886 1589 963 1627 litur,
976 1596 1001 1617 et
1012 1588 1050 1617 sic
1065 1587 1194 1617 invadere
1208 1587 1314 1616 tentat?
1325 1586 1380 1615 Sed
1392 1597 1440 1615 nos
1456 1597 1509 1615 non
1522 1586 1571 1622 sic,
1588 1598 1636 1615 ve-

886 1646 947 1664 rum
956 1635 1118 1664 dormientes
1129 1644 1223 1674 rapere
1230 1633 1369 1662 volumus:
1383 1640 1463 1672 atque
1474 1633 1535 1662 ideo
1543 1633 1635 1662 vacuis

886 1682 1010 1711 manibus
1030 1682 1149 1710 abimus.
1168 1681 1229 1709 Non
1244 1680 1321 1709 vides
1338 1687 1459 1720 raptores
1471 1703 1480 1718 ,
1500 1680 1635 1718 quomodo

885 1727 1001 1766 fugiant,
1019 1726 1154 1765 quomodo
1175 1732 1302 1762 currant,
1325 1724 1460 1763 quomodo
1483 1725 1573 1753 onmia
1587 1724 1635 1753 di—

886 1773 1036 1813 rumpant?
1049 1774 1137 1801 Cursu
1159 1783 1227 1812 opus
1242 1779 1298 1800 est:
1315 1782 1378 1800 nam
1392 1772 1514 1811 protinus
1535 1772 1634 1801 adver-

886 1829 946 1848 sum
967 1825 994 1846 te
1015 1817 1140 1847 diabolus
1161 1816 1258 1853 currit,
1273 1823 1298 1844 et
1314 1827 1357 1844 eos
1380 1816 1426 1854 qui
1443 1824 1636 1856 praecesserunt

887 1863 1111 1904 comprehendere
1122 1870 1148 1891 te
1157 1862 1243 1902 jubet.
1258 1861 1311 1891 Sed
1323 1862 1344 1890 si
1365 1862 1442 1891 fortis
1455 1862 1501 1897 sis,
1516 1863 1538 1891 si
1552 1863 1633 1902 vigil,

886 1909 971 1937 alium
982 1908 1052 1937 calce
1064 1907 1181 1947 repellis,
1193 1907 1278 1935 alium
1292 1917 1352 1935 amo
1358 1917 1412 1945 ves,
1425 1917 1516 1935 omnes
1525 1907 1584 1937 avis
1594 1908 1635 1936 in-

887 1963 941 1985 star
952 1955 1048 1994 effugis
1060 1967 1066 1982 :
1082 1954 1105 1983 si
1116 1954 1180 1983 hine
1191 1953 1271 1983 etiam
1286 1953 1395 1992 migres,
1407 1953 1430 1982 si
1444 1953 1533 1982 forum
1544 1960 1635 1982 trans—

887 2002 1007 2039 scendas,
1027 2009 1053 2030 et
1075 2011 1203 2040 magnum
1226 2000 1392 2035 tumultum,
1408 1999 1495 2038 qualis
1519 2006 1557 2028 est
1579 1999 1635 2028 vita

887 2057 1011 2086 praesens,
1026 2053 1051 2075 et
1065 2045 1098 2074 ad
1107 2045 1236 2074 sublimia
1253 2044 1356 2080 venias,
1369 2043 1443 2083 quod
1457 2051 1495 2072 est
1508 2045 1633 2073 futurum

887 2093 1024 2122 saeculum.
1046 2093 1087 2121 Ut
1109 2091 1181 2121 enim
1205 2091 1233 2119 in
1255 2090 1414 2125 solitudine,
1435 2090 1526 2119 nullus
1540 2096 1578 2119 cst
1593 2090 1632 2119 ibi

887 2139 1036 2174 tumultus,
1066 2148 1144 2166 nemo
1167 2137 1214 2176 qui
1244 2136 1353 2174 turbet,
1381 2146 1459 2164 nemo
1491 2136 1539 2174 qui
1566 2135 1633 2164 reti-

887 2191 957 2213 neat.
983 2184 1109 2224 Rapuisti
1127 2183 1140 2211 Ρ
1170 2193 1253 2222 parva
1289 2192 1357 2222 opus
1391 2188 1429 2210 cst
1462 2181 1634 2210 contentione

885 2237 945 2270 post
976 2229 1100 2269 rapinam
1122 2239 1155 2258 ne
1170 2227 1243 2267 quod
1269 2234 1378 2267 captum
1399 2227 1450 2256 sust
1472 2227 1632 2256 auferatur:

886 2277 909 2305 si
923 2287 1074 2311 curramus,
1089 2275 1112 2304 si
1132 2274 1202 2303 nihil
1221 2273 1390 2302 attendamus
1411 2284 1440 2302 ea
1463 2284 1523 2312 quae
1546 2274 1633 2303 oculis

886 2330 994 2362 patent,
1019 2323 1043 2352 si
1073 2321 1143 2351 nihil
1173 2320 1249 2349 aliud
1277 2330 1400 2349 curemus
1410 2342 1418 2355 ,
1449 2319 1500 2348 nisi
1530 2326 1561 2348 ut
1587 2331 1632 2350 cos

887 2370 932 2408 qui
966 2369 1100 2399 obsistunt
1133 2367 1312 2406 effugiamus,
1340 2366 1489 2405 poterimus
1516 2376 1546 2394 ea
1571 2377 1630 2405 quae

886 2416 1026 2456 rapuimus
1041 2415 1162 2444 retinere.
1186 2412 1313 2452 Rapuisti
1338 2412 1486 2441 castitatem
1500 2413 1514 2441 Ξ)
1527 2423 1560 2441 ne
1573 2423 1632 2441 ma-

886 2473 958 2499 neas,
978 2463 1057 2501 fuge,
1074 2460 1169 2501 procul
1184 2466 1210 2488 te
1222 2469 1330 2488 remove
1344 2469 1360 2487 a
1371 2458 1480 2488 diabolo
1492 2459 1530 2488 :si
1540 2458 1634 2490 videat

886 2506 959 2545 quod
970 2514 995 2536 te
1005 2504 1230 2546 comprehendere
1241 2514 1294 2533 non
1309 2503 1402 2543 possit,
1418 2514 1470 2532 non
1483 2514 1633 2544 perseque—

887 2560 941 2582 tur.
958 2553 1003 2582 Sic
1018 2560 1043 2582 et
1058 2563 1105 2581 nos
1115 2575 1122 2589 ‚
1137 2562 1199 2580 cum
1223 2561 1268 2580 eos
1281 2550 1329 2588 qui
1356 2549 1460 2589 aliquid
1487 2556 1634 2589 rapuerunt
