1893 2860
69 541 108 561 Cln
116 542 204 561 ixtianus

69 573 172 592 omnibus

68 604 169 629 superior

67 640 113 653 es<e
133 634 206 654 «lebet,

62 1822 200 1846 1ίωιι.ι3.5.

224 151 310 196 (357(

225 224 353 251 minutiones
366 234 413 260 pro
425 222 487 260 ipsis
501 221 670 255 emittuntur,
686 228 709 249 ct
725 221 797 259 quod
811 221 860 260 ipsi
876 222 960 250 scrita·

224 277 275 298 tem
291 269 432 297 adversum
448 278 494 296 nos
508 267 650 306 deponant.
668 268 743 296 Nihil
757 268 827 296 cuim
844 268 878 296 ita
898 279 961 296 con-

223 315 271 343 scrt
286 315 320 342 ad
334 313 481 342 doctrinam
495 336 501 346 ,
515 320 545 341 ut
558 323 619 342 cum
636 314 695 351 quis
715 321 786 342 amat
807 320 833 342 et
848 321 962 344 amatur.
982 323 998 345 ι

223 359 314 396 Cogita
336 369 399 387 vero
421 365 548 396 quantum
573 359 641 387 illud
662 365 739 393 esset,
758 369 818 387 cuin
839 359 962 388 audirent

222 404 261 431 illi
277 404 322 442 qui
338 404 442 432 insidiis
455 403 627 442 appetebant,
644 404 689 441 qui
708 404 888 441 flagellabant,
904 405 961 443 pel-

221 450 321 486 lebant,
344 450 482 483 necabant,
504 449 576 487 quod
599 450 617 477 ii
641 450 687 487 qui
711 450 773 478 talia
795 457 958 489 paterentur,
971 470 1006 488 579

221 506 268 534 pro
285 495 317 523 iis
333 495 377 533 qui
394 495 450 523 hoec
467 502 600 534 patrarent
616 495 728 524 intentas
750 496 913 535 precationes
925 496 959 525 ad
980 497 996 518 Α

221 541 309 569 Deum
332 540 489 569 emittet-cut.
506 539 605 570 Vidcn’
623 546 652 568 ut
671 540 854 568 Christianum
873 541 959 569 omni-

220 585 271 614 bus
284 586 448 625 superiorein
462 595 517 614 esse
531 585 616 614 velit?
630 585 706 614 Sicut
721 585 792 614 enim
807 585 834 614 in
849 586 957 614 infanti-

219 631 402 667 hus‚etiamsi
423 637 538 669 gestatus
558 630 663 670 puellus
679 631 762 669 patris
783 631 876 659 taciem
898 642 959 670 pcr-

218 677 318 714 cutiat,
335 676 403 704 nihil
418 675 481 704 hinc
496 682 623 714 paternus
637 675 748 704 affectus
760 676 890 704 minuitur
905 688 909 703 :
924 678 958 705 ita

218 722 322 750 etiamsi
346 721 381 749 ab
404 721 537 749 extraneis
560 720 614 749 illis
634 721 832 760 percutiamur,
846 731 897 749 non
914 722 960 750 dc-

218 767 312 795 bemus
331 774 448 796 nostram
466 777 527 805 erga
542 777 586 795 eos
600 766 813 795 benevolentiam
828 767 957 795 minuere.

218 813 293 848 Quid
309 813 360 841 sibi
379 813 439 841 vult
456 812 536 849 illud,
553 813 684 840 Primum
700 815 828 840 omnium
840 816 852 840 Ρ
863 812 894 842 Id
910 820 959 850 est,

219 859 246 887 in
262 858 336 887 cultu
352 858 515 896 quotidiano.
535 858 570 885 Et
583 858 633 885 hoc
655 858 742 886 sciunt
762 858 871 893 initiati,
892 870 959 897 quo-

216 904 298 934 modo
310 904 429 942 quotidie
444 905 507 932 fiant
526 904 689 942 precationes
704 911 727 932 ct
744 915 850 944 vespere
865 912 889 933 et
904 916 960 933 ma-

216 960 248 977 nc
257 961 266 986 3
275 949 408 987 quomodo
419 959 466 988 pro
475 955 529 976 toto
541 948 650 985 mundo,
659 959 708 987 pro
721 949 828 987 regibus
840 956 864 978 et
875 951 959 979 omni-

216 994 266 1022 bus
280 994 325 1032 qui
337 994 524 1031 magistratum
542 1000 651 1031 gerunt,
661 994 869 1023 obsecrationem
880 996 959 1024 emit—

215 1046 311 1069 tamus.
327 1042 363 1067 At
377 1039 449 1068 dicct
465 1039 574 1067 sortasse
590 1039 735 1078 quispiam,
752 1039 830 1068 illum
845 1051 896 1069 non
911 1052 959 1080 pro

215 1085 340 1113 omnibus
358 1085 473 1121 dixisse,
488 1084 535 1113 sed
551 1095 601 1124 pro
620 1085 756 1114 fidelibus.
772 1086 827 1114 Cur
839 1096 901 1124 ergo
915 1086 956 1115 di-

215 1132 294 1168 xerit,
309 1133 369 1160 Pro
383 1134 496 1168 regibus
507 1134 519 1158 Ρ
535 1132 618 1171 Reges
633 1132 703 1161 enim
721 1143 766 1161 seu
781 1134 957 1172 Imperatores

216 1184 280 1206 tunc
294 1188 385 1206 veram
400 1177 557 1215 religionem
573 1187 624 1206 non
646 1178 825 1214 sectabantur,
839 1178 884 1206 sed
898 1179 957 1207 lon-

214 1233 248 1261 go
272 1229 390 1262 tempore
421 1223 497 1262 impii
524 1223 616 1261 impiis
641 1223 824 1252 succedebant.
854 1223 958 1252 Deinde

214 1280 246 1298 ne
260 1280 300 1298 res
315 1270 434 1298 adulatio
454 1280 510 1298 esse
531 1270 684 1307 videretur,
705 1270 779 1309 prius
799 1270 884 1308 dixit,
897 1272 957 1300 Pro

214 1317 355 1351 omnibus,
371 1325 402 1343 ac
416 1315 523 1352 deinde,
535 1317 595 1344 Pro
609 1317 732 1354 regibus.
745 1316 773 1345 Si
788 1316 859 1344 euim
872 1315 956 1345 dixis—

213 1367 264 1398 set,
277 1362 329 1389 Pro
348 1361 467 1399 regibus,
482 1367 596 1397 tantum,
610 1361 720 1389 fortasse
733 1362 792 1399 quis
804 1361 855 1390 hoc
870 1362 956 1402 suspi-

214 1413 288 1434 catus
300 1413 375 1435 esset.
392 1406 508 1443 Deinde,
525 1407 589 1444 quia
604 1406 749 1435 verisimile
766 1414 822 1435 erat
838 1414 866 1435 ut
878 1407 956 1437 Chri-

214 1452 317 1480 stianus
335 1452 440 1479 animus
461 1451 519 1480 haec
545 1451 656 1480 audiens
678 1458 851 1490 torpesceret,
871 1463 956 1490 neque

214 1497 345 1525 monitum
360 1496 410 1524 hoc
427 1495 588 1533 admitteret,
603 1497 625 1524 si
642 1507 691 1535 pro
708 1497 800 1534 gentili
815 1498 955 1536 mysterio—

214 1553 274 1570 rum
288 1549 406 1581 tcmporc
422 1552 512 1580 preces
532 1548 664 1581 oporteret
687 1542 776 1570 offerri
793 1554 798 1569 ι
813 1542 876 1571 vide
889 1543 955 1580 quid

213 1587 302 1625 dicat,
324 1594 349 1615 et
371 1587 506 1624 quomodo
529 1587 634 1615 lucrum
655 1594 791 1626 apponat,
813 1595 842 1616 ut
857 1588 896 1616 sic
910 1588 955 1616 ille

213 1633 421 1662 admonitionem
443 1633 613 1669 admitterem
633 1635 669 1662 Ut
687 1644 836 1669 securam,
855 1634 952 1672 inquit,

213 1687 240 1708 et
255 1682 382 1719 quietam
401 1680 543 1707 ducamus
560 1681 662 1707 vitam
677 1679 708 1707 ld
718 1687 767 1714 cst,
784 1680 892 1708 illorum
908 1691 953 1709 sa-

212 1725 255 1753 lus
273 1724 350 1753 nobis
374 1724 595 1761 tranquillitatem
613 1724 683 1762 parit
697 1736 703 1751 τ
719 1724 787 1753 sicut
806 1731 830 1753 ct
844 1725 871 1753 in
886 1725 953 1764 Epi-

213 1771 280 1799 stola
295 1770 330 1798 ad
346 1770 479 1797 Romanos
494 1769 603 1797 hortans
618 1769 678 1797 illos
693 1776 722 1797 ut
735 1769 861 1798 obediant
874 1772 952 1809 prin-

213 1817 327 1855 cipibus,
339 1815 406 1843 dicit
421 1825 426 1840 :
441 1814 472 1842 Sl
483 1825 542 1842 non
552 1821 670 1853 propter
680 1817 890 1851 necessitatem,
904 1817 954 1844 sed

211 1866 327 1899 propler
354 1860 572 1887 conscientiam.
594 1859 668 1887 Deus
696 1859 765 1887 enim
787 1859 954 1899 principatus

212 1904 349 1934 constituit
375 1903 408 1932 ad
435 1913 603 1931 communem
635 1903 786 1933 utilitatem.
813 1905 954 1939 Quomodo

211 1961 275 1989 ergo
286 1961 338 1980 non
348 1949 495 1978 absurdum
508 1949 599 1986 suerit,
612 1949 684 1988 ipsos
699 1950 807 1988 quidem
822 1950 883 1979 ideo
898 1952 954 1979 mi-

213 1998 292 2026 litare
306 2004 330 2025 et
342 2007 414 2025 arma
427 1996 608 2032 circumferre,
620 2002 649 2024 ut
658 2006 707 2025 nos
719 1996 745 2024 in
760 1997 954 2035 tranquillitate

211 2043 354 2078 vivamus3
379 2053 426 2070 nos
445 2048 534 2070 autem
555 2051 607 2069 non
629 2041 837 2080 supplicationes
859 2043 954 2071 osscrrc

213 2099 260 2128 pro
281 2089 313 2116 iis
333 2087 379 2126 qui
399 2087 519 2126 periculo
539 2086 652 2115 subeunt
671 2094 696 2115 et
712 2087 954 2126 militantE’Itaquc

212 2145 263 2162 non
280 2133 399 2162 adulatio
416 2132 485 2161 illud
498 2139 547 2167 est,
562 2132 607 2160 scd
623 2132 769 2161 seeundum
781 2133 891 2172 justitia}
907 2144 953 2162 ra-

212 2180 310 2208 tionem
320 2179 418 2217 agitur.
432 2178 490 2207 Nisi
502 2178 572 2205 enim
585 2178 625 2205 illi
637 2185 818 2215 servarentur,
829 2179 885 2207 etsi
896 2179 954 2207 bel-

211 2225 236 2253 la
251 2234 303 2253 non
318 2234 444 2263 prospere
459 2229 596 2261 gererent,
609 2230 698 2251 nostra
712 2223 785 2252 haud
802 2224 884 2253 dubie
897 2231 953 2253 tur-

211 2270 252 2297 bis
266 2276 292 2298 ct
306 2269 466 2298 tumultibus
485 2269 561 2307 plena
576 2269 679 2297 forent:
694 2280 754 2297 nam
771 2270 814 2297 vel
829 2280 876 2298 nos
894 2270 951 2298 bel-

211 2315 267 2342 lum
283 2325 372 2353 gerere
384 2320 525 2353 oporteret,
540 2314 690 2353 profligatis
703 2315 757 2343 illis
768 2321 793 2343 et
805 2316 877 2343 caesis
888 2338 895 2352 ,
907 2323 953 2345 aut

213 2359 386 2398 undequaque
400 2360 490 2398 sugere
502 2366 526 2387 et
538 2369 633 2388 errare.
643 2360 711 2388 Sunt
726 2360 797 2388 cuim
819 2360 858 2389 illi
878 2362 952 2390 velut

212 2404 300 2432 obices
312 2405 453 2443 praemissi,
467 2405 513 2442 qui
528 2414 571 2432 eos
584 2404 629 2442 qui
645 2405 716 2433 intus
731 2412 837 2434 manent
850 2405 876 2434 in
888 2417 951 2445 pace

212 2456 376 2478 conservent.
402 2451 639 2485 obsecrationes,
658 2450 762 2488 inquit,
785 2453 930 2480 orationes
943 2475 950 2488 ,

210 2494 435 2532 postulationes,
447 2496 608 2532 gratiarum
623 2497 762 2525 acciones.
780 2497 835 2525 Deo
850 2497 950 2537 quippe

212 2538 303 2577 gratiae
317 2539 424 2577 agendoe
440 2546 499 2568 sunt
511 2540 589 2568 etiam
603 2540 636 2569 de
649 2542 727 2571 bonis
741 2553 799 2581 quoe
814 2542 873 2571 aliis
886 2554 947 2572 con·

561 160 588 183 S.
618 161 652 183 ,10
663 160 755 183 xNNts
783 161 961 183 cttm'sosr.

979 957 996 978 Β

972 2229 989 2250 Ε

993 162 1147 188 :melmun
1177 165 1427 191 CONST,tNT1NOP
1435 184 1441 190 .

1017 236 1044 253 τε
1057 226 1134 264 εὐχὰς
1146 226 1210 264 ὑπὲρ
1226 228 1308 255 αὐτῶν
1320 228 1447 266 γίνεσθαι,
1461 231 1496 267 τῷ
1509 241 1534 258 τε
1547 230 1583 267 μὴ
1598 231 1777 268 ἓκθηριοῧσθαι

1017 271 1080 309 πρὸς
1095 274 1173 308 ἡμᾶς.
1187 271 1256 300 Οὐδὲ
1248 283 1271 299 ν
1292 272 1343 312 γὰρ
1364 273 1432 301 οὕτω
1446 286 1510 312 προς
1525 275 1549 302 δι
1543 274 1723 302 ν’δασκαλίαν
1712 286 1778 302 επα

1017 316 1127 369 γωγὸν,
1130 317 1165 348 ὡς
1175 316 1205 344 τὸ
1216 317 1298 354 φιλεῖν
1312 318 1357 345 καὶ
1371 319 1512 356 φιλεῖσθαι.
1526 319 1558 348 Ἐ
1560 320 1667 354 ννόησον
1681 319 1707 348 δὲ
1720 320 1778 347 ὅσον

1017 362 1048 393 ἠν
1065 360 1167 389 ἀκούειν
1191 371 1250 393 τους
1271 361 1499 399 ε’πιὸουλευοντας,
1514 363 1571 397 τους
1593 364 1779 402 μαστίζοντας,

1016 417 1075 438 τους
1089 406 1254 440 ἐλαύνοντας,
1266 406 1324 440 τους
1337 408 1551 444 ἀποκτιννύντας,
1563 411 1602 438 ὅτι
1613 411 1636 438 οι
1648 409 1680 438 τὰ
1694 413 1779 438 τοιαῢ

1016 462 1048 479 τα
1061 451 1207 490 πάσχοντες
1223 451 1288 490 ὑπὲρ
1303 464 1353 480 των
1366 452 1399 480 τὰ
1413 463 1521 481 τοιαυτα
1537 454 1656 493 δρώντων
1673 467 1778 493 προσευ

1015 496 1064 535 χὰς
1075 496 1139 534 πρὸς
1151 497 1194 525 τὸν
1205 497 1271 525 Θεον
1285 507 1420 525 ποιουνται
1433 499 1552 530 ἐκτενεῖς
1560 498 1641 538 Ὁρᾶς
1652 502 1705 531 πῶς
1716 498 1779 528 ἀνω-

1015 553 1087 580 τερον
1104 545 1169 570 εἰναι
1185 542 1305 580 βουλεται
1322 542 1365 570 τὸν
1381 543 1537 580 Χριστιανον
1552 544 1672 579 πάντων,
1689 545 1776 573 Καθά-

1015 598 1063 625 περ
1078 586 1128 626 γὰρ
1146 587 1188 616 ἐπὶ
1205 590 1256 616 τῶν
1271 587 1373 616 παίδων
1388 590 1439 616 τῶν
1453 588 1570 623 νηπίων
1586 589 1634 617 κᾶν
1651 591 1778 627 βασταζό-

1016 644 1091 670 μενον
1106 632 1135 660 τὸ
1150 633 1252 661 παιδίον
1270 633 1353 671 τύπτῃ
1374 637 1418 662 τοῦ
1440 634 1538 673 πατρὸς
1554 634 1601 669 τὴν
1621 635 1693 673 ὄψιν,
1708 635 1778 664 οὐδὲν

1014 678 1188 715 ὑποτέμνεται
1202 680 1249 712 τῆς
1262 679 1444 718 φιλοστοργίας
1456 691 1462 696 ·
1477 679 1545 707 οὕτω
1559 679 1607 708 κᾶν
1622 679 1779 718 τυπτώμεθα

1015 723 1088 761 παρὰ
1102 725 1153 751 τῶν
1169 724 1260 756 ἔξωθεν
1271 747 1277 759 ,
1297 724 1369 753 οὐδὲν
1391 725 1527 763 ὀφείλομεν
1543 727 1664 754 ἐλαττοῦν
1679 728 1726 760 τῆς
1741 727 1781 754 εὖ,

1016 768 1086 800 νοίας
1107 771 1153 803 τῆς
1168 769 1232 809 πρὸς
1246 770 1346 802 αὐτούς.
1361 770 1396 798 Τί
1412 770 1441 798 δέ
1461 772 1517 798 ἐστι
1532 771 1575 805 τὸ,
1591 772 1701 809 Πρῶτον
1716 771 1781 799 ποίν-

1016 827 1083 850 των;
1099 815 1255 851 Τουτέστιν,
1278 817 1304 844 ἓν
1322 818 1354 855 τῇ
1374 816 1482 855 λατρεία
1496 819 1528 855 τῇ
1543 819 1715 856 καθημερινῇ.
1729 817 1781 845 Καὶ

1016 863 1092 888 τοῦτο
1105 860 1192 889 ἴσασιν
1209 863 1232 889 οἱ
1248 861 1344 898 μύσται
1360 863 1415 894 πῶς
1430 863 1487 890 καθ’
1502 862 1614 897 ἑκάστην
1627 862 1729 900 ἡμέραν
1743 862 1781 898 γί-

1017 917 1100 941 νεται,
1116 905 1160 934 καὶ
1173 908 1199 934 ἐν
1211 906 1309 945 ἑσπέρᾳ
1322 907 1365 935 καὶ
1380 908 1405 934 ἐν
1417 907 1503 946 πρωΐᾳ
1515 918 1520 924 ·
1538 910 1592 939 πῶς
1607 907 1673 945 ὑπὲρ
1684 908 1780 939 παντὸς

1016 954 1060 979 τοῦ
1072 951 1186 989 κόσμου,
1203 952 1247 980 καὶ
1265 952 1393 990 βασιλέων
1411 952 1456 980 καὶ
1472 952 1576 980 πάντων
1592 955 1643 980 τῶν
1661 954 1686 981 ἐν
1701 955 1778 991 ὑπερ-

1015 999 1064 1035 οχῇ
1078 997 1157 1025 ὄντων
1171 997 1315 1035 ποιούμεθα
1330 997 1377 1032 τὴν
1394 997 1490 1032 δέησιν.
1504 997 1572 1026 Ἀλλ’
1584 997 1645 1030 ἴσως
1658 999 1711 1037 ε’ρεῖ
1727 1010 1779 1031 τις,

1015 1042 1054 1070 ὅτι
1066 1043 1114 1081 οὐχ
1127 1042 1194 1081 ὑπὲρ
1210 1042 1314 1070 πάντων
1333 1038 1418 1078 εἶπεν,
1439 1043 1496 1071 ἀλλ’
1518 1043 1583 1081 ὑπὲρ
1603 1045 1654 1072 τῶν
1668 1045 1780 1072 πιστῶν.

1015 1085 1051 1114 Τί
1067 1082 1109 1114 οὖν
1120 1107 1126 1120 ,
1138 1085 1199 1114 ὅταν
1210 1085 1285 1125 λέγῃ,
1300 1085 1384 1125 ‘Pu-{p
1401 1086 1547 1124 βασιλέων,
1563 1091 1591 1115 οὐ
1608 1087 1659 1126 γὰρ
1671 1087 1702 1122 δὴ
1719 1086 1779 1115 τότε

1015 1134 1041 1160 Οε
1032 1132 1143 1164 εοσεοεῖς
1156 1135 1222 1167 ἠσαν
1238 1132 1371 1170 βασιλεῖς,
1387 1132 1455 1160 ἀλλὰ
1466 1144 1545 1172 μεχρι
1559 1134 1656 1162 πολλου
1677 1134 1778 1171 προῆλ-

1014 1180 1073 1212 θον,
1090 1178 1180 1206 ἀσεὸε
1159 1190 1193 1211 ςις
1205 1178 1336 1210 ἀσεὸεῖς
1323 1178 1512 1217 οιαδεχόμενοι.
1527 1174 1608 1215 Εἶτα,
1624 1178 1666 1207 ἵνα
1680 1178 1716 1216 μὴ
1731 1190 1776 1207 κο-

1013 1223 1107 1252 λακεία
1130 1224 1159 1252 τὸ
1178 1228 1289 1262 πρᾶγμα
1303 1226 1337 1262 ᾐ,
1354 1223 1494 1262 προλαὲὼν
1515 1227 1600 1259 εἶπεν,
1616 1223 1700 1263 ’Υπὲρ
1714 1223 1778 1252 πάν-

1013 1282 1079 1304 των,
1097 1282 1141 1299 και
1155 1269 1230 1306 τότε,
1245 1269 1329 1308 ‘Yttsp
1350 1269 1488 1308 βασιλευν.
1502 1271 1534 1298 Ei
1548 1269 1598 1309 γὰρ
1611 1273 1699 1305 εἶπεν,
1712 1268 1777 1307 ὑπὲρ

1015 1315 1143 1353 βασιλέων
1160 1315 1245 1353 μόνων
1255 1336 1262 1349 ,
1277 1314 1339 1347 ἴσως
1360 1314 1390 1343 ἄν
1405 1327 1444 1347 τις
1464 1318 1539 1343 τοῦτο
1555 1315 1694 1353 ὑπέλαβεν.
1709 1309 1777 1343 Εἶτα

1012 1361 1102 1395 ἐπειδὴ
1123 1361 1190 1393 εἰκὸς
1211 1356 1243 1395 ἦν
1266 1359 1313 1395 τὴν
1336 1363 1380 1388 τοῦ
1396 1361 1554 1399 Χριστιανοῧ
1570 1359 1657 1399 ψυχὴν
1679 1365 1776 1399 ναρκᾷν

1012 1410 1094 1435 ταῦτα
1106 1406 1246 1435 ἀκούουσαν
1255 1428 1262 1441 ,
1275 1405 1319 1434 καὶ
1332 1406 1368 1442 μὴ
1381 1406 1534 1443 προσίεσθαι
1545 1406 1594 1440 τὴν
1607 1405 1760 1445 παραίνεσιν
1769 1429 1776 1441 ,

1012 1451 1036 1479 εἴ
1044 1463 1073 1490 γε
1085 1451 1149 1489 ὑπὲρ
1162 1453 1206 1479 τοῦ
1217 1450 1348 1486 ἽΞλληνος
1358 1452 1383 1479 ἐν
1393 1453 1430 1489 τῷ
1442 1452 1492 1478 τῶν
1506 1450 1657 1489 μυστηρίων
1670 1451 1708 1479 δεῖ
1719 1463 1776 1479 και-

1013 1498 1049 1534 ρῷ
1064 1496 1164 1530 δεήσεις
1178 1496 1349 1535 προσφέρειν,
1362 1496 1410 1535 ὅρα
1422 1495 1446 1523 τί
1461 1508 1540 1534 φησι,
1556 1496 1600 1524 καὶ
1617 1497 1673 1528 πῶς
1689 1496 1775 1531 τίθησι

1010 1541 1040 1569 τὸ
1055 1541 1160 1579 κέρδος,
1175 1541 1217 1569 ἵνα
1238 1541 1287 1569 κᾶν
1309 1541 1375 1570 οὕτω
1394 1541 1452 1579 δέξῃ
1475 1541 1522 1576 τὴν
1537 1541 1699 1581 παραίνεσιν.
1718 1541 1776 1570 Ἵνα

1010 1586 1117 1625 ἤρεμον,
1129 1587 1206 1625 φησὶ,
1219 1587 1263 1614 καὶ
1275 1586 1386 1625 ἡσύχιον
1400 1586 1454 1624 βίον
1470 1586 1611 1624 διάγωμεν.
1623 1587 1775 1623 Τουτέστιν,

1009 1634 1025 1667 ἡ
1043 1632 1148 1660 ἐκείνων
1163 1631 1281 1670 σωτηρία
1292 1633 1367 1669 ἡμῶν
1381 1631 1525 1671 ἀμεριμνία
1539 1632 1669 1670 ὑπάρχει·
1684 1631 1775 1671 ὥσπερ

1009 1677 1053 1705 καὶ
1073 1679 1098 1706 ἐν
1111 1679 1143 1715 τῇ
1159 1676 1222 1716 πρὸς
1237 1676 1385 1715 Ῥωμαίους
1399 1678 1539 1716 ἐπιστολῇ,
1555 1676 1709 1717 προτρέπων
1723 1678 1773 1706 αὐ-

1008 1722 1066 1755 τους
1080 1722 1213 1751 πείθεσθαι
1228 1727 1280 1754 τοῖς
1293 1723 1421 1761 ἄρχουσι,
1434 1722 1531 1761 φησίν·
1548 1723 1580 1751 Εἰ
1602 1722 1638 1761 μὴ
1661 1723 1704 1752 διὰ
1725 1722 1773 1758 τὴν

1009 1768 1139 1806 ἀνάγκην,
1155 1767 1223 1796 ἀλλὰ
1244 1767 1287 1796 διὰ
1305 1768 1352 1802 τὴν
1370 1767 1525 1802 συνείδη.σιν
1542 1767 1576 1796 'O
1591 1768 1642 1806 γὰρ
1656 1769 1724 1800 Θεὸς
1738 1770 1774 1800 εἷς

1008 1813 1038 1842 τὸ
1058 1825 1131 1852 κοινῃ
1156 1814 1287 1853 χρήσιμον
1303 1813 1349 1846 τας
1374 1814 1457 1852 ἀργὰς
1481 1812 1626 1845 διετάξατο.
1644 1815 1707 1846 Πως
1728 1816 1772 1842 οὖν

1009 1860 1054 1887 οὐκ
1066 1859 1161 1888 ἄτοπον
1173 1859 1264 1892 αὐτους
1276 1859 1322 1897 μὲν
1335 1858 1399 1896 ὑπὲρ
1411 1858 1501 1887 τούτου
1515 1858 1714 1897 στρατεύεσθαι,
1727 1859 1772 1887 καὶ

1008 1904 1041 1933 τὰ
1056 1904 1125 1933 ὅπλα
1136 1904 1267 1939 τίθεσθαι,
1280 1905 1313 1932 ἵν’
1329 1906 1405 1941 ἡμεῖς
1422 1905 1447 1932 ἐν
1469 1903 1543 1942 ἀδείᾳ
1555 1899 1626 1941 ὦμεν
1637 1915 1643 1921 ·
1660 1906 1730 1943 ἡμᾶς
1745 1905 1771 1933 δὲ

1010 1951 1076 1989 μηδὲ
1100 1950 1166 1989 ὑπὲρ
1188 1952 1239 1978 τῶν
1263 1950 1459 1978 κινδυνευόντων
1488 1949 1533 1978 καὶ
1561 1950 1771 1988 στρατευομένων

1009 1999 1141 2026 ποιεῖσθαι
1153 1996 1269 2031 ὃεήσεις;
1281 1995 1363 2024 εὨ-στε
1376 1996 1404 2023 οὐ
1417 1995 1541 2024 κολακεία
1555 1996 1610 2024 ἐστὶ
1617 1995 1773 2035 τὸπρᾶγμα,

1009 2042 1077 2071 ἀλλὰ
1091 2042 1160 2071 κατὰ
1175 2042 1218 2070 τὸν
1233 2044 1277 2070 τοῦ
1292 2041 1393 2070 δικαίου
1408 2041 1506 2080 γίνεται
1521 2042 1607 2080 λόγον.
1622 2043 1655 2070 Εἰ
1669 2041 1720 2081 γὰρ
1736 2041 1772 2079 μὴ

1009 2087 1148 2123 ἐσώζοντο,
1164 2087 1230 2125 μηδὲ
1243 2087 1394 2124 εὐδοκίμουν
1407 2089 1432 2115 ἐν
1449 2091 1502 2119 τοῖς
1517 2087 1654 2125 πολέμοις,
1671 2087 1772 2125 ἀνάγκη

1008 2133 1053 2162 καὶ
1066 2133 1098 2162 τὰ
1110 2133 1227 2171 ἡμέτερα
1241 2134 1266 2161 ἐν
1278 2137 1408 2171 ταραχαῖς
1420 2128 1486 2161 εἶναι
1496 2132 1540 2161 καὶ
1552 2132 1668 2171 θορύὸοις
1677 2144 1683 2150 ·
1694 2132 1710 2167 ἢ
1722 2133 1773 2172 γὰρ

1009 2179 1054 2207 καὶ
1070 2178 1160 2211 αὐτοὺς
1182 2181 1253 2216 ἡμᾶς
1276 2177 1461 2216 στρατεύεσθαι
1483 2177 1547 2212 ἔδει,
1570 2178 1771 2207 κατακοπέντων

1009 2224 1123 2259 ἐκείνων,
1134 2225 1151 2259 ἢ
1163 2224 1264 2263 φεύγειν
1277 2226 1413 2262 πανταχοῦ
1424 2223 1468 2252 καὶ
1478 2225 1635 2252 πλανᾶσθαι.
1646 2223 1771 2263 Καθάπερ

1008 2270 1059 2309 γὰρ
1081 2270 1206 2310 πρόὸολοί
1227 2269 1294 2302 τινές
1315 2270 1380 2302 εἶσι,
1396 2269 1472 2307 φησὶ,
1487 2269 1712 2308 προὸεὸλημένοι,
1726 2270 1770 2297 καὶ

1007 2315 1065 2349 τοὺς
1075 2316 1145 2345 ἔνδον
1157 2317 1182 2344 ἐν
1193 2315 1282 2355 εἰρήνῃ
1291 2314 1471 2354 φυλάττοντες.
1481 2315 1599 2351 Δεήσεις,
1609 2314 1682 2354 φησὶ,
1691 2326 1770 2353 προσ-

1007 2362 1101 2400 ευχὰς,
1123 2360 1259 2395 ἐντεύξεις,
1277 2360 1452 2398 εὐχαριστίας.
1467 2361 1513 2388 Δεῖ
1533 2360 1584 2398 γὰρ
1607 2360 1769 2399 εὖχαριστεῑν

1006 2410 1043 2446 τῷ
1058 2408 1120 2445 Θεῷ
1137 2406 1181 2434 καὶ
1197 2405 1262 2444 ὑπὲρ
1276 2406 1327 2433 τῶν
1341 2406 1376 2437 εἷς
1389 2405 1481 2437 ἄλλους
1492 2404 1637 2443 γενομένων
1653 2406 1767 2442 ἀγαθῶν,

1006 2448 1057 2480 οἷον
1073 2452 1113 2481 ὅτι
1127 2452 1170 2480 τὸν
1183 2451 1255 2486 ἥλιον
1271 2449 1406 2478 ἀνατέλλει
1424 2449 1466 2478 ε’πὶ
1481 2449 1608 2488 πονηροὺς
1630 2448 1675 2477 καὶ
1699 2451 1767 2487 ἀγα-

1005 2497 1076 2531 θοὺς,
1095 2496 1134 2525 ὅτι
1149 2496 1240 2535 βρέχει
1254 2495 1297 2524 ἐπὶ
1313 2494 1426 2527 δικαίους
1440 2494 1485 2523 καὶ
1505 2494 1615 2526 ἀδίκους.
1631 2493 1712 2533 εΟρδξς
1726 2494 1765 2523 ὅτι

1003 2544 1031 2571 οὗ
1048 2543 1125 2581 μόνον
1141 2542 1183 2571 διὰ
1205 2544 1250 2576 τ’ῆς
1273 2542 1367 2579 εὐχῆς,
1387 2540 1453 2569 ἀλλὰ
1471 2540 1514 2568 καὶ
1532 2539 1573 2568 διὰ
1588 2541 1634 2575 τῆς
1658 2541 1765 2577 εὐχαρι-
