1893 2860
364 168 521 190 MONtTUM
552 168 595 189 AD
625 170 744 193 ttmttt„
776 171 807 193 ΙΝ
838 171 922 193 013,Χὸ
951 169 1058 193 EPIST.
1091 170 1133 192 AD
1163 168 1373 192 THESSALON.
1593 159 1657 204 1591

665 408 1081 471 MONITUM

394 572 456 609 AD
486 573 709 610 IIOMILIAS
739 574 775 608 S.
804 573 997 608 JOANNIS
1024 572 1356 608 CHRYSOSTOMI

270 712 307 740 IN
331 713 480 741 PRIMAM
504 712 553 741 ET
577 712 780 741 SECLTNDAM
805 711 1009 740 EPISTOLAS
1032 711 1080 739 AD
1104 709 1491 740 THESSALONICENSES.

130 857 184 887 Has
199 869 306 897 quoque
319 858 505 898 Chrysostomi
523 858 549 886 in
575 857 711 897 Epistulas
732 856 767 886 ad
782 856 1031 885 Thessalonicenses
1055 856 1182 885 homilias
1205 856 1438 896 Constantinopoli
1461 854 1567 885 habitas
1588 856 1669 885 fuisse

89 906 145 945 ipse
157 906 326 935 concionator
342 906 460 934 insinuat
480 915 543 933 cum
558 905 624 933 dicit
641 904 754 933 homilia
768 912 863 933 octava
876 904 902 932 in
916 904 1033 943 primam
1047 903 1200 943 Epistolam
1221 904 1291 932 circa
1306 903 1387 932 finem
1405 915 1410 931 :
1428 903 1481 942 ἐγὼ
1504 904 1530 932 δὲ
1551 904 1596 932 καὶ
1622 907 1669 939 τῆς

86 953 250 993 προστασίας
263 953 362 987 ταύτης
376 953 483 984 εὐθύνας
494 952 580 991 ὑφέξω
594 964 599 969 ·
616 953 685 981 ὥστε
703 952 819 990 μάλιστα
832 952 938 981 πάντων
954 951 1001 989 ἐμὲ
1016 952 1151 990 διαφυγεῖν
1165 951 1293 980 ἀδύνατον
1307 963 1314 978 .·
1329 951 1393 990 Ego
1413 957 1511 979 autem
1527 953 1670 979 obnoxius

89 1011 153 1029 sum
163 1001 318 1028 reddendoe
332 1002 442 1028 rationi
454 1001 540 1039 hujus
554 1000 757 1039 prtefeclurae;
771 1001 815 1028 ita
827 1006 858 1028 ut
873 1010 924 1038 ego
938 1001 1066 1027 omnium
1079 1000 1208 1027 maxime
1222 999 1357 1038 effugere
1374 1009 1528 1036 nequeam.
1545 997 1666 1026 Homilia

89 1058 150 1076 vero
166 1055 261 1086 quarta
277 1047 310 1076 ad
325 1047 469 1076 secundam
484 1047 519 1075 ad
535 1047 786 1076 Thessalonicenses
797 1047 949 1086 Epistolam
968 1046 1089 1085 idipsum
1101 1046 1171 1074 clare
1185 1046 1312 1074 enuntiat
1336 1045 1378 1074 his
1404 1045 1495 1075 verbis
1508 1057 1514 1072 :
1530 1046 1670 1085 σφοδρότε-

90 1107 132 1134 ρον
148 1095 207 1124 καθ’
222 1097 297 1133 ἡμῶν
312 1098 325 1124 ὁ
339 1095 460 1127 διάὸολος
473 1095 618 1127 ὁπλίζεταν..
635 1094 687 1123 Καὶ
703 1095 754 1133 γὰρ
770 1097 795 1124 ἐν
810 1100 863 1127 τοῖς
878 1094 1004 1132 πολέμοις
1020 1094 1072 1133 πρὸ
1086 1096 1138 1122 τῶν
1156 1093 1244 1122 ἄλλων
1262 1093 1387 1122 ἁπάντων
1400 1093 1443 1122 τὸν
1459 1093 1609 1132 στρατηγὸν
1621 1104 1669 1120 κα-

88 1142 214 1171 mosam
227 1145 240 1171 ὁ
257 1143 289 1170 δι’
306 1142 425 1175 ἐναντίας
442 1143 574 1181 ἐπιχειρεῖ
588 1153 594 1169 :
609 1141 780 1170 Adversum
801 1152 852 1170 nos
874 1142 1012 1170 diabolus
1033 1147 1169 1169 armatur
1182 1141 1386 1169 vehementius
1407 1152 1415 1167 :
1437 1142 1468 1168 in
1491 1140 1575 1168 bellis
1590 1141 1668 1168 enim

89 1195 160 1218 ante
173 1189 249 1217 alios
262 1199 361 1217 omnes
377 1190 447 1217 belli
458 1190 560 1217 ducem
568 1196 698 1217 sternere
708 1196 835 1217 conatur
846 1190 1046 1218 adversarius.

130 1235 486 1275 Constantinopolitanorum
498 1246 561 1274 ergo
576 1235 642 1263 vitia
658 1235 757 1274 passim
770 1236 935 1274 perstringit,
951 1235 977 1263 in
991 1235 1104 1273 illosque
1111 1234 1379 1264 maximeinvehitur
1389 1257 1397 1272 ‚
1414 1233 1461 1273 qui
1473 1233 1670 1263 incantationi—

89 1281 151 1318 bus,
165 1281 342 1320 ligaminibus
365 1291 396 1309 ac
419 1281 583 1310 divinationi
599 1291 709 1320 operam
730 1281 840 1310 dabant.
860 1282 1019 1310 Theatralia
1042 1281 1193 1321 spectacula
1209 1281 1373 1320 proseribit;
1391 1291 1439 1309 nec
1461 1281 1561 1320 injuria
1579 1288 1649 1309 certe
1664 1293 1669 1308 z

91 1328 154 1357 talia
167 1329 237 1357 enim
248 1329 441 1357 oblectamenta
452 1328 479 1356 in
494 1329 641 1368 perniciem
657 1336 682 1357 et
692 1330 826 1368 juvenum
841 1336 867 1358 et
879 1330 1002 1358 virorum
1018 1340 1124 1369 semper
1135 1329 1253 1365 cedunt;
1269 1330 1388 1357 maxime
1402 1339 1467 1357 vero
1480 1328 1671 1357 Constantino-

91 1375 162 1414 poli,
173 1374 219 1402 ubi
229 1374 306 1403 nudae
322 1374 448 1402 mulieres
463 1374 489 1402 in
505 1385 583 1402 scena
597 1375 798 1413 comparebant.
813 1375 904 1410 Quam
919 1381 1021 1414 pestem
1032 1382 1061 1403 ut
1073 1381 1206 1410 amoveat,
1220 1373 1289 1402 nihil
1300 1384 1353 1402 non
1368 1374 1424 1413 agit
1439 1380 1546 1402 sanctus
1558 1374 1672 1403 antistes

90 1422 203 1451 homilia
219 1423 312 1460 quinta
323 1429 348 1451 et
363 1422 390 1450 in
406 1421 466 1450 aliis
481 1423 560 1450 etiam
571 1433 631 1460 quae
642 1422 787 1461 praemissae
799 1423 873 1451 fuere
889 1422 1073 1451 concionibus.

131 1470 225 1509 Carpit
238 1470 318 1499 etiam
332 1470 404 1503 illos,
419 1470 465 1508 qui
488 1469 572 1498 nimio
585 1470 659 1498 luctu
671 1470 812 1499 defunctos
822 1470 1054 1509 prosequebantur
1070 1481 1076 1497 ε
1093 1469 1154 1498 illos
1168 1479 1233 1498 vero
1247 1479 1308 1497 cum
1323 1469 1420 1508 primis
1434 1468 1478 1506 qui
1497 1468 1673 1497 resurrectio-

90 1528 150 1546 nem
165 1517 268 1545 nnllam
290 1518 346 1546 fore
362 1516 515 1547 credebant.
534 1518 610 1553 Quos
625 1516 691 1545 alibi
704 1517 786 1545 etiam
798 1539 806 1554 ,
825 1517 911 1545 sicubi
927 1517 1031 1545 occasio
1043 1517 1145 1545 seratur
1159 1538 1166 1549 ‚
1183 1515 1312 1555 exagitat.
1325 1515 1483 1544 Verisimile
1500 1526 1615 1554 namque
1634 1523 1673 1544 est

91 1565 190 1594 multos
205 1564 561 1604 constantinopolitanorum
582 1565 721 1604 putavisse
736 1565 855 1593 animam
871 1564 957 1604 ipsam
981 1564 1120 1603 exstingui
1143 1574 1205 1592 cum
1226 1573 1356 1603 corpore:
1373 1574 1425 1601 qua
1444 1563 1524 1591 semel
1546 1570 1672 1602 concepta

91 1613 232 1650 sententia,
249 1612 283 1641 ad
299 1612 397 1641 scelera
415 1612 517 1651 quaevis
534 1613 655 1652 aperitur
667 1612 765 1641 ostium
775 1612 816 1641 vel
833 1613 995 1642 maximum.

134 1661 173 1689 De
186 1660 366 1690 Sodomorum
377 1660 448 1697 lacu,
466 1671 545 1698 quem
562 1660 729 1700 Asphaltiten
744 1667 853 1697 vocant,
868 1667 891 1689 et
906 1660 940 1689 de
952 1660 1085 1688 fructibus
1103 1659 1149 1698 qui
1162 1659 1266 1688 circum
1281 1658 1420 1694 visuntur,
1437 1658 1586 1697 singularia
1599 1669 1673 1696 (μιξε-

91 1707 153 1735 dam
169 1714 293 1744 recenset,
306 1708 449 1746 omniaque
460 1707 536 1745 quasi
552 1706 700 1735 certissima
715 1713 795 1745 atque
810 1707 951 1746 explorata
964 1706 1096 1735 enuntiat.

134 1752 252 1780 Homilia
263 1759 353 1781 autem
366 1759 461 1791 quarta
474 1753 500 1781 in
517 1752 661 1782 secundam
678 1753 829 1792 Epistolam
841 1754 972 1782 Neronem
987 1751 1145 1781 Antichristi
1159 1758 1257 1790 typum
1266 1761 1322 1779 esse
1333 1750 1410 1786 dicit,
1423 1757 1552 1790 putatque
1562 1762 1576 1779 a
1588 1751 1673 1780 Paulo

92 1799 202 1839 przedici
218 1800 371 1839 proximam
383 1800 497 1829 Romani
519 1800 627 1840 imperii
640 1800 818 1829 eversionem.

132 1847 251 1875 Homilia
266 1847 359 1885 quinta
374 1847 400 1875 in
416 1847 560 1876 secundam
576 1847 642 1875 dicit
657 1858 684 1876 se
699 1848 779 1876 semel
791 1854 837 1875 aut
851 1847 893 1876 bis
908 1854 1014 1875 tantum
1026 1847 1052 1875 in
1071 1856 1162 1875 mense
1174 1845 1327 1874 concionari
1343 1851 1369 1873 et
1383 1844 1530 1882 aliquando
1543 1854 1576 1872 ne
1592 1845 1673 1873 semel

93 1894 213 1932 quidem.
223 1894 303 1930 Quod
315 1895 349 1923 de
363 1894 489 1923 Homiliis
500 1895 527 1923 in
539 1895 691 1934 Epistolam
703 1895 736 1923 ad
751 1895 920 1924 Colossenscs
928 1894 1060 1929 diximus,
1074 1903 1169 1932 nempe
1181 1893 1283 1932 stylum
1293 1899 1318 1920 et
1328 1892 1485 1920 intercisum
1493 1899 1517 1920 et
1527 1891 1671 1920 obscurum

94 1951 160 1977 esse,
177 1941 228 1969 hoc
244 1941 324 1969 etiam
337 1941 364 1969 in
377 1941 420 1969 his
431 1941 605 1969 concionibus
617 1941 803 1970 observamus.
818 1942 938 1970 Instante
952 1940 1054 1979 quippe
1066 1946 1139 1967 tanta
1154 1938 1326 1977 negotiorum
1340 1937 1419 1973 mole,
1442 1944 1572 1976 quantam
1590 1948 1673 1976 expe-

95 1986 143 2014 riri
157 1997 206 2024 par
220 1993 275 2014 erat
290 1986 418 2015 Ecclesiae
431 1986 732 2026 Constantinopolitanae
746 1987 893 2016 antistitem
914 1994 996 2024 atque
1007 1985 1176 2025 praefectum,
1193 1984 1278 2013 multa
1292 1984 1318 2012 in
1329 1991 1437 2023 promtu
1451 1994 1482 2012 ac
1497 1983 1553 2012 sine
1567 1982 1672 2012 delectu

96 2032 214 2071 proferre
228 2033 372 2072 cogebatur
386 2039 485 2061 orator.

136 2080 383 2119 Interpretationem
398 2080 521 2109 Latinam
534 2081 659 2110 Gentiani
674 2081 783 2111 Herveti
794 2082 888 2110 multis
904 2082 930 2110 in
945 2081 1010 2110 locis
1027 2079 1237 2118 castigavimus.

679 2304 1173 2320 Ἑζρᾂῠομ

247 2581 314 2598 [ΗΜ.
340 2581 380 2598 xl.

1495 2571 1512 2597 Cat

1515 2572 1533 2598 :11

1679 448 1714 466 1⁴22«
