1893 2860
115 583 181 604 Hdw.
194 580 252 611 124.

119 636 137 649 ι.
150 629 205 649 Car.
221 634 253 649 ιο.

118 661 152 681 ι].

127 2464 243 2491 Scriptura

130 2502 194 2515 sacra
208 2494 240 2514 le-

130 2525 213 2553 gendae.

265 194 333 237 450
613 204 641 226 s.

265 267 376 295 Ιιεὼι1)ἱ5
392 264 614 299 ιοιι5υ13ιίοιιοιιις
629 270 653 291 et
669 262 744 302 ¹apud
766 270 790 292 te
807 269 910 302 mptum,
934 262 1001 300 quid

265 313 286 340 si
312 313 338 339 in
364 310 434 338 bello
447 316 513 337 essct
528 286 672 337 moiuius'¹
695 308 761 346 quid
785 309 806 336 si
829 308 854 336 in
879 308 963 345 igne?
977 314 1002 336 et

264 349 396 388 quidquid
414 348 482 387 passi
499 348 784 386 sueiimus,g··1avioia
799 347 956 386 cogitemus,
978 353 1003 375 et

264 397 300 423 >ic
315 396 491 423 sunit-iontem
507 394 665 422 habebimus
680 394 905 429 consolationcm3
923 400 948 422 ct
959 403 1003 422 cos

263 441 310 478 qui
334 441 457 478 graviora
472 440 542 478 passi
564 446 636 472 sunt,
658 450 763 479 semper
783 439 1001 475 consi(lcrcmus;

264 497 363 515 necnon
386 486 407 514 si
433 485 483 525 ipsi
499 486 623 523 graviora
637 485 780 524 aliquando
803 485 873 524 passi
898 495 1001 513 sumus.

264 533 309 561 sic
332 532 412 559 ctiam
435 531 557 559 hortatur
581 531 680 559 Paulus
698 554 706 567 ,
728 538 756 559 ut
782 530 890 569 quando
913 530 980 559 dicit

266 577 402 606 Nondum
414 587 504 615 usque
513 578 554 605 ad
563 579 734 616 sanguinem
745 578 890 605 restitistis
901 577 1004 605 adver-

266 635 314 654 sus
327 631 475 664 peccatum
493 625 693 657 decertantes;
706 631 731 652 ct
747 634 850 659 rursus,
870 625 1004 652 Tentatio

266 681 320 699 ‘vos
343 682 400 698 non
416 670 617 709 apprehendit,
641 672 697 698 nisi
722 670 862 698 humana.
886 669 922 697 Iis
942 680 1004 707 crgo

267 728 324 754 quae
342 717 412 756 passi
436 717 564 744 fuerimus
581 715 705 753 graviora
723 715 941 751 consideremus5
965 715 1005 743 in-

266 763 404 791 veniemus
419 762 507 797 cnim;
528 768 553 789 et
571 761 608 789 sic
622 761 722 789 erimus
737 760 816 798 grati.
835 763 903 788 Aule
917 760 1005 788 omnia

266 814 366 843 autem,
386 814 494 846 propter
509 806 598 835 omnia
622 805 729 834 assidue
744 807 842 844 gratias
867 816 978 843 agamus
997 817 1005 833 .-

267 853 304 881 sic
317 853 387 881 enim
399 859 424 880 et
439 852 494 880 haec
511 851 659 886 cessabunt,
672 858 697 879 et
710 861 756 879 nos
774 850 809 878 ad
824 851 875 878 Dei
893 850 1006 888 gloriam

267 898 399 933 vivemus,
423 904 448 925 et
471 897 540 925 bona
565 896 695 935 promissa
719 906 891 933 assequemur
914 909 918 922 z
946 907 1005 933 quae

264 943 342 971 detur
357 943 433 971 nobis
447 942 551 979 assequi
566 941 651 980 gratia
666 948 689 969 et
707 941 880 979 benignitate,
896 947 944 969 etc.

671 202 809 225 somnus
836 202 1015 225 CHRYSOST.

1046 202 1186 226 ARcmEP
1193 219 1199 226 .
1228 204 1354 227 CONSTA
1360 205 1480 228 N'rnx'op
1487 220 1494 227 ι

1056 266 1267 302 περισκοπῶμεν,
1280 266 1324 294 καὶ
1340 268 1363 294 εἰ
1374 267 1447 295 αὐτοὶ
1460 266 1589 306 βαρύτερα
1602 265 1733 304 ἐπάθομέν
1745 277 1817 294 ποτε.

1057 308 1135 337 Οὕτω
1155 310 1199 338 καὶ
1214 310 1319 343 Παῦλος
1332 312 1488 351 προτρέπει,
1505 314 1540 344 ὡς
1558 312 1619 340 ὅταν
1639 311 1701 349 λέγῃ
1713 323 1718 328 ·
1731 310 1816 339 Οὔπω

1058 354 1151 394 μέχρις
1173 355 1283 393 αἵματος
1304 357 1507 392 ἀντικατέστητε
1531 357 1595 395 πρὸς
1614 356 1662 391 τ·>ν
1688 355 1819 395 ἁμαρτίαν

1058 401 1312 438 ἀνταγωνιζόμενοι·
1334 401 1379 429 καὶ
1392 402 1489 437 πάλιν,
1512 402 1693 440 Πειρασμος<
1684 406 1752 439 υμᾶς
1774 402 1820 429 οὐκ

1058 445 1175 484 εἴληφεν,
1191 447 1212 474 εἷ
1225 445 1261 484 μὴ
1277 445 1445 485 ἀνθρώπινος
1459 442 1509 475 Ὡν
1524 451 1566 475 οὖν
1589 447 1620 476 ἂν
1634 447 1776 484 πάθωμεν,
1789 445 1820 473 τὰ

1057 503 1088 530 γε
1078 492 1139 529 ίρω
1165 494 1384 530 περισκοπῢμεν,
1416 492 1559 531 εὓρησομεν
1585 493 1648 531 γὰρ,
1672 493 1718 521 καὶ
1741 491 1822 524 οὕτως

993 552 1001 566 9
1031 535 1039 549 ³
1058 537 1170 574 ἐσόμεθα
1192 537 1349 576 εὐχάριστοι.
1368 537 1426 576 Πρὸ
1449 537 1476 566 δὲ
1498 538 1603 566 πάντων
1624 539 1821 577 εὖχαριστῶμεν

1058 583 1102 611 ἐπὶ
1116 588 1182 612 πᾶσι
1198 583 1322 618 διηνεκῶς
1334 595 1340 600 ·
1356 582 1422 611 οὕτω
1437 583 1488 622 γὰρ
1509 583 1553 611 καὶ
1573 587 1655 611 ταῦτα
1676 583 1822 617 παύσεται,

1059 628 1103 656 καὶ
1115 631 1190 666 ιἡμεῖς
1205 630 1241 660 εἷς
1253 628 1326 660 δόξαν
1337 629 1406 657 Θεοῦ
1422 628 1533 666 ζήσομεν
1543 650 1550 663 ,
1565 628 1610 656 καὶ
1623 630 1674 656 τῶν
1695 628 1823 666 ἐπηγγελ-

1061 674 1146 712 μένων
1173 675 1276 712 ἀγαθῶν
1304 673 1493 712 ἐπιτευξόμεῡα
1509 685 1514 690 ·
1540 669 1575 701 ὧν
1601 673 1701 712 γένοιτο
1724 673 1824 705 πάντας

1060 722 1131 757 ἡμᾶς
1145 722 1293 758 ἐπιτυχεῖν,
1308 719 1397 759 χάριτι
1415 719 1459 748 καὶ
1475 718 1666 758 φιλανθρωπίᾳ.

524 1146 684 1175 HOMILIA
701 1145 754 1174 IX.

266 1248 332 1276 Cn.
345 1248 394 1276 111.
403 1258 429 1276 v.
442 1248 487 1276 16.
500 1247 622 1275 Verbum
637 1247 747 1275 Christi
756 1246 868 1273 habitet
880 1247 911 1273 in
923 1246 1008 1273 vobis

304 1294 500 1329 abundanter,
515 1295 545 1320 in
563 1294 643 1320 omni
669 1293 815 1330 sapientia
830 1291 965 1319 docentes
981 1296 1008 1318 et

300 1347 512 1368 commonentes
522 1350 575 1367 vos
587 1341 663 1378 ipsos
674 1341 705 1366 in
714 1339 837 1377 psalmis
849 1344 876 1366 et
889 1339 1009 1374 hymnis

305 1393 332 1414 et
347 1388 469 1414 canticis
489 1386 702 1424 spiritualibus,
715 1387 747 1412 in
769 1386 866 1423 gratia
885 1390 1010 1412 cantan-

307 1438 347 1460 tes
358 1434 389 1460 in
402 1432 536 1460 cordibus
548 1433 655 1459 vestris
667 1432 810 1459 Domino:
825 1431 871 1459 17,
885 1437 913 1458 et
927 1440 1011 1458 omne

307 1479 508 1516 quodcumque
528 1478 631 1515 facitis
653 1479 684 1504 in
705 1478 796 1504 verbo
814 1483 865 1504 aut
878 1478 908 1503 in
920 1486 1011 1514 opere,

307 1525 406 1551 omnia
417 1525 447 1550 in
458 1525 574 1550 nomine
583 1523 705 1550 Domini
715 1523 807 1549 nostri
815 1522 886 1549 Jesu
894 1522 1012 1557 Christi,

306 1570 419 1608 gratias
434 1574 551 1607 agentes
567 1568 628 1596 Deo
640 1574 666 1595 et
683 1568 768 1595 Patri
779 1569 942 1605 peripsum.

310 1672 336 1698 1.
355 1671 425 1699 Cum
438 1669 564 1698 suasisset
584 1680 640 1698 esse
661 1675 759 1708 gratos,
782 1668 856 1697 viam
881 1667 1008 1696 ostendit.

269 1717 357 1752 Quam
377 1716 474 1744 illam?
491 1717 531 1744 De
545 1726 598 1753 qua
619 1725 667 1744 nos
684 1714 825 1744 vobiscum
840 1714 914 1753 prius
927 1713 1011 1742 disse-

269 1763 382 1791 ruimus.
398 1761 473 1796 Quid
491 1761 582 1789 dicens
594 1761 607 1788 Ξ)
632 1762 756 1789 Verbum
771 1761 881 1788 Christi
899 1761 1011 1788 habitet

269 1810 300 1835 in
312 1809 395 1835 vobis
409 1806 606 1834 abundanter.
620 1806 677 1833 lmo
688 1815 751 1834 vero
764 1815 816 1833 non
828 1804 898 1832 hanc
911 1805 1009 1839 solum,

269 1853 315 1882 sed
336 1853 414 1881 etiam
440 1852 531 1880 aliam.
558 1852 628 1880 Nam
650 1861 699 1889 ego
720 1851 830 1889 quidem
845 1850 916 1887 dixi,
938 1851 1012 1889 quod

269 1905 372 1938 oportet
381 1909 424 1927 eos
436 1898 516 1926 etiam
524 1907 658 1926 recensere
669 1897 716 1934 qui
726 1897 851 1935 graviora
861 1897 931 1936 passi
941 1904 1012 1933 sunt,

269 1951 294 1973 et
309 1944 398 1972 animo
412 1954 518 1972 versare
539 1953 583 1970 eos
598 1942 645 1980 qui
665 1942 849 1970 sustinuerunt
869 1953 900 1970 ac
915 1942 1013 1970 tolera-

270 1997 332 2019 runt
346 1989 469 2029 graviora
486 1999 566 2027 quam
581 1999 639 2023 nos,
652 1995 677 2016 et
693 1988 791 2026 gratias
806 1999 884 2026 agere
896 1988 968 2026 quod
980 1988 1013 2017 il-

269 2038 295 2066 la
314 2048 365 2066 non
382 2037 533 2066 evenerint:
548 2036 605 2075 ipse
618 2046 682 2064 vero
696 2035 763 2074 quid
777 2035 868 2064 dicit?
887 2037 1014 2064 Verbum

272 2086 382 2113 Christi
393 2085 505 2111 habitet
519 2085 550 2110 in
571 2084 656 2110 vobis
673 2083 885 2115 abundantem
901 2083 952 2110 hoc
964 2089 1013 2120 est,

271 2130 402 2166 doctrina,
420 2129 562 2168 dogmata,
579 2128 744 2164 admonitio,
766 2128 794 2156 in
818 2128 917 2166 quihus
931 2128 1016 2157 vitam

272 2183 429 2217 praesentem
452 2175 521 2203 nihil
544 2185 599 2203 esse
615 2174 690 2210 dicit,
705 2185 790 2212 neque
811 2175 868 2213 ejus
883 2174 961 2203 bona.
985 2175 1014 2203 Si

273 2222 343 2251 enim
356 2223 413 2250 haec
427 2220 584 2255 viderimus,
602 2220 673 2248 nulli
685 2231 718 2248 ex
729 2220 762 2248 iis
778 2230 836 2258 quae
849 2227 911 2248 sunt
922 2231 1015 2259 aspera

274 2275 299 2296 et
315 2266 439 2296 difficilia
453 2265 586 2294 cedemus.
605 2266 765 2301 Inhabitet,
785 2265 882 2303 inquit,
905 2269 936 2293 in
957 2276 1014 2294 vo-

276 2316 317 2342 bis
337 2313 531 2342 abundanter.
555 2312 615 2340 Non
632 2311 719 2339 solum
733 2310 815 2346 dixit,
835 2310 954 2347 Habitet,
969 2311 1016 2340 sed

276 2360 355 2388 etiam
370 2369 430 2387 cum
443 2367 538 2396 magna
553 2356 726 2384 abundantia,
742 2356 840 2384 Audite
854 2355 1017 2394 quicumque

277 2403 338 2430 estis
356 2401 494 2438 mundani,
516 2407 541 2429 et
557 2400 636 2429 uxori
651 2399 770 2439 protestis
786 2407 811 2428 et
824 2399 927 2434 liberis,
945 2410 1016 2438 quo—
1033 2404 1052 2426 D

279 2448 358 2478 modo
374 2447 449 2475 vobis
473 2457 578 2484 quoque
593 2446 710 2474 maxime
724 2445 831 2474 mandet
845 2446 932 2484 legere
945 2446 1017 2474 Scri-

281 2501 383 2534 pturas,
395 2499 419 2520 et
431 2502 481 2520 non
495 2491 588 2521 leviter
602 2502 649 2520 nec
667 2498 771 2528 temere,
788 2491 835 2520 sed
851 2501 947 2529 magno
961 2497 1017 2519 stu—

281 2540 328 2568 dio
340 2549 371 2566 ac
380 2537 530 2576 diligentia.
545 2538 614 2565 Nam
624 2537 693 2565 sicut
706 2537 751 2574 qui
764 2543 801 2565 est
812 2536 887 2565 dives
898 2537 924 2565 in
936 2547 1017 2575 pecu-

281 2586 342 2622 niis,
355 2585 421 2614 ferre
433 2590 517 2622 potest
528 2583 656 2611 damnum
668 2590 691 2611 et
705 2583 953 2612 condemnationem
966 2594 971 2610 :
984 2582 1019 2611 itai

1019 1144 1054 1164 ³90

1355 1149 1489 1177 ΟΜΙΑΙΑ
1511 1148 1544 1177 θ’,

1061 1245 1094 1275 ‘O
1106 1246 1182 1285 λόγος
1201 1248 1246 1274 τοῦ
1267 1247 1381 1286 Χριστοῦ
1403 1246 1534 1275 ἐνοικείτω
1553 1248 1579 1275 ἐν
1598 1248 1659 1284 ὑμῖν
1680 1246 1828 1283 πλουσίως,

1100 1293 1126 1320 ἐν
1142 1292 1214 1330 πάσῃ
1234 1293 1310 1331 σοφία
1326 1293 1490 1325 διδασκόντες
1505 1292 1550 1321 καὶ
1567 1295 1742 1324 νουθετοῦντες
1765 1294 1826 1320 ἑαυ-

1100 1337 1159 1370 τοὺς
1173 1339 1287 1376 ψαλμοῖς
1300 1339 1345 1366 καὶ
1358 1338 1447 1376 ὕμνοις
1456 1359 1463 1371 ,
1479 1338 1523 1366 καὶ
1537 1338 1617 1377 ᾠδαῖς
1630 1342 1830 1376 πνευματικαῖς,

1102 1385 1128 1412 ἐν
1143 1383 1234 1423 χάριτι
1247 1384 1351 1422 ᾄδοντες
1374 1385 1399 1411 ἐν
1420 1388 1477 1416 ταῖς
1491 1383 1610 1422 καρδίαις
1624 1385 1697 1421 ὑμῶν
1719 1386 1757 1422 τῷ
1773 1385 1829 1412 Κυ-

1105 1428 1151 1468 ρίῳ
1162 1451 1169 1465 ,
1186 1429 1230 1457 καὶ
1245 1434 1296 1457 πᾶν
1310 1429 1326 1457 δ’
1339 1441 1364 1457 τι
1389 1428 1418 1456 ἂν
1434 1431 1526 1463 ποιῆτε
1546 1431 1572 1457 ἐν
1596 1429 1680 1468 λόγῳ,
1695 1431 1720 1458 ἐν
1743 1429 1830 1468 ἔργῳ,

1103 1475 1190 1503 πάντα
1202 1475 1228 1502 ἐν
1241 1475 1349 1512 ὀνόματι
1361 1478 1405 1503 τοῦ
1419 1474 1514 1514 Κυρίου
1525 1474 1627 1511 Ἰησοῦ,
1642 1476 1830 1514 εὐχαριστοῦν-

1104 1523 1145 1553 τες
1159 1522 1195 1559 τῷ
1211 1521 1274 1559 Θεῷ
1288 1520 1332 1549 καὶ
1348 1521 1436 1558 Πατρὶ
1452 1521 1484 1548 δι’
1501 1521 1590 1549 αὐτοῦ.

1104 1666 1273 1704 Παραινέσας
1296 1665 1464 1704 εὐχαρίστους
1481 1661 1565 1701 εἶναι,
1577 1665 1621 1693 καὶ
1641 1664 1689 1701 τὴν
1703 1665 1761 1694 ὁδὸν
1776 1665 1831 1694 δεί-

1063 1723 1147 1740 κνυσι.
1160 1711 1242 1740 Ποίαν
1261 1710 1292 1746 δὴ
1307 1710 1420 1746 ταύτην;
1435 1710 1488 1738 Ἢν
1503 1711 1596 1749 πρῴην
1607 1713 1684 1748 ἡμεῖς
1697 1710 1832 1749 διελέχθη-

1065 1769 1111 1794 μεν
1132 1757 1197 1795 πρὸς
1216 1759 1292 1794 ὑμᾶς.
1318 1756 1354 1784 Τί
1383 1756 1481 1794 λέγων;
1497 1755 1531 1785 Ὁ
1555 1757 1631 1794 λόγος
1651 1759 1697 1784 τοῦ
1717 1757 1833 1795 Χριστοῦ

1065 1802 1194 1830 ἐνοικείτω
1217 1803 1242 1830 ἐν
1270 1804 1330 1857 ὑμῖν
1352 1801 1493 1833 πλουσίως.
1518 1802 1627 1830 Μᾶλλον
1642 1801 1669 1829 δὲ
1691 1803 1720 1830 οὗ
1736 1801 1834 1836 ταύτην

1066 1848 1154 1885 μόνον,
1171 1847 1239 1876 ἀλλὰ
1253 1858 1297 1875 και
1313 1846 1412 1885 ἑτέραν.
1427 1846 1500 1884 Ἐγω
1516 1858 1564 1884 μεν
1574 1847 1625 1885 γὰρ
1637 1842 1750 1882 εἶπονβ
1733 1859 1773 1875 οτι
1795 1847 1833 1876 δεῖ

1066 1905 1124 1925 τους
1135 1892 1168 1920 τὰ
1181 1892 1312 1931 ὃέῑνοτξρα
1326 1892 1487 1924 πεπονθοῗας
1504 1892 1650 1930 ἀναλέγεῑν,
1662 1892 1707 1921 καὶ
1720 1892 1780 1924 Tou<
1800 1892 1834 1921 τὰ

1066 1937 1240 1976 χαλεπώτερα
1261 1950 1296 1966 ων
1318 1938 1448 1974 ἐπαθου.εν
1470 1938 1662 1975 ὑπομείναντας
1678 1937 1833 1976 ἀναλογίζε-

1068 1985 1143 2018 σθαι,
1158 1995 1202 2011 και
1214 1985 1377 2022 ευχαριστεῖν
1393 1983 1459 2022 ὑπὲρ
1471 1994 1515 2011 του
1532 1983 1569 2020 μὴ
1585 1983 1742 2020 συμὸηναι’
1731 1986 1833 2011 εκεῖνα·

1068 2029 1144 2061 αὐτὸς
1159 2029 1185 2057 δὲ
1201 2029 1226 2057 τί
1238 2040 1330 2068 φησιν;
1342 2028 1376 2057 ‘O
1386 2028 1461 2066 λόγος
1475 2032 1521 2057 τοῦ
1535 2029 1649 2067 Χριστοῦ
1663 2027 1794 2056 ἐνοικείτω
1808 2029 1834 2056 ἐν

1068 2076 1128 2112 ὑμῖν
1144 2074 1290 2107 πλουσίως·
1307 2074 1452 2110 τουτέστιν,
1472 2076 1488 2108 ἡ
1504 2073 1676 2110 διδασκαλία,
1689 2072 1723 2101 τὰ
1734 2073 1835 2111 δόγμα-

1068 2132 1100 2148 τα
1111 2142 1118 2156 ,
1131 2123 1147 2155 ἡ
1164 2119 1331 2159 παραίνεσις,
1348 2121 1373 2147 ἐν
1397 2115 1436 2151 αἷς
1458 2118 1530 2148 οὐδὲν
1553 2118 1601 2154 τὴν
1615 2121 1750 2157 παροῦσαν
1767 2117 1836 2153 ζωὴν

1069 2161 1136 2194 εἷναί
1149 2177 1237 2204 φησιν,
1256 2164 1313 2193 οὐδὲ
1328 2164 1361 2193 τὰ
1372 2164 1468 2199 ταύτης
1491 2164 1587 2202 ἀγαθά.
1601 2163 1666 2192 Ἐὰν
1681 2163 1733 2203 γὰρ
1753 2166 1837 2192 ταῦτα

1068 2211 1178 2248 ἴδωμεν,
1200 2210 1283 2238 οὐδενὶ
1306 2212 1357 2238 τῶν
1386 2210 1517 2248 δυσχερῶν
1545 2209 1656 2247 εἴξομεν.
1670 2209 1836 2244 Ἐνοικείτω,

1069 2255 1160 2295 φησὶν,
1171 2257 1197 2284 ἐν
1209 2257 1270 2293 ὑμῖν
1281 2254 1412 2287 πλουσίως
1421 2277 1428 2290 ,
1441 2254 1478 2291 μὴ
1489 2255 1580 2286 ἁπλῶς
1589 2277 1597 2290 ,
1609 2253 1678 2282 ἀλλὰ
1692 2253 1759 2292 μετὰ
1773 2254 1838 2282 πολ-

1069 2304 1117 2337 λῆς
1136 2305 1184 2337 τῆς
1210 2300 1368 2339 περιουσίας.
1384 2300 1524 2328 Ἀκούσατε
1548 2298 1604 2328 ὅσοι
1619 2300 1677 2328 ἐστὲ
1697 2299 1837 2335 κοσμικοὶ,

1070 2348 1115 2376 καὶ
1129 2346 1250 2386 γυναικὸς
1266 2346 1312 2374 καὶ
1325 2345 1426 2373 παίδων
1438 2343 1612 2383 προΐστασθε,
1633 2346 1689 2377 πῶς
1711 2344 1756 2373 καὶ
1777 2346 1838 2381 ὑμῖν

1071 2393 1205 2432 ἐπιτρέπει
1220 2392 1337 2430 μάλιστα
1352 2391 1399 2424 τὰς
1411 2390 1518 2430 Γραφὰς
1528 2390 1778 2428 ἀναγιν(-’>σκειν·κα“ι
1790 2391 1838 2429 οὐχ

1071 2441 1160 2471 ἁπλῶς
1172 2438 1228 2467 οὐδὲ
1247 2440 1282 2469 ὡς
1296 2437 1396 2476 ἔτυχεν,
1413 2437 1480 2465 ἀλλὰ
1496 2436 1562 2474 μετὰ
1574 2437 1672 2471 πολλῆς
1685 2438 1732 2470 τῆς
1753 2447 1837 2464 σπου-

1071 2485 1126 2519 δῆς.
1141 2484 1246 2522 ςὨσπερ
1261 2483 1312 2522 γὰρ
1332 2485 1345 2511 ὁ
1368 2482 1491 2514 πλούσιος
1505 2483 1531 2510 ἐν
1546 2481 1665 2520 χρήμασι
1681 2481 1775 2518 ζημίαν
1793 2480 1838 2508 καὶ

1071 2531 1215 2566 καταδίκην
1232 2534 1344 2570 ἐνεγκεῖν
1360 2530 1486 2567 δύναται,
1501 2529 1583 2562 οὕτως
1597 2531 1611 2558 ὁ
1624 2530 1741 2558 πλουτῶν
1754 2529 1780 2556 ἐν
1795 2527 1837 2556 δό-

1072 2593 1154 2620 γμασι
1172 2580 1336 2620 φιλοσοφίας,
1353 2580 1410 2619 οὐχὶ
1422 2579 1512 2608 πενίαν
1536 2579 1624 2617 μόνον,
1639 2578 1707 2607 ἀλλὰ
1721 2578 1764 2606 καὶ
1779 2577 1835 2606 ποί-
