1893 2860
71 1369 147 1389 FJ-ml.
162 1375 184 1390 2.

74 1398 109 1427 ιῇ.

230 136 272 171 58
564 147 591 170 s.
622 148 760 170 somnis
788 147 968 170 0111115051.

226 221 256 238 eo
280 219 348 249 sirpe
363 209 482 237 abutitur
497 209 581 236 antica
593 232 599 244 ‚
613 215 637 235 et
664 219 717 245 quo
740 208 824 245 tnagis
839 215 944 236 ainatur
957 231 964 245 ,
983 212 1000 232 (ἶ

227 267 256 284 eo
271 256 356 293 magis
373 255 495 293 despicit.
513 255 595 291 Atqui
618 254 706 281 aninia
722 254 759 282 sic
782 254 875 282 assecta
900 254 968 291 quid

227 307 265 329 est
278 301 362 339 inagis
376 300 547 328 belluinum?
562 299 607 326 llli
624 305 710 327 tamen
726 305 826 327 amant.
843 298 894 328 Sed
908 299 968 326 for-

227 354 294 375 tasse
311 347 389 375 etiam
402 358 415 373 c
429 345 617 384 spiritualibus
628 345 707 373 talem
723 344 888 373 inveniemus
901 345 968 373 cari—

227 400 323 429 tatem,
337 402 388 419 non
401 402 432 419 ex
450 391 483 418 iis
499 390 609 429 quidem
629 391 674 428 qui
691 402 763 419 nunc
774 398 852 428 sun13
865 391 969 419 refrixit

226 438 314 470 eninm
330 436 376 466 sed
391 448 423 465 ex
440 437 493 465 illis
508 436 575 465 viris
590 436 695 475 magnis
708 443 733 465 et
744 435 911 465 admirandis
922 436 968 474 qui

227 485 333 511 suerunt
345 483 418 511 olim.
887 516 891 520 ᾗ

268 529 294 555 4.
308 527 404 555 Beatus
421 526 466 554 ille
483 528 571 555 Moses
586 526 634 554 hos
655 536 760 564 quoque
773 525 909 565 superavit
922 525 969 563 qui

226 583 316 601 amore
333 572 403 612 capti
424 579 523 600 amant.
537 572 704 607 Quomodo?
719 572 841 600 Primum
860 570 968 609 quidem

227 619 318 648 relicta
333 619 425 657 regia,
443 625 467 646 et
487 629 546 656 quac
570 617 627 646 illic
651 624 725 645 ciant
749 616 872 653 deliciis,
891 616 969 645 obse—

227 664 298 702 quiis
311 687 317 699 ,
330 664 415 703 gloria
430 664 566 692 ethonore
577 686 584 700 ,
604 663 699 691 maluit
716 673 770 691 0550
795 673 856 690 011111
881 663 969 690 Israe-

226 710 291 739 luis.
306 710 386 748 Atqui
403 721 455 738 non
478 710 528 738 hoc
540 710 628 737 solum
647 720 697 737 non
715 707 819 736 fecisset
834 708 969 747 quispiam

226 756 313 791 alius,
332 755 377 784 sed
392 756 472 784 etiam
495 755 643 783 erubuisset
668 754 721 782 alio
736 760 878 792 arguente,
897 754 969 791 quod

227 802 393 841 apparuisset
407 812 467 829 eum
482 811 537 830 esse
554 807 696 839 cognatum
716 810 768 829 non
789 799 868 828 modo
880 810 968 828 servo-

226 858 285 876 rum
296 870 303 884 ,
318 847 363 875 5011
389 858 483 875 eorum
499 846 544 885 qui
561 846 641 875 etiam
667 845 891 874 existimabantur
915 856 969 874 esse
985 854 1002 875 [1

225 895 337 924 scelesti.
351 894 422 923 Eum
437 905 501 923 vero
520 904 572 923 non
587 894 675 923 sotum
693 904 745 922 non
760 892 858 932 puduit
869 903 968 932 cogna—

227 941 321 976 tionis,
334 940 381 969 sed
396 940 475 969 etiam
491 947 545 968 toto
567 940 656 968 animo
671 950 715 967 cos
729 939 802 967 ultus
825 945 882 975 est,
900 945 925 967 ct
941 949 968 967 50

225 997 275 1025 pro
288 987 341 1015 illis
358 986 470 1025 conjecit
482 986 508 1014 in
523 985 651 1025 pericula.
666 984 809 1020 Quomodo
821 985 834 1012 ἶ)
848 984 965 1019 Vide-ns,

226 1032 330 1070 inquit⁷
349 1032 492 1071 quemdam
516 1032 655 1061 facientem
678 1031 804 1070 injuriam
816 1053 825 1068 7
843 1031 916 1059 ultus
930 1038 969 1060 est

224 1089 287 1107 eum
302 1079 344 1107 eui
358 1079 439 1107 fiebat
455 1078 554 1117 injuria
566 1101 575 1113 ‚
594 1085 619 1106 et
636 1077 735 1107 occidit
756 1088 818 1106 eum
840 1077 886 1115 qui
901 1078 968 1106 infc-

225 1126 309 1154 rcbat.
326 1125 379 1153 Sed
394 1124 515 1153 nondum
540 1131 601 1153 sunt
616 1124 673 1152 haec
693 1134 741 1163 pro
763 1123 897 1152 inimicis:
912 1134 968 1152 ma-

224 1182 275 1210 gna
290 1171 399 1210 quidem
417 1182 463 1206 ea,
480 1170 530 1200 sed
551 1180 602 1199 non
629 1177 682 1198 tam
696 1180 793 1208 magna
813 1180 894 1207 quam
908 1180 966 1207 quce

224 1224 315 1256 postea
336 1217 406 1246 fecit.
424 1217 550 1255 Sequenti
566 1226 628 1254 ergo
651 1215 696 1244 die
710 1215 780 1244 vidit
802 1215 874 1243 idem
888 1215 946 1243 fieri
959 1237 967 1251 ,

223 1270 249 1292 01
263 1264 342 1292 illum
356 1263 450 1293 videns
476 1263 603 1302 injuriam
619 1262 775 1299 facientem,
798 1272 878 1299 quem
892 1261 966 1289 ultus
982 1269 998 1290 E

224 1309 327 1346 suerat,
344 1309 483 1337 admonuit
499 1315 527 1336 ut
542 1314 654 1336 cessaret
664 1307 792 1346 injuriam
807 1307 906 1335 facere:
920 1306 966 1334 ille

224 1362 314 1383 autem
330 1354 477 1382 inhumano
498 1354 577 1392 plane
591 1359 616 1381 et
637 1353 742 1391 ingrato
766 1352 875 1388 animo,
894 1352 965 1389 Quis

225 1407 252 1428 te
263 1422 270 1436 ‚
285 1400 386 1438 inquit,
399 1401 548 1428 constituit
565 1400 724 1437 principem
735 1404 762 1426 et
774 1398 906 1437 jndicem
918 1407 965 1425 su-

221 1457 274 1484 per
288 1456 339 1474 nos
349 1449 361 1473 P
375 1446 462 1480 Quem
477 1455 529 1473 non
555 1444 735 1473 incendissent
747 1444 804 1472 haec
818 1443 899 1472 verba
910 1443 923 1471 ἶ)
935 1443 965 1471 Si

223 1502 286 1529 crgo
301 1490 373 1529 quod
395 1490 469 1530 prius
491 1490 592 1518 factum
606 1496 644 1518 est
657 1511 665 1526 ,
679 1490 779 1517 sactum
794 1495 860 1517 esset
876 1488 966 1526 aliqua

223 1537 306 1566 animi
331 1536 512 1575 indignatione
532 1542 556 1564 et
579 1535 740 1569 offensione,
762 1533 834 1562 hunc
858 1544 965 1572 quoquc

224 1582 394 1622 percussisset
416 1581 488 1610 etde
511 1580 599 1609 medio
624 1580 796 1608 sustulisset:
815 1589 868 1608 non
893 1580 964 1608 enim

223 1629 270 1657 ille
282 1651 290 1665 ‚
305 1635 413 1668 propter
423 1638 503 1666 quem
515 1627 615 1655 sactum
631 1627 725 1663 fuerat,
740 1637 801 1654 eum
811 1625 960 1654 detulisset.
981 1638 996 1659 F

224 1675 278 1704 Sed
301 1674 428 1712 quoniam
442 1673 547 1713 cognati
572 1680 661 1709 erant,
677 1673 732 1701 haec
754 1672 829 1700 dicit.
845 1672 963 1708 Quando

224 1721 247 1749 ei
261 1721 340 1748 fiebat
358 1719 456 1759 injuria
468 1742 474 1754 ,
488 1719 558 1747 nihil
571 1718 624 1747 tale
647 1725 685 1747 est
700 1719 828 1756 loquutus
839 1741 846 1755 ‚
860 1718 928 1753 Quis
939 1725 964 1746 te

225 1765 362 1795 constituit
379 1765 527 1804 principem
543 1771 567 1793 et
580 1763 701 1803 judicem
723 1774 802 1803 super
823 1763 893 1792 nos?
909 1764 964 1793 Cur
979 1777 997 1798 A

225 1812 275 1840 hoc
289 1818 315 1840 et
336 1810 394 1839 heri
409 1821 460 1839 non
485 1810 604 1838 dixisti?
618 1809 722 1848 Injuria
742 1816 800 1845 tua,
816 1808 903 1847 inquit
916 1832 922 1845 ,
938 1816 963 1838 ct

225 1857 367 1886 crudelitas
378 1879 386 1893 7
399 1856 456 1895 ipsa
468 1866 509 1884 1110
527 1855 665 1884 constituit
680 1854 830 1893 principem
842 1861 866 1882 01
886 1855 964 1893 judi-

223 1914 289 1932 cem.
308 1902 362 1932 Sed
384 1913 455 1931 nunc
477 1902 589 1930 ohserra
611 1900 684 1939 quod
707 1901 763 1928 Deo
783 1910 886 1938 quoque
907 1901 964 1929 haec

221 1949 316 1977 dieunt
330 1948 443 1986 quidam
456 1970 464 1984 ,
479 1954 509 1975 ut
524 1947 550 1975 in
564 1957 608 1975 eos
630 1957 645 1974 a
664 1946 765 1983 quibus
786 1945 886 1984 injuria
902 1946 962 1974 affi-

222 1995 330 2023 ciuntur
342 1994 426 2023 velint
440 2004 501 2022 eum
516 2003 571 2021 esse
586 1992 785 2028 vehementem,
800 1999 826 2020 et
839 1992 896 2031 ejus
917 2002 962 2020 ae-

222 2047 314 2068 cusent
333 2039 469 2068 lenitatem
490 2045 515 2067 et
540 2037 718 2077 patientiam:
742 2037 851 2076 quando
873 2045 962 2066 autem

221 2085 321 2124 injuria
341 2084 463 2113 afficiunt
479 2107 486 2120 ‚
509 2094 560 2112 non
584 2083 687 2112 itidem.
712 2082 786 2118 Quid
813 2083 854 2112 his
870 2084 961 2113 verbis

220 2129 359 2158 amarius?
373 2128 427 2158 Sed
439 2135 526 2156 tamen
537 2150 544 2164 ‚
559 2138 621 2156 cum
640 2134 701 2167 post
720 2128 776 2156 haec
799 2127 915 2156 mittitur
926 2128 959 2156 ad

221 2174 338 2213 ingratos
353 2181 378 2202 ct
389 2174 513 2203 beneficii
528 2174 695 2202 immemores
705 2196 713 2211 ,
728 2173 800 2203 venit
811 2180 836 2202 et
848 2183 900 2202 non
917 2185 959 2202 re·
977 2180 992 2202 u

220 2219 334 2247 cusavit.
351 2218 406 2247 Sed
429 2225 455 2247 et
474 2225 533 2257 post
557 2218 602 2246 illa
616 2218 691 2257 signa
710 2225 735 2246 et
749 2225 808 2257 post
827 2217 957 2246 miracula

219 2273 278 2301 quae
290 2274 337 2302 per
348 2263 435 2302 ipsum
456 2264 525 2292 sacta
548 2270 626 2299 sunt,
639 2274 706 2303 soepe
718 2274 779 2292 eum
791 2270 853 2292 sunt
867 2264 957 2292 eonati

218 2309 356 2348 lapidibus
380 2309 506 2345 obruere,
521 2316 546 2337 et
571 2309 654 2338 evasit
676 2320 690 2338 0
705 2310 829 2339 manibus
845 2321 936 2339 eorum
949 2322 955 2338 :

217 2362 242 2384 et
255 2355 361 2384 assidue
377 2355 581 2383 murmurabant
586 2367 595 2392 3
609 2355 655 2384 sed
665 2363 752 2385 tamen
766 2356 826 2385 illos
839 2366 868 2385 eo
879 2367 951 2385 amo-

247 2459 259 2476 Ι)
277 2458 333 2481 Non
353 2456 415 2481 dicit
424 2456 553 2488 Scriptura
567 2456 697 2481 Hehraeum
711 2457 794 2489 illum,
808 2459 850 2491 qui
865 2468 969 2484 monen-

214 2503 262 2522 tem
271 2505 295 2521 se
303 2497 413 2529 Moysem
425 2504 481 2520 cum
491 2496 644 2527 improperio
654 2496 753 2528 repulit,
765 2498 878 2521 cumdem
887 2498 967 2530 ipsum

999 148 1155 171 Auctttffl‘.

1185 150 1453 173 consrANTffiOP.

1022 212 1064 237 νῦν
1075 221 1080 226 ·
1096 209 1179 248 ἐψύγη
1194 210 1258 249 γάρ’
1281 212 1349 241 ἀλλὰ
1364 213 1414 240 τῶν
1428 212 1510 240 πάλαι
1526 212 1646 250 μεγάλων
1669 213 1713 240 καὶ
1728 215 1791 241 θαι-

1023 257 1132 292 μαστῶν
1148 256 1253 285 ἐκείνων
1268 258 1378 297 ἀνδρῶν.

1066 525 1099 555 Ὁ
1113 527 1253 560 Momm-²256
1265 525 1392 564 μακάριος
1411 526 1456 554 καὶ
1475 527 1578 560 τούτους
1600 528 1688 561 αὐτοὺς
1712 531 1789 567 ὑπερ-

1024 572 1102 600 εὀαλε
1127 583 1183 604 τους
1206 571 1284 609 ἔρωτι
1306 573 1451 610 φιλοῦντας.
1478 573 1540 603 Ilo:
1564 584 1608 600 και
1622 573 1673 601 τίνι
1688 575 1791 613 τρόπω·

1024 619 1151 656 Πρῶτον
1147 617 1178 646 ιιὲ
1181 629 1218 645 ν·
1210 617 1237 645 ὰ
1253 617 1402 654 ἀασίλεια
1389 617 1472 655 αφιεὶς
1492 629 1536 645 και
1560 618 1607 653 τὴν
1624 620 1677 647 εκεῖ
1690 620 1790 658 τρυφὴν

1023 674 1068 691 και
1092 675 1138 697 την
1164 663 1303 701 Θεραπείαν
1320 674 1365 691 και
1386 662 1415 690 τὸ
1437 663 1476 691 ἕο
1467 663 1602 699 ζάζεσῡαι,
1619 663 1671 692 5275
1661 675 1702 691 <50
1725 668 1789 692 εἶναι

1024 708 1090 746 μετὰ
1105 720 1155 737 των
1169 708 1351 747 Ισραηλιτῶν.
1378 708 1473 737 Καίτοι
1495 721 1522 737 ου
1543 709 1620 746 μόνον
1635 710 1681 738 οὐκ
1703 710 1734 738 ἄν
1751 722 1790 743 τις

1023 754 1100 786 ἄλλος
1115 754 1255 792 εἰργάσατο
1268 756 1358 788 τοῦτο
1379 754 1447 781 ἀλλὰ
1470 753 1518 782 κᾶν
1538 754 1692 793 ἐπῃσχύνθη
1713 755 1789 783 ἕλε’κ-

1022 810 1113 838 χοντος
1140 799 1229 838 ἑτέρου
1247 801 1360 837 φανῆναι
1376 798 1501 837 συγγενὴς
1524 801 1551 828 οὐ
1576 800 1653 836 μόνον
1682 784 1789 835 δούλων,

1023 845 1091 874 ἀλλὰ
1105 857 1150 873 και
1163 856 1265 883 μιαρυν
1282 847 1348 872 εἰναι
1369 844 1561 882 νομιζομένων·
1583 848 1596 874 ὁ
1613 845 1638 873 δὲ
1666 847 1694 874 οὐ
1712 846 1789 884 μόνον

1022 903 1068 926 την
1079 890 1228 929 συγγένειαν
1243 892 1288 918 οὐκ
1302 889 1454 928 ἐπῃσχύνθη
1465 912 1472 925 ,
1487 891 1519 918 ἀ)
1520 890 1553 918 λὰ
1564 903 1609 919 και
1623 903 1702 920 παντι
1716 893 1790 931 Ουμῳ

1022 935 1118 973 ἤμυνε,
1128 935 1173 963 καὶ
1186 937 1221 967 εἷς
1235 934 1365 967 κινδύνους
1375 935 1466 963 ἑαυτὸν
1481 934 1583 974 ἔρριψεν
1599 935 1663 975 ὑπὲρ
1675 935 1789 965 ἐκείνων.

1023 980 1211 1020 Πῶς;“ορῶν,
1227 981 1305 1020 φησὶ,
1318 980 1377 1008 τινὰ
1392 981 1546 1016 ἀδικοῦντα,
1569 982 1652 1019 ἤμυνε
1674 984 1710 1020 τῷ
1731 983 1788 1010 ἀδι-

1022 1028 1157 1067 κουμένω,
1173 1039 1218 1055 και
1236 1026 1372 1054 ἀπέκτεινε
1396 1027 1440 1055 τὸν
1458 1027 1608 1056 ἀδικουντα.
1621 1027 1691 1056 Λλλ’
1717 1028 1790 1056 οὔπω

1021 1077 1105 1102 ταῦτα
1119 1073 1185 1112 ὅπερ
1211 1074 1328 1111 ἐγΟρων
1345 1072 1447 1110 μεγά)α
1467 1072 1513 1110 μὲν
1528 1075 1572 1101 οὖν
1584 1072 1629 1101 καὶ
1647 1072 1728 1108 αὐτὰ,
1740 1075 1790 1112 οὐχ

1021 1119 1066 1148 οὔτ
1068 1131 1089 1147 ω
1108 1119 1135 1147 δὲ
1150 1120 1185 1150 ὡς
1197 1118 1230 1146 τὰ
1246 1129 1294 1156 μετ
1286 1117 1312 1146 ὰ
1322 1130 1415 1146 ταυτα.
1428 1118 1470 1156 Τῇ
1486 1120 1529 1146 οὖν
1541 1117 1648 1157 {modest
1660 1118 1748 1159 ἡμέρᾳ
1759 1120 1789 1148 τὸ

1022 1165 1083 1193 αυτὸ
1103 1160 1154 1193 εἶδε
1166 1163 1310 1203 γινόμενον,
1325 1163 1463 1192 “’κάκεῖνον
1481 1159 1540 1202 ᾧ
1524 1176 1622 1201 ημυνεν
1643 1166 1709 1204 ὅρων
1732 1166 1788 1194 ἀδι-

1021 1214 1115 1240 κοῦντα
1125 1232 1132 1245 ,
1156 1210 1266 1250 παρῄνει
1285 1209 1436 1239 παύσασθαι
1449 1212 1496 1244 τῆς
1509 1209 1626 1242 ἀδικίας·
1641 1212 1655 1238 ὁ
1669 1210 1697 1238 δέ
1708 1222 1788 1250 φησι,

1019 1258 1103 1295 πολλῇ
1122 1256 1294 1295 ἀγνωμοσύνῃ
1318 1254 1493 1295 κεχρημένος,
1509 1255 1558 1287 Τίς
1579 1267 1607 1284 σε
1628 1256 1787 1292 κατέστησεν

1019 1303 1133 1342 ἄρχοντα
1158 1302 1202 1330 καὶ
1229 1301 1354 1336 δικαστὴν
1373 1303 1412 1340 ἐφ’
1428 1304 1516 1338 ἡμᾶς
1535 1300 1603 1329 Τίνα
1621 1303 1668 1330 οὐκ
1690 1303 1720 1331 ἂν
1732 1303 1788 1332 ἐνέ-

1018 1360 1103 1387 πρησε
1118 1348 1150 1376 τὰ
1173 1349 1279 1403 ῥήματα
1293 1351 1388 1382 ταῦτα;
1410 1348 1443 1376 Εἰ
1459 1346 1544 1375 τοίνυν
1561 1349 1634 1386 θυμῷ
1651 1348 1680 1375 τὸ
1695 1348 1786 1388 πρότε-

1020 1406 1062 1433 ρον
1077 1394 1178 1451 ἐγένετο
1193 1406 1237 1422 και
1252 1405 1348 1432 ιιανιᾳ,
1361 1405 1405 1421 και
1418 1395 1507 1420 τοῦτον
1519 1391 1548 1420 ἂν
1563 1392 1664 1428 πληξας
1675 1395 1747 1422 ἀνεῐλ
1749 1406 1784 1422 εν.

1018 1442 1058 1469 Οὐ
1072 1440 1123 1479 γὰρ
1137 1439 1169 1474 δὴ
1185 1441 1294 1474 ἐκεῖνος,
1311 1438 1360 1467 ὃτι-ὲ
1364 1451 1377 1477 ρ
1391 1441 1419 1467 οὗ
1435 1441 1511 1467 τοῦτο
1528 1437 1647 1476 ἐγένετο,
1663 1440 1787 1477 κατεμή-

1017 1497 1091 1514 νυσεν
1106 1485 1135 1513 ἂν
1151 1485 1236 1520 αὐτον,
1246 1486 1303 1514 ἀλλ
1317 1484 1358 1513 ὅτι
1373 1488 1503 1522 συγγενεῖς
1514 1486 1592 1518 ἠσαν,
1608 1496 1687 1523 φησι,
1701 1488 1786 1514 ταῦτα

1017 1535 1098 1560 εἶπεν.
1121 1531 1189 1560 Οτε
1202 1531 1287 1565 ἠδικεῐ
1281 1541 1334 1565 ιτο,
1350 1529 1422 1559 οὖδεν
1442 1541 1556 1558 τοιουτον
1578 1530 1733 1569 ἐφθέγξατο,
1747 1531 1787 1564 τίς

1017 1589 1046 1605 σε
1061 1576 1219 1612 κατέστησεν
1235 1576 1351 1615 ἄρχοντα
1365 1576 1410 1604 καὶ
1428 1575 1554 1610 δικαστὴν
1576 1577 1615 1614 ἐφ’
1634 1578 1720 1613 ἡμᾶς
1735 1577 1787 1606 Διὰ

1017 1622 1042 1651 τί
1057 1623 1093 1660 μὴ
1106 1623 1166 1662 χθὲς
1182 1618 1251 1655 εἶπες
1263 1625 1354 1657 τοῦτο,
1369 1621 1403 1649 Ἡ
1419 1621 1508 1650 ἀδικία
1530 1624 1547 1656 ἡ
1569 1620 1602 1656 σὴ
1622 1621 1667 1650 καὶ
1681 1624 1698 1656 ἡ
1714 1622 1786 1660 ὠμό-

1016 1681 1080 1705 της,
1096 1669 1184 1708 φησὶν,
1201 1667 1268 1703 αὕτη
1285 1680 1318 1706 με
1334 1668 1494 1702 κατέστησεν
1511 1667 1626 1707 ἄρχοντα
1647 1668 1692 1696 καὶ
1711 1669 1786 1697 δικα-

1016 1715 1090 1750 στήν.
1106 1715 1185 1743 Ἀλλὰ
1199 1717 1242 1742 νῦν
1257 1714 1305 1753 ὅρα
1325 1713 1367 1742 ὅτι
1389 1714 1433 1742 καὶ
1447 1715 1485 1752 τῷ
1507 1714 1570 1753 Θεῷ
1583 1716 1667 1743 ταῦτα
1681 1714 1787 1753 λέγουσί

1016 1773 1094 1793 τινες.
1110 1760 1156 1789 Ἐν
1172 1757 1208 1794 οἷς
1229 1760 1276 1798 μὲν
1291 1760 1340 1799 γὰρ
1363 1760 1531 1793 ἀδικοῦνται,
1554 1759 1692 1798 βούλονται
1709 1760 1786 1789 αὐτὸν

1016 1803 1081 1835 εἶναι
1096 1807 1216 1845 σφοδρὸν,
1233 1806 1278 1834 καὶ
1299 1808 1346 1839 τῆς
1370 1805 1552 1844 μακροθυμίας
1571 1806 1650 1833 αὐτοῦ
1669 1817 1785 1843 κατηγο-

1017 1854 1116 1891 ροῦσιν
1132 1852 1192 1880 ὅταν
1207 1851 1233 1879 δὲ
1247 1852 1380 1885 ἀδικῶσιν,
1392 1850 1486 1879 οὐκέτι.
1502 1850 1538 1878 Τί
1553 1850 1651 1878 τούτων
1665 1850 1785 1889 πικρότε-

1018 1909 1059 1936 ρον
1071 1899 1121 1925 -ῶν
1140 1896 1280 1935 ῥημάτων,
1297 1896 1366 1924 Ἀλλ’
1382 1894 1453 1933 ὅμως
1465 1895 1532 1933 μετὰ
1548 1898 1632 1923 ταῦτα
1643 1895 1707 1934 πρὸς
1725 1895 1784 1928 τοὺς

1016 1943 1182 1981 ἀγνώμονας,
1195 1942 1259 1981 πρὸς
1279 1941 1337 1973 τοὺς
1358 1940 1516 1980 ἀχαρίστους
1531 1941 1715 1978 πεμπόμενος,
1732 1941 1784 1980 ἤρ-

1015 2001 1089 2028 χετο,
1107 1988 1152 2016 καὶ
1178 1988 1225 2016 οὐκ
1241 1986 1372 2015 ἀνεδύετο.
1391 1986 1469 2014 Ἀλλὰ
1491 1986 1537 2014 καὶ
1551 1986 1618 2024 μετὰ
1631 1986 1664 2015 τὰ
1685 1991 1782 2024 σημεῖα

1015 2036 1116 2068 ἐκεῖνα,
1132 2033 1176 2062 καὶ
1192 2032 1259 2071 μετὰ
1274 2032 1307 2061 τὰ
1319 2032 1441 2069 θαύματα
1452 2031 1485 2060 τὰ
1500 2032 1532 2059 δι’
1546 2033 1624 2060 αὐτοῦ
1639 2032 1765 2070 γενόμενα
1775 2054 1783 2067 ,

1015 2081 1173 2108 καταλεῦσαι
1192 2079 1268 2107 αὐτὸν
1284 2078 1410 2109 πολλάκις
1421 2076 1606 2116 ἐπεχείρησαν,
1619 2077 1663 2106 καὶ
1677 2077 1783 2116 ἐξέφυγε

1013 2126 1060 2158 τὰς
1074 2129 1164 2164 χεῖρας
1179 2125 1263 2153 αὐτῶν
1274 2136 1279 2141 ·
1303 2124 1349 2152 καὶ
1373 2123 1561 2162 κατεγόγγυζον
1581 2124 1711 2162 συνεχῶς,
1723 2124 1783 2152 ἀλλ’

1013 2172 1084 2210 ὅμως
1098 2170 1189 2203 αὐτοὺς
1200 2170 1280 2202 οὕτως
1298 2168 1381 2208 ἐφίλει
1396 2168 1490 2206 ἔρωτι,
1505 2171 1540 2201 ὡς
1562 2170 1642 2197 εἰπεῖν
1660 2168 1724 2206 πρὸς
1737 2168 1782 2197 τὸν

1012 2218 1090 2252 Θςὸν,
1105 2217 1184 2252 ἡνίκα
1198 2216 1245 2251 τὴν
1264 2213 1395 2254 ἁμαρτίαν
1413 2213 1513 2248 ἐκείνην
1531 2213 1580 2248 τὴν
1596 2213 1717 2253 χαλεπὴν
1733 2215 1783 2253 εἰρ-

1011 2264 1142 2320 γρίσαντο·
1156 2263 1190 2291 Εἰ
1205 2274 1250 2300 μεν
1265 2263 1331 2299 ἀφῇς
1348 2260 1435 2290 αὐτοῖς
1449 2258 1521 2293 τὴν
1508 2258 1651 2298 αμαρτίαν,
1664 2270 1741 2298 αφες·
1757 2261 1781 2288 εἷ

1011 2309 1037 2338 δε
1055 2308 1107 2347 μὴ,
1120 2306 1190 2345 κάμὲ
1212 2306 1344 2344 ἐξάλειψον
1366 2305 1396 2332 ἐκ
1416 2315 1464 2338 της
1483 2303 1574 2342 βίὸλου
1594 2307 1625 2339 ἡς
1651 2304 1778 2344 ἔγραψας,

1010 2356 1142 2392 Βούλομαι
1164 2353 1220 2391 μετ’
1242 2350 1324 2380 ἐκείν
1319 2362 1346 2378 >v
1370 2350 1529 2388 ἀπολέσθαι,
1553 2350 1641 2389 φησὶν,
1663 2350 1680 2385 ἢ
1696 2351 1778 2391 χωρὶς

1019 2458 1105 2486 fuisse,
1125 2463 1199 2489 quem
1211 2455 1257 2479 AE³
1244 2454 1344 2487 gyptius
1362 2452 1450 2485 injuria
1471 2452 1599 2478 affecerat.
1611 2452 1659 2477 Sed
1672 2453 1774 2478 concio-

1018 2505 1080 2522 nans
1091 2495 1171 2528 Chry:
1175 2500 1287 2519 ostomus
1300 2491 1434 2524 aliquando
1446 2492 1558 2517 memori·
1560 2502 1566 2516 1
1579 2492 1680 2517 labitur.
