1893 2860
399 146 430 168 {N
459 145 566 168 Et’ls'r.
598 145 633 168 11.

75 207 143 246 ἔχων
158 207 274 246 καρπὸν,
288 207 355 236 ἀλλὰ
370 207 415 236 καὶ
434 209 472 246 τῷ
496 207 670 246 βλαστάνοντι
684 207 839 245 ἐμποδίζων.

75 253 198 282 Τοιοῦτόν
213 253 284 281 ἐστιν
304 255 317 282 ὁ
331 255 458 286 πλοῦτος·
474 255 502 282 οὐ
523 254 600 291 μόνον
624 255 699 286 αὐτὸς
721 254 749 282 οὗ
768 253 839 293 φέρει

72 299 172 337 καρπὸν
184 298 297 335 αἰώνιον,
309 299 377 328 ἀλλὰ
389 299 434 328 καὶ
449 299 508 332 τοὺς
523 300 694 338 βουλομένους
703 299 839 338 *κατέχων

70 344 214 382 ἐμποδίζει.
230 344 343 384 Ἀλόγων
358 345 408 374 εἶσὶ
419 347 513 386 τροφαὶ
526 349 552 375 αἱ
569 347 681 375 ἄκανθαι
696 346 838 384 καμήλων·

70 390 150 429 πυρός
166 392 215 419 εἶσι
233 392 330 430 βρῶσις
351 391 396 419 καὶ
412 392 514 427 δαπάνη
528 391 592 431 πρὸς
613 391 685 420 οὐδὲν
700 391 838 430 χρήσιμοι.

69 438 193 466 Τοιοῦτον
209 437 253 465 καὶ
268 440 281 466 ὃ
301 439 423 474 πλοῦτος,
442 438 506 477 πρὸς
524 438 595 466 οὐδὲν
615 437 763 477 χρήσιμος,
780 437 838 465 ἀλλ’

68 482 85 518 ἢ
99 482 164 521 πρὸς
176 482 205 511 τὸ
220 486 315 512 καῦσαι
330 484 450 522 κάμινον,
462 483 527 522 πρὸς
541 484 570 512 τὸ
586 482 633 517 τὴν
647 483 748 522 ἡμέραν
770 481 836 510 ἀνά-

69 530 119 569 ψαι
143 528 244 564 ἐκείνην
268 529 315 564 τὴν
338 532 373 562 ὡς
398 530 522 558 κλίῧανον
546 529 702 567 καιομένην,
720 528 785 567 πρὸς
808 527 837 556 τὸ

69 574 162 614 θρέψαι
188 574 221 603 τὰ
248 575 331 614 ἄλογα
356 575 440 611 πάθη,
464 574 640 614 μνησικακίαν
674 575 719 602 καὶ
746 573 836 613 ὀργήν.

68 622 193 650 Τοιοῦτον
205 620 257 661 γὰρ
269 621 312 649 καὶ
331 623 347 655 ἡ
363 622 500 660 τρώγουσα
513 622 633 659 κάμηλος
646 620 694 652 τὰς
713 620 836 651 ἀκάνθας.

68 667 183 706 Λέγεται
194 667 244 707 γὰρ
259 667 310 696 ὑπὸ
324 668 375 695 τὶἷιν
388 667 420 695 τὰ
433 670 542 696 τοιαῦτα
556 666 661 696 εἰδότων
675 665 755 704 μηδὲν
770 660 836 694 εἶναι

69 715 96 742 ἐν
112 718 166 747 τοῖς
182 714 302 749 κτήνεσιν
318 714 386 742 οὕτω
399 713 553 753 Ι’βαρύμηνι
576 713 622 741 καὶ
641 712 769 750 δύσθυμον
790 711 835 740 καὶ

69 759 245 797 μνησίκακον,
257 762 292 792 ὡς
303 762 320 794 ἡ
335 759 463 798 κάμηλος.
476 760 601 787 Τοιοῦτον
615 761 628 786 ὁ
641 757 751 789 πλοῦτός
764 758 819 785 ἐστι
828 768 834 773 ·

67 805 100 834 τὰ
122 806 205 845 ἄλογα
229 805 300 840 πάθη
327 806 415 845 τρέφει
442 808 488 840 τῆς
513 807 614 844 ψυχῆς,
634 804 667 832 τὰ
691 804 718 832 δὲ
743 802 835 841 λογικὰ

67 857 152 881 κεντεῖ
172 852 217 880 καὶ
237 852 395 891 τιτρώσκει,
417 851 537 891 καθάπερ
562 851 605 879 ἐπὶ
630 853 682 879 τῶν
705 851 834 878 ἀκανθῶν.

67 897 188 937 Σκληρόν
202 897 228 926 τί
244 899 300 926 ἐστι
315 898 359 926 καὶ
378 897 462 937 τραχὺ
477 901 552 926 τοῦτο
566 896 595 925 τὸ
610 896 701 935 φυτὸν,
717 895 835 933 αὐτόμα-

66 956 109 974 τον
122 944 342 983 φύεται.”Ιδιι)μεν
354 944 436 974 δὲκαὶ
448 946 497 973 ποῦ
511 943 612 982 φύεται,
627 942 670 971 ἵνα
681 942 834 980 ἐκκόψωμεν

67 991 131 1019 αὐτό
142 1002 147 1008 ·
164 992 189 1019 ἓν
211 995 264 1022 τοῖς
279 991 459 1030 ἀποκρήμνοις
474 992 525 1019 τῶν
543 989 664 1029 χωρίων,
680 990 705 1016 ἐν
722 992 774 1020 τοῖς
793 988 835 1015 λι-

67 1036 191 1071 θώδεσιν,
206 1037 231 1064 ἐν
247 1041 299 1069 τοῖς
314 1036 408 1076 Ξηροῐς,
422 1037 483 1065 ἔνθα
505 1036 572 1068 νοτὶς
593 1037 638 1064 οὐκ
653 1035 732 1064 ἔστιν.
747 1033 833 1063 ”Οταν

66 1078 110 1112 οἶν
122 1082 220 1121 τραχύς
234 1094 272 1115 τις
285 1078 301 1121 ᾗ
317 1082 360 1111 καὶ
373 1083 553 1122 ἀπόκρημνος,
568 1081 701 1110 τουτέστιν
726 1080 832 1115 ἀνελεή-

66 1140 140 1167 μων,
155 1131 171 1163 ἡ
187 1129 288 1157 ἄκανθα
303 1128 394 1168 φύεται
406 1131 432 1158 ἐν
447 1130 516 1167 αὐτῷ
540 1128 608 1156 Ἀλλ’
623 1128 683 1156 ὅταν
697 1127 776 1159 αὐτὰς
790 1127 832 1155 ἔκ-

66 1174 145 1213 κόψαι
168 1174 312 1212 βούλωνται
328 1176 451 1213 γεωργῶν
474 1175 581 1209 παῖδες,
593 1175 622 1202 οὐ
644 1172 744 1211 σιδήρῳ
758 1175 833 1201 τοῦτο

64 1223 182 1249 ποιοῦσιν
192 1242 200 1257 ,
218 1220 285 1249 ἀλλὰ
305 1221 379 1255 πῶς;
399 1223 450 1259 πῦρ
469 1219 636 1258 ἐπαφιέντες,
651 1219 720 1248 οὕτω
744 1223 832 1247 πᾶσαν

64 1266 196 1300 ἐξέλκουσι
211 1266 258 1302 τὴν
273 1266 368 1295 κακίαν
379 1268 426 1301 τῆς
437 1268 494 1304 γῆς.
507 1265 617 1300 Ἐπειδὴ
629 1265 680 1304 γὰρ
695 1267 741 1294 οὐκ
759 1267 833 1304 ἀρκεῖ

62 1313 92 1342 τὸ
113 1317 202 1351 τεμεῖν
217 1313 326 1348 ἄνωθεν,
341 1313 389 1346 τῆς
413 1312 485 1350 ῥίζης
507 1311 581 1340 κάτω
605 1310 747 1349 μενούσης,
773 1311 831 1339 ἀλλ’

62 1359 119 1388 οὐδὲ
132 1358 180 1394 τὴν
195 1358 266 1398 ῥίζαν
279 1357 374 1391 ἐξελεῖν
384 1360 392 1396 (
402 1357 455 1386 ἀπὸ
467 1357 518 1397 γὰρ
533 1359 580 1392 τῆς
596 1356 691 1389 κακίας
702 1357 828 1393 ἐναπομέ-

61 1417 99 1434 νει
113 1407 146 1444 τῇ
158 1407 204 1444 γῇ,
220 1404 264 1433 καὶ
277 1404 396 1443 καθάπερ
410 1404 479 1436 τινὸς
490 1405 583 1442 λοιμοῦ
596 1404 631 1436 εἷς
646 1405 724 1440 σῶμα
738 1402 830 1437 ἐνσκή-

61 1453 158 1491 ψαντος
180 1451 218 1480 ἔτι
243 1450 315 1488 με’νει
336 1450 370 1479 τὰ
391 1450 531 1489 λείψανα),
553 1453 641 1477 πᾶσαν
664 1447 767 1483 ἐκείνην
781 1447 828 1483 τὴν

60 1497 149 1527 νοτίδα
160 1497 208 1533 τὴν
222 1498 275 1525 τῶν
292 1497 411 1526 ἀκανθῶν
427 1497 457 1525 τὸ
474 1498 528 1535 πῦρ
540 1496 636 1524 ἄνωθεν
653 1493 828 1532 ἀνιμώμενον,

59 1544 151 1583 ὥσπερ
161 1543 220 1572 τινὰ
235 1544 286 1580 ἷὸν,
301 1543 399 1577 ἐξέλκει
410 1542 453 1572 διὰ
467 1544 515 1577 τῆς
533 1541 691 1582 θερμότητος
709 1541 762 1570 ἀπὸ
776 1542 827 1568 τῶν

60 1588 176 1627 λαγόνων
196 1591 243 1624 τῆς
260 1591 317 1628 γῆς.
329 1588 457 1628 Καθάπερ
469 1587 519 1627 γὰρ
533 1590 550 1623 ἡ
566 1587 644 1616 σικύα
659 1586 825 1624 ἐπιτιθεμένη

59 1639 148 1664 πᾶσαν
164 1635 259 1664 κακίαν
273 1635 345 1664 ἕλκει
362 1635 426 1674 πρὸς
441 1635 537 1669 ἑαυτήν
550 1645 556 1651 ·
573 1633 641 1662 οὕτω
661 1632 706 1661 καὶ
726 1633 756 1661 τὸ
775 1637 827 1672 πῦρ

58 1685 148 1710 πᾶσαν
162 1680 256 1710 κακίαν
271 1681 318 1717 τὴν
333 1683 362 1711 ἐκ
373 1683 423 1710 τῶν
438 1682 557 1710 ἀκανθῶν
570 1681 706 1718 ἀνιμᾶται,
722 1680 765 1708 καὶ
778 1691 826 1708 κα-

57 1727 140 1766 θαρὰν
162 1727 242 1763 αὐτὴν
264 1732 342 1756 ποιεῖ.
364 1727 442 1760 Τίνος
467 1726 498 1762 δὴ
521 1726 608 1755 ἕνεκεν
629 1728 713 1754 ταῦτα
737 1721 825 1761 simu

54 1772 67 1784 ¹¹
94 1785 120 1802 τι
134 1773 172 1802 δεῖ
186 1772 234 1808 τὴν
251 1774 315 1812 πρὸς
328 1774 372 1803 τὸν
388 1775 499 1803 πλοῦτον
517 1772 682 1810 συμπάθειαν
697 1771 824 1800 πάντοθεν

665 145 709 167 ΑΙ)
735 144 898 167 THESSAL.
928 145 1006 167 CAP.

1037 145 1072 168 11.
1103 145 1220 168 nomn„
1250 145 1295 168 ιιι.
1569 134 1640 183 609

896 205 994 234 cientes
1006 216 1057 235 non
1070 206 1157 236 solum
1173 207 1236 246 ipsae
1247 207 1364 235 fructum
1379 215 1429 234 non
1441 206 1563 242 serentes,
1577 208 1635 242 sed,

896 251 925 280 id
941 252 1022 281 etiam
1036 252 1109 291 quod
1131 253 1261 292 germinat
1276 252 1458 292 impedientes.
1479 253 1559 282 Tales
1574 260 1636 282 sunt

895 297 1016 335 divitiae3
1028 309 1080 327 non
1090 299 1177 327 solum
1192 299 1257 338 ipsae
1267 299 1384 327 fructum
1399 308 1450 327 non
1459 298 1548 327 serunt
1560 305 1635 327 aeter—

858 352 875 374 C
893 355 956 374 num
972 368 979 379 ‚
996 345 1041 374 sed
1057 356 1100 374 eos
1119 347 1200 374 etiam
1212 346 1258 383 qui
1273 345 1357 374 velint
1372 346 1449 380 ferre,
1475 352 1634 384 occupantes

896 391 1055 430 impediunt.
1066 392 1188 421 Rationis
1206 391 1357 431 expertium
1370 392 1533 420 camelorum
1548 392 1635 421 nutri—

895 444 1015 466 mentum
1026 444 1087 466 sunt
1098 438 1196 476 spinae:
1209 438 1279 475 ignis
1294 445 1356 467 sunt
1370 449 1437 474 esca,
1449 445 1474 466 et
1485 445 1589 467 sumtus
1600 439 1635 468 ad

894 483 962 510 nihil
978 483 1063 512 utilis.
1079 483 1159 512 Tales
1178 491 1240 512 sunt
1263 483 1380 519 divium,
1396 483 1431 512 ad
1446 484 1515 513 nihil
1538 484 1633 522 utiles,

892 530 944 558 nisi
961 530 995 559 ad
1012 530 1229 559 succendendum
1245 531 1377 560 fornacem
1389 553 1398 568 ,
1419 531 1453 560 ad
1467 532 1545 560 illum
1561 531 1634 560 diem

891 578 1092 607 accendendum
1113 578 1160 616 qui
1186 577 1261 606 ardet
1278 585 1307 606 ut
1323 579 1446 607 clibanus
1468 579 1501 608 ad
1525 579 1634 608 alendas

891 624 1003 653 rationis
1024 630 1146 663 expertes
1172 623 1255 652 animi
1281 624 1510 662 perturbationes,
1527 625 1633 661 odium,

891 670 996 709 injuriae
1020 677 1134 709 acceptae
1161 669 1385 707 recordationem,
1406 677 1431 698 et
1456 670 1533 699 iram.
1558 671 1635 699 Talis

890 716 962 744 enim
977 716 1057 744 etiam
1070 716 1186 744 camelus
1196 715 1242 753 qui
1254 715 1325 744 rodit
1336 715 1439 754 spinas:
1451 715 1552 744 dicitur
1562 717 1633 745 enim

853 763 872 786 D
889 762 924 790 ab
941 762 974 790 iis
989 762 1036 800 qui
1059 761 1117 790 haec
1138 768 1234 789 norunt
1251 761 1277 789 in
1291 761 1421 800 jumentis
1446 761 1554 789 nullum
1578 771 1634 790 esse

888 820 963 847 aeque
976 809 1147 844 iracundum,
1163 816 1188 837 et
1203 808 1274 846 quod
1288 809 1333 836 irae
1347 808 1380 836 sit
1394 808 1537 847 gravioris,
1551 815 1633 837 etac-

889 862 971 894 eeptae
987 855 1091 894 injuriae
1107 854 1193 894 magis
1209 864 1311 882 memor
1321 864 1403 891 quam
1415 854 1541 884 camelus.
1552 856 1633 884 Tales

889 908 952 930 sunt
965 900 1082 938 divitiae,
1093 901 1168 929 alunt
1180 900 1291 929 rationis
1301 906 1423 939 expertes
1434 907 1522 929 motus
1532 901 1631 939 animi;

889 948 936 984 qui
953 953 1014 975 sunt
1040 953 1129 974 autem
1155 945 1265 974 rationis
1292 944 1446 984 participes,
1463 953 1589 984 pungunt
1607 953 1633 975 et

889 992 1106 1027 sauciant‚sicut
1122 991 1246 1020 usuvenit
1273 991 1298 1018 in
1313 991 1408 1030 spinis.
1436 992 1542 1020 Durum
1565 993 1632 1031 quid

888 1044 913 1066 et
926 1048 1051 1077 asperum
1062 1044 1100 1066 cst
1113 1037 1171 1065 haec
1183 1037 1286 1076 planta,
1300 1046 1329 1064 ea
1340 1046 1387 1064 sua
1398 1043 1491 1075 sponte
1503 1039 1631 1066 nascitur.

889 1083 1039 1113 Videamus
1052 1082 1186 1122 quomodo
1196 1082 1324 1119 nascitur,
1338 1089 1368 1110 ut
1384 1082 1470 1121 ipsam
1485 1083 1630 1112 exscinda-

888 1141 948 1159 mus
962 1142 968 1159 :
983 1130 1104 1166 nascitur
1120 1130 1148 1159 in
1169 1129 1234 1158 locis
1246 1129 1404 1168 praeruptiS,
1419 1129 1558 1168 lapidosis,
1575 1131 1632 1160 ari-

887 1176 941 1214 dis,
958 1177 1005 1205 uhi
1026 1177 1118 1205 nullus
1133 1183 1172 1205 est
1194 1176 1301 1204 humor.
1318 1175 1433 1210 Quando
1448 1186 1510 1215 ergo
1525 1184 1564 1206 est
1577 1177 1630 1206 ali-

888 1223 949 1261 quis
964 1233 1052 1262 asper,
1063 1228 1254 1261 praeruptus—et
1266 1231 1394 1260 praeceps,
1409 1221 1459 1249 hoc
1469 1228 1506 1250 est
1517 1221 1632 1251 immise-

851 1265 868 1288 Ε
888 1269 982 1303 ricors,
1001 1269 1029 1297 in
1045 1279 1075 1297 eo
1091 1267 1211 1297 nascitur
1226 1267 1311 1307 spina.
1325 1266 1379 1296 Sed
1402 1267 1509 1304 quando
1524 1278 1566 1296 eas
1578 1279 1628 1297 vo-

886 1314 945 1343 lunt
959 1313 1116 1343 exscindere
1136 1313 1271 1352 agricolae,
1288 1323 1341 1341 non
1355 1312 1425 1341 ferro
1452 1313 1568 1350 faciunt,
1583 1314 1630 1343 sed

886 1360 1041 1398 quomodo?
1052 1359 1142 1398 ignem
1157 1358 1340 1394 immittentes,
1358 1358 1396 1386 sic
1408 1368 1486 1386 omne
1500 1365 1576 1387 terrae
1588 1359 1630 1389 vi-

886 1407 954 1434 tium
964 1406 1118 1435 extrahunt.
1126 1405 1195 1433 Nam
1203 1404 1332 1442 quoniam
1341 1414 1393 1432 non
1404 1404 1505 1433 sufficit
1515 1415 1630 1444 superne

886 1453 1018 1490 scindere,
1035 1452 1126 1481 radice
1140 1452 1251 1480 inferius
1266 1458 1390 1479 manente
1401 1462 1410 1488 ς
1421 1450 1468 1479 sed
1487 1462 1572 1490 neque
1586 1464 1628 1482 ra-

884 1499 972 1529 dicem
982 1499 1116 1535 eximere;
1132 1509 1166 1527 ex
1179 1497 1248 1527 vitio
1262 1497 1333 1525 enim
1346 1497 1373 1525 in
1386 1504 1456 1525 terra
1468 1505 1555 1527 manet
1567 1510 1575 1536 3
1589 1499 1628 1528 sic

884 1553 913 1574 ut
929 1556 990 1574 cum
1006 1544 1086 1584 pestis
1096 1544 1188 1582 aliqua
1199 1543 1227 1571 in
1236 1553 1333 1582 corpus
1346 1542 1509 1580 incubuerit,
1520 1552 1627 1573 manent

882 1589 1003 1628 reliquiae
1012 1600 1018 1616 ι
1027 1598 1133 1617 omnem
1145 1587 1218 1616 iltius
1225 1587 1374 1623 humorem,
1382 1596 1476 1625 nempe
1487 1587 1627 1626 spinarum

846 1643 864 1666 F
883 1633 953 1672 ignis
964 1643 1079 1672 superne
1095 1631 1230 1667 hauriens,
1245 1637 1383 1668 tamquam
1398 1630 1474 1659 virus
1488 1631 1626 1669 quoddam

881 1688 929 1717 per
941 1678 1056 1706 calorem
1068 1687 1102 1705 ex
1116 1683 1193 1705 terrae
1208 1675 1309 1704 lumbis
1320 1675 1390 1714 ignis
1405 1675 1534 1704 extrahit.
1550 1676 1626 1706 Sicut

881 1723 952 1751 enim
967 1721 1092 1761 imposita
1107 1719 1277 1749 cucurbitula
1289 1729 1367 1747 omne
1379 1719 1476 1748 vitium
1490 1719 1525 1748 ad
1539 1730 1567 1748 se
1580 1727 1625 1748 at-

880 1768 963 1797 trahit
974 1780 979 1795 :
991 1768 1027 1796 ita
1042 1767 1122 1796 etiam
1139 1766 1208 1805 ignis
1222 1776 1300 1794 omne
1316 1764 1413 1794 vitium
1433 1765 1507 1803 quod
1521 1777 1555 1795 ex
1569 1766 1625 1805 spi-

56 1819 230 1858 ἔκκαθαίρειν.
247 1819 326 1849 Ἔστι
347 1819 392 1848 καὶ
414 1821 478 1857 παρ’
495 1821 559 1856 ἡμῖν
579 1820 644 1857 π’ῦρ,
666 1817 718 1846 ἀπὸ
737 1818 824 1856 ψυχῆς
833 1838 869 1855 527
880 1814 920 1842 nis
931 1813 1034 1842 exstitit
1045 1812 1214 1847 exhaurit‚et
1224 1811 1309 1850 ipsam
1321 1821 1415 1849 puram
1425 1811 1623 1846 reddit.Quam

55 1865 152 1900 ταύτην
165 1865 241 1893 ἕλκον
256 1865 303 1900 τὴν
317 1864 421 1899 κακίαν,
433 1865 463 1893 τὸ
474 1866 519 1893 τοῦ
530 1863 677 1901 πνεύματος
687 1863 756 1901 λέγω
770 1875 775 1880 ·
792 1863 822 1890 ἂν
842 1865 861 1887 Λ
879 1866 968 1888 autem
980 1859 1015 1887 ob
1026 1868 1133 1887 causam
1144 1857 1201 1885 haec
1216 1856 1274 1884 dixi
1284 1857 1297 1884 ἶ)
1309 1855 1388 1891 Quod
1401 1863 1521 1895 oporteat
1538 1857 1622 1886 undi-

55 1914 131 1940 τοῦτο
151 1912 307 1949 ἑπαφῶμεν,
330 1911 359 1940 οὔ
373 1910 420 1942 τὰς
441 1910 554 1942 ἀκάνθας
576 1909 667 1947 μόνον,
690 1908 758 1938 ἀλλὰ
777 1909 823 1937 καὶ

56 1956 104 1991 τὴν
127 1955 154 1988 ἐξ
171 1957 255 1984 αὐτῶν
275 1956 363 1984 νοτίδα
381 1954 560 1994 ἀναξηραίνειν
584 1954 749 1992 δυνησόμεθα
761 1965 767 1971 ·
787 1956 822 1986 ὡς

57 2002 101 2030 ἐὰν
121 1996 185 2030 ὦσιν
206 2003 401 2039 ἐμπεπηγυῖαι,
415 2001 502 2029 πάντα
521 1999 619 2038 γίνεται
637 2000 732 2037 μάτην.
748 1999 821 2038 οΟρα

55 2046 126 2085 γάρ·
142 2047 246 2081 εἰσ-’ἦλθε
270 2046 392 2078 πλούσιος
415 2047 538 2079 ἐνταῦθα,
562 2044 579 2078 ἢ
602 2044 647 2072 καὶ
671 2045 820 2074 πλουτοῦσα

53 2092 133 2129 γονης
145 2093 174 2120 οὗ
186 2091 315 2131 φροντίζει
325 2093 381 2124 πῶς
395 2090 500 2120 ἀκούσει
512 2092 563 2118 τῶν
575 2089 669 2127 λογίων
682 2092 728 2118 τοῦ
741 2091 820 2126 Θεοῦ,

54 2138 122 2167 ἀλλὰ
143 2139 199 2170 πῶς
224 2137 395 2173 ἐπιδείξεται,
413 2139 469 2169 πῶς
486 2135 552 2174 μετὰ
576 2136 679 2173 κόμπου
701 2135 818 2172 καθίσει,

51 2185 107 2216 πῶς
121 2183 188 2221 μετὰ
204 2182 279 2219 δόξης
294 2185 407 2217 πολλῆς,
419 2184 476 2215 πῶς
486 2183 573 2214 πάσας
584 2182 631 2214 τὰς
646 2182 728 2214 ἄλλας
740 2182 818 2220 ὑπερ-

50 2229 173 2258 ῧαλεῖται
187 2231 219 2267 τῇ
241 2231 293 2257 τῶν
311 2229 423 2266 ἱματίων
440 2228 612 2267 πολυτελείᾳ,
636 2228 681 2256 καὶ
699 2227 818 2266 σχήματι

50 2275 96 2304 καὶ
111 2275 245 2313 βλέμματι
258 2275 303 2304 καὶ
318 2274 462 2313 βαδίσματι
483 2273 641 2312 σεμνοτέραν
662 2273 756 2307 ἑαυτὴν
777 2273 818 2309 ε’ρ-

50 2321 176 2357 γάσεται,
193 2321 237 2350 καὶ
253 2325 327 2350 πᾶσα
348 2323 363 2355 ἡ
388 2321 491 2360 φροντὶς
511 2319 556 2348 καὶ
575 2323 591 2354 ἡ
609 2318 724 2357 μέριμνα
737 2319 819 2356 αὐτῇ,

51 2363 103 2407 ἆρα
127 2363 191 2396 εἶδεν
206 2370 222 2402 ἡ
238 2368 322 2402 δεῖνος
346 2363 398 2406 ἆρα
412 2366 560 2403 ἐθαύμασεν
574 2378 581 2401 ;
597 2361 647 2403 ἆρα
669 2365 755 2396 καλῶς
775 2375 820 2391 κε-

51 2412 330 2451 >caudam-potum&
346 2412 407 2451 περὶ
418 2411 510 2441 τούτου
533 2411 559 2441 δὲ
582 2411 658 2449 μόνον
679 2409 726 2444 τὴν
742 2421 820 2449 φρον-

87 2494 99 2507 “
120 2492 231 2528 [κατέχων
239 2494 348 2526 Comm.‚
359 2495 420 2519 Sav.
429 2500 454 2518 et
461 2493 534 2519 Colb.
550 2491 691 2526 Lege-batur
699 2495 810 2523 κατέχει-ι.

55 2533 111 2557 Mox
122 2533 180 2558 sort.
191 2533 238 2566 leg.
247 2537 284 2560 καὶ
296 2534 427 2567 apiacum]

87 2576 99 2595 11
117 2573 158 2598 Sic
170 2572 245 2598 Saxit.
258 2573 292 2607 [et
304 2573 389 2607 Cotb.]
412 2573 506 2598 meiius.
530 2572 615 2597 Mox-el,
630 2579 658 2595 cx
672 2570 728 2596 Mss.
741 2572 814 2604 [ἔαρ-Τ

879 1916 930 1945 que
945 1914 1097 1944 expurgare
1120 1913 1225 1931 omnem
1250 1912 1312 1940 erga
1334 1901 1446 1931 divitias
1459 1902 1541 1931 animi
1557 1903 1623 1932 affe-

877 1960 961 1982 ctum.
980 1952 1027 1981 Est
1051 1957 1075 1979 et
1098 1950 1170 1989 apud
1186 1959 1232 1978 nos
1247 1948 1318 1987 ignis
1333 1949 1379 1986 qui
1400 1949 1450 1977 hoc
1473 1949 1571 1977 vitium
1587 1960 1621 1978 ex

877 1999 966 2028 animo
980 1996 1108 2033 extrahit,
1123 2006 1217 2034 nempe
1232 1995 1301 2033 ignis
1314 1994 1441 2033 spiritus:
1454 1994 1476 2023 si
1491 2005 1551 2023 cum
1564 1995 1619 2024 im—

876 2046 1037 2081 miserimus,
1053 2054 1105 2073 non
1121 2043 1207 2071 solum
1228 2042 1330 2081 spinas,
1344 2041 1390 2070 sed
1404 2042 1450 2080 qui
1466 2052 1500 2070 ex
1513 2042 1550 2071 eis
1563 2043 1618 2071 ori—

874 2101 918 2122 tur
930 2093 1070 2121 humorem
1086 2089 1231 2129 poterimus
1246 2088 1388 2117 exsiccare.
1405 2088 1486 2123 Quod
1516 2088 1538 2117 si
1561 2089 1621 2118 sue-

875 2140 928 2167 rint
943 2138 1046 2174 infixze,
1063 2137 1160 2164 frustra
1175 2136 1244 2164 fiunt
1256 2135 1356 2163 omnia.
1375 2133 1447 2164 Vide
1463 2134 1552 2162 enim:
1566 2135 1619 2163 huc

875 2185 1010 2223 ingressus
1023 2189 1061 2211 est
1077 2181 1154 2210 dives
1165 2203 1173 2218 ‚
1186 2191 1231 2209 seu
1245 2180 1301 2217 vir,
1315 2190 1359 2209 seu
1376 2180 1494 2208 mulier?
1505 2190 1556 2208 non
1571 2191 1619 2209 cu-

874 2236 915 2258 rat
931 2226 1064 2267 quomodo
1079 2225 1170 2254 audiet
1184 2225 1232 2253 Dei
1249 2224 1366 2262 eloquia,
1382 2224 1428 2252 sed
1444 2224 1578 2262 quomodo
1591 2235 1618 2253 se

840 2282 856 2304 Β
875 2272 1029 2308 ostentabit,
1041 2269 1176 2309 quomodo
1193 2279 1254 2297 cum
1267 2269 1335 2297 fastu
1355 2267 1468 2303 sedebit,
1483 2268 1618 2306 quomodo

875 2328 936 2347 cum
949 2315 1033 2344 multa
1049 2314 1145 2353 gloria,
1159 2312 1294 2351 quomodo
1319 2312 1353 2341 sit
1377 2312 1445 2341 alias
1460 2319 1618 2351 superatura

876 2361 991 2391 vestium
1006 2357 1221 2398 magnificentia3
1237 2357 1397 2395 habituque,
1406 2356 1465 2385 visu
1478 2363 1502 2385 et
1513 2355 1616 2385 incessu

875 2417 903 2436 se
918 2404 1009 2435 reddet
1022 2403 1107 2442 magis
1123 2409 1243 2432 ornatam
1258 2412 1288 2431 ac
1299 2400 1496 2439 venerandam3
1511 2407 1619 2439 totaque

861 2500 934 2558 μηζῖ
944 2526 986 2549 Sic
1003 2523 1077 2549 Colb.
1092 2522 1161 2547 Editi
1173 2522 1294 2547 deficiunt
1304 2520 1386 2547 verbis
1398 2524 1422 2548 οὗ
1435 2524 1485 2556 π’ρὶ
1496 2523 1618 2547 nitram...
