1893 2860
483 164 514 187 ΙΝ
544 163 650 186 EPtST.
680 164 702 186 1.

734 163 752 185 A
760 163 778 185 D
805 163 836 186 Tl
841 162 932 185 MOTH
939 177 946 185 .

975 162 1052 185 car.
1083 164 1118 186 u.
1148 163 1266 187 norun.
1296 164 1343 186 vt.
1617 149 1706 184 658α

142 238 199 264 μεν,
215 227 240 255 ⁰5·
255 225 302 264 μὲν
316 224 375 254 Οὐδὲ
390 226 501 265 ἐροῦσιν,
513 226 536 254 Οἳ
547 225 574 255 δὲ
585 225 680 259 εἷδόῖες
690 226 779 264 ἕρῡῧσῑ
790 224 837 260 τὴν
848 224 910 252 “³⁷25-
929 227 947 249 E
966 239 1047 267 quam
1058 239 1115 258 rem
1128 230 1330 259 tractaverimus
1344 252 1352 267 ,
1368 229 1414 258 alii
1426 238 1458 257 nc
1472 226 1632 267 respondent
1646 228 1707 264 qui-

141 275 222 307 θεσιν,
237 272 274 304 εἷς
290 271 323 306 ἣν
339 271 482 310 εἰρήκαμεν
502 272 590 310 μόνον,
605 271 645 301 ὅτι
660 271 795 309 ὡμίλησεν
822 273 859 304 εἷς
880 271 910 300 τὸ

141 317 178 355 μὴ
194 318 247 346 δεῖν
269 321 452 356 μνησικακεῖν,
468 317 537 346 ἀλλὰ
559 318 603 346 καὶ
625 318 828 358 ὑπερεόχεσθαι,
853 312 910 346 εἶτα

140 364 248 404 ἀφέντες
263 366 346 393 εἰπεῖν
367 363 399 392 τὰ
422 364 549 403 λεχθέντα
572 364 672 393 πάντα·
695 366 723 393 οὗ
744 364 794 403 γὰρ
815 359 867 392 οἷόν
883 375 911 391 τε

141 412 310 448 μεμνῆσθαι·
333 411 357 439 οἳ
379 410 406 439 δὲ
425 412 527 448 μικρῶν
551 410 714 448 μέμνηνται,
728 410 805 438 “ἀλ).’
826 409 909 438 ἐνίων.

140 455 189 484 Διὸ
202 457 366 495 παρακαλῶ,
378 456 400 484 εἰ
417 456 499 495 μηδὲν
517 455 666 495 κερδαίνετε
681 457 711 484 ἐκ
730 457 783 484 τῶν
796 454 910 493 λεγομέ-

140 512 201 537 νων,
216 501 284 539 μηόὲ
298 502 440 541 προσέχειν
453 504 486 540 τῇ
502 501 637 539 ἀκροάσει.
647 500 684 529 Τι’
697 500 749 540 γὰρ
761 500 791 528 τὸ
804 501 909 539 ὄφελος

141 549 228 586 μεῖζον
242 547 272 576 τὸ
284 547 367 587 κρίμα
383 547 496 586 γίνεται,
510 546 684 586 χαλεπωτέρα
697 549 713 582 ἡ
728 546 859 585 τιμωρία,
869 546 909 574 ὅτι

140 593 208 632 μετὰ
224 593 318 632 μυρίας
331 593 499 631 παραινέσεις
510 597 564 625 τοῖς
581 593 668 626 αὐτοῖς
681 592 849 630 ἐπιμένομεν.
858 591 910 620 Διὰ

139 643 216 669 τοῦτο
231 639 310 678 εὐχὴν
330 642 395 677 ἡμῖν
413 639 508 678 ὥρισεν
527 641 541 667 ὁ
563 638 646 675 Θεὸς,
659 637 703 667 ἵνα
718 638 799 676 μηδὲν
819 639 908 676 βιωτι-

138 686 185 715 κὸν
200 685 266 724 μηδὲ
278 685 441 724 ἀνθρώπινον
454 686 577 722 αἰτῶμεν.
586 684 658 713 ''lo-rs
669 684 700 719 δὴ
713 686 737 713 οἳ
746 683 836 712 πιστοὶ
849 683 908 712 τίνα

139 732 178 760 δεῖ
192 731 328 770 εὔχεσθαι,
342 732 399 762 πῶς
419 735 493 759 πᾶσα
515 730 588 765 κοινή
611 732 681 759 ἐστιν
702 732 720 764 ἡ
744 730 822 769 εὐχή.
838 729 908 758 Ἀλλ’

138 779 186 805 οὖκ
199 777 303 815 εἴρηται
313 799 321 812 ,
331 776 421 815 φησὶν,
433 775 501 814 ὑπὲρ
513 778 565 804 τῶν
576 775 696 804 ἀπίστων
711 776 834 815 εὔχεσθαι
845 777 908 804 ἐκεῖ.

139 821 252 857 Ἐπειδὴ
269 821 306 859 μὴ
318 821 374 850 ἴστε
385 824 432 856 τῆς
445 822 525 860 εὐχῆς
539 821 587 855 τὴν
599 821 721 859 δύναμιν,
738 821 804 858 μηδὲ
818 822 848 850 τὸ
863 822 909 860 {302-
928 831 948 852 Α

139 871 181 901 θος
195 867 242 897 καὶ
254 867 300 897 τὸν
314 868 444 907 Θησαυρὸν
459 870 540 903 αὐτῆς
554 868 756 907 ἐπιγινώσκετε·
771 870 793 898 εἷ
806 869 857 907 γάρ
871 881 910 902 τις

137 914 222 950 αὐτὴν
244 913 424 951 ἀναπτύξειεν,
448 913 552 954 εὑρήσει
577 914 622 943 καὶ
641 917 718 943 τοῦτο
739 914 859 953 κείμενον
883 917 910 944 ἐν

140 961 206 999 αὐτῇ
231 959 320 989 ‘'va
342 959 394 998 γὰρ
417 958 483 998 λέγῃ
503 962 517 988 ὁ
540 959 696 998 εὐχόμενος,
719 961 861 996 Γενηθήτω
880 962 910 990 τὸ

141 1005 244 1044 θέλημά
259 1016 306 1033 σου
327 1006 363 1038 ὡς
382 1006 408 1033 ἐν
432 1006 550 1044 οὐρανῷ,
567 1005 613 1033 καὶ
634 1005 678 1033 ἐπὶ
696 1007 744 1040 τῆς
762 1007 825 1045 γῆς,
837 1006 910 1035 οὐδὲν

139 1051 232 1081 ἄλλο’
218 1064 236 1086 η
251 1062 327 1080 τουτο
339 1051 491 1080 αἰνίττεται.
504 1051 587 1084 Πῶς·
581 1073 588 1086 ,
602 1051 688 1080 “eon
677 1063 704 1079 εν
715 1053 817 1091 οὗρανῳ
828 1052 911 1085 οὖδεὶς

140 1098 264 1133 ἄπιστος,
275 1097 358 1130 οὐδεὶς
373 1096 553 1136 προσκρούων.
569 1097 603 1125 Εἰ
617 1096 703 1125 τοίνυν
721 1097 782 1136 περὶ
793 1099 845 1126 τῶν
861 1110 910 1127 πι-

139 1146 208 1174 στῶν
222 1143 308 1181 μόνων
324 1146 366 1178 ἢν,
381 1143 429 1172 οὐκ
443 1153 465 1170 ει
467 1153 499 1181 χε
513 1142 589 1180 λόγον
603 1155 633 1172 το
646 1142 797 1181 λεγόμενον.
812 1145 846 1173 Εἰ
859 1144 911 1184 γὰρ

139 1192 163 1220 οἱ
178 1189 267 1219 πιστοὶ
282 1189 391 1227 ἔμελλον
406 1188 436 1216 τὸ
450 1190 476 1216 Οε
467 1189 554 1226 ελημει
568 1189 646 1217 αὐτου
660 1193 753 1225 ποιεῖν,
768 1189 831 1218 οἶδὲ
848 1190 910 1219 ἄπι-

139 1247 198 1265 στοι
211 1235 270 1275 οὐχὶ
279 1257 286 1271 ‚
302 1234 389 1263 οὐκέτι
403 1236 439 1267 ὡς
461 1235 488 1262 ἐν
501 1235 603 1273 οὐρανῷ
617 1234 646 1263 τὸ
664 1235 767 1272 θέλημα
780 1237 857 1264 αὐτοῦ
865 1231 908 1272 ἦν,

138 1281 208 1311 ἀλλὰ
220 1281 259 1316 τί;
273 1281 381 1320 θὨσπερ
401 1281 427 1308 ἐν
441 1281 558 1319 οὐρανῷ,
576 1280 663 1318 φησὶν,
680 1281 762 1314 οὐδεὶς
783 1283 910 1320 πονηρὸς,

138 1327 206 1357 οὕτω
219 1326 286 1365 μηδὲ
296 1325 340 1354 ἐπὶ
355 1326 402 1360 τ’ἧς
416 1336 464 1363 γης
475 1324 557 1353 ἔστω·
568 1325 637 1353 ἀλλὰ
647 1326 761 1361 πάντας,
774 1327 863 1366 φησὶν,
875 1329 910 1361 εἷς

137 1373 181 1402 τὸν
199 1372 278 1412 φόὸον
291 1371 400 1400 ἕλκυσον
412 1371 456 1400 τὸν
467 1374 581 1406 σαυτοῦ,
589 1371 691 1403 πάντας
702 1372 784 1411 αγγέ)
785 1383 828 1405 ους
836 1373 911 1409 ποίη-

138 1431 183 1450 σον
193 1419 253 1451 τους
267 1417 432 1457 ἀνθρώπους,
444 1429 493 1446 καν
505 1417 617 1456 ἐχθροι*
604 1418 680 1455 ημῶν
692 1419 759 1453 ὠσι,
771 1419 820 1447 κᾶν
832 1420 899 1449 πολ
887 1433 910 1442 ··--

139 1478 204 1505 μιοι.
219 1467 281 1504 Οὖχ
305 1466 367 1503 ὁρᾷς
384 1463 455 1493 πόσα
477 1465 536 1492 καθ’
558 1463 672 1498 ἑκάστην
697 1463 752 1501 ῆμέ
754 1475 800 1503 ραν
815 1466 911 1498 ὁΘεὸς

140 1510 433 1552 βλασφημεῖταιςπόσα
454 1510 590 1550 ὓὸρίζεται
613 1509 659 1538 καὶ
681 1511 755 1550 παρὰ
775 1513 827 1540 τῶν
848 1512 910 1540 ἀπί-

139 1571 218 1594 στων,
230 1558 276 1587 καὶ
290 1557 364 1596 παρὰ
377 1558 429 1585 τῶν
443 1558 544 1586 πιστῶν
553 1579 560 1592 ,
576 1556 621 1585 καὶ
641 1556 686 1586 διὰ
708 1557 844 1596 ῥημάτων,
865 1558 911 1587 καὶ

138 1606 182 1635 διὰ
196 1603 378 1645 πραγμάτων,
389 1603 425 1632 Τί
439 1598 494 1638 οὖν,
507 1602 598 1632 {affice
614 1602 657 1632 διὰ
671 1605 749 1632 τοῦτο
759 1604 803 1632 τὸν
820 1604 909 1642 ἥλιον;

137 1651 257 1689 ἐκοίμισε
274 1649 323 1685 τὴν
338 1649 450 1684 σελήνην
463 1661 469 1684 ;
490 1648 634 1688 κατέῤῥαξε
653 1648 696 1677 τὸν
711 1649 833 1688 οὐρανόν,
849 1652 910 1680 ἀνε-

136 1697 234 1737 τάραξε
246 1696 294 1732 τὴν
308 1696 374 1735 γῆν;
387 1694 496 1734 ἐξήρανε
509 1694 556 1730 τὴν
571 1695 721 1732 θάλασσαν;
735 1695 847 1735 ἠφάνισε
857 1699 909 1726 τῶν

136 1744 239 1774 ὑδάτων
262 1741 309 1774 τὰς
331 1740 435 1779 πηγὰς,
459 1740 565 1780 συνέχεε
588 1740 632 1769 τὸν
656 1741 734 1779 ἀέρα;
759 1742 909 1780 Οὐδαμῶς,

136 1788 205 1818 ἀλλὰ
216 1793 269 1817 πᾶν
284 1786 432 1817 τούναντίον
444 1798 450 1804 ·
460 1786 573 1815 ἀνατέλ)
575 1798 597 1814 ει
613 1799 656 1815 τον
668 1786 754 1822 ηΛιον,
768 1787 909 1843 βρέχειτον

136 1835 223 1870 ὑετὸν,
241 1834 331 1863 δίδωσι
346 1831 478 1872 καρποὺς,
495 1832 585 1861 δίδωσι
605 1832 702 1871 τροφὰς
717 1833 836 1869 ἐτησίους
856 1838 909 1866 τοῖς

138 1880 323 1920 βλασφήμοις,
337 1884 391 1912 τοῖς
414 1878 546 1914 ἀνοήτοις,
569 1883 624 1911 τοῖς
647 1883 766 1918 μιαροῖς,
780 1883 834 1912 τοῖς
849 1879 910 1908 διώ-

136 1939 229 1962 κταις,
245 1927 274 1955 οὗ
299 1925 362 1964 μίαν
387 1924 490 1963 ἧμέραν
505 1924 564 1954 οὐδὲ
583 1924 707 1964 δευτέραν
729 1925 787 1954 οὐδὲ
809 1925 910 1965 τρίτην,

138 1972 207 2001 ἀλλὰ
222 1971 310 2000 πάντα
322 1971 367 1999 τὸν
380 1971 446 2008 βίον.
458 1972 560 1999 Τοῦτον
570 1970 687 2008 μίμησαι
697 1971 742 1999 καὶ
757 1970 788 2000 σὺ
799 1993 806 2006 ,
818 1973 909 2000 τοῦτον

137 2018 256 2053 ζήλωσον
272 2016 341 2046 κατὰ
360 2016 470 2054 δύναμιν
491 2016 668 2054 ἀνθρωπίνην.
683 2018 724 2046 Οὗ
743 2016 852 2045 δύνασαι
865 2017 909 2047 τὸν

136 2064 210 2100 ἥλιον
226 2063 378 2098 ἀνατεῖλαι;
396 2061 432 2100 μὴ
444 2061 641 2101 κακηγορήσῃς.
653 2063 694 2091 Οὐ
711 2062 820 2091 δύνασαι
836 2063 908 2092 ῧετὸν

138 2111 241 2144 δοῦναι;
257 2108 303 2143 Μὴ
316 2107 480 2146 λοιδορήσῃς.
493 2108 533 2136 Οὖ
545 2107 653 2136 δύνασαι
674 2108 784 2147 ορέψαι;
804 2108 841 2147 μὴ
854 2121 908 2138 πα-

139 2155 271 2213 ροινήσῃς.
282 2155 370 2193 Ἀρκεῖ
378 2157 461 2182 ταῦτα
469 2153 542 2192 παρὰ
550 2156 596 2182 σοῦ
608 2155 680 2193 δῶρα
687 2166 693 2172 ·
702 2154 776 2193 παρὰ
784 2158 830 2184 τοῦ
838 2156 907 2184 Θεοῦ

137 2203 170 2230 δι’
187 2202 215 2241 ἔρ
217 2213 270 2240 γων
279 2200 380 2240 γίνεται
392 2200 428 2232 εἷς
438 2198 496 2232 τους
508 2198 617 2238 εχΟρους
626 2202 642 2234 ἡ
657 2200 726 2238 εὖερ
715 2200 807 2229 νεσία·
819 2213 851 2230 συ
858 2200 906 2229 κᾶν

136 2247 180 2276 διὰ
191 2247 276 2286 λόγων
290 2246 410 2281 ποίησον,
425 2245 534 2284 ὑπέρευξ
538 2258 564 2274 αι
578 2258 623 2275 του
641 2248 749 2286 ἐχθροψ
764 2259 846 2279 ουτως
858 2247 904 2285 ἔσῃ
924 2271 943 2294 D

135 2293 224 2332 ὅμοιος
236 2295 274 2321 τῶ
289 2292 378 2330 Πατρί
392 2303 437 2320 σου
451 2303 489 2331 τῳ
511 2293 537 2320 ἐν
552 2293 680 2331 οὐρανοῖς.
692 2293 849 2333 Μυριάκις“
840 2305 877 2321 υπ
878 2293 907 2333 ἐρ

137 2351 236 2368 τουτων
249 2338 435 2377 διελέχθημεν,
450 2350 496 2366 και
507 2338 689 2377 διαλεγόμενοι
708 2340 736 2367 οὗ
753 2338 908 2377 παυόμεθα·

140 2391 218 2430 μόνον
235 2390 347 2430 γινέσθω
360 2401 386 2418 τι
409 2387 609 2427 πλεόνζιἩμεῖς
632 2389 678 2428 0ῦᾴ
687 2389 826 2427 ναρκῶμεν
851 2388 908 2418 οὐδὲ

139 2441 340 2480 ἀποκάμνομεν,
355 2442 433 2478 ἦμεῖς
452 2441 481 2469 οὐ
499 2442 692 2479 περικακοῧμεν
715 2439 844 2477 λέγοντες·
862 2439 911 2477 μό-

177 2555 186 2566 2
206 2545 289 2578 [colb.
303 2549 339 2572 αἱ
353 2545 434 2577 ἐνίων]

965 273 1042 309 dem,
1068 275 1115 304 alii
1137 275 1214 314 gnari
1233 275 1323 304 dicent
1344 280 1534 314 argumentum
1559 272 1631 311 quod
1653 279 1707 301 tra-

966 320 1107 357 ctavimus,
1117 321 1191 359 quod
1201 331 1253 349 non
1262 328 1383 360 oporteat
1393 320 1554 360 injuriarum
1563 318 1707 355 reminisci,

965 364 1020 394 imo
1041 366 1121 395 etiam
1135 377 1184 405 pro
1201 367 1318 395 inimicis
1336 377 1431 403 orare3
1450 365 1547 394 deiude
1557 375 1618 403 quae
1635 364 1708 393 dicta

965 413 1038 441 suere
1049 414 1139 442 omnia
1151 414 1273 443 emittent
1287 425 1293 441 x
1307 424 1392 452 neque
1406 413 1477 443 euim
1488 412 1639 442 meminisse
1650 422 1709 452 pos-

964 465 1027 486 sunt
1046 470 1052 485 :
1072 459 1118 487 alii
1134 465 1222 487 autem
1237 469 1322 498 pauca
1342 459 1387 488 sed
1406 458 1530 497 quaedam
1544 465 1632 486 tamen
1647 467 1709 486 me-

964 503 1049 531 moria
1072 504 1212 532 retineant.
1234 504 1296 533 Ideo
1316 505 1436 539 obsecro,
1453 505 1474 533 si
1491 504 1558 532 nihil
1575 514 1608 532 ex
1628 503 1707 532 dictis

964 548 1129 587 lucramini,
1150 560 1183 578 ne
1201 550 1282 579 dictis
1296 550 1450 579 attendatis.
1469 552 1537 586 Quae
1556 550 1626 578 euim
1643 549 1708 578 hinc

965 594 1090 624 utilitas?
1106 597 1192 635 majus
1207 596 1308 625 crimen
1322 596 1384 632 erit,
1400 597 1510 634 gravius
1525 596 1689 635 supplicium
1699 618 1706 632 ,

929 642 945 664 F
964 640 1026 679 quia
1048 648 1108 680 post
1122 641 1196 670 mille
1210 641 1311 670 monita
1326 642 1352 670 in
1367 641 1463 670 iisdem
1478 652 1624 671 mancinus.
1643 641 1707 670 Ideo

964 686 1041 714 nobis
1058 687 1130 715 Deus
1148 687 1295 715 orationem
1315 686 1464 723 constituit,
1485 693 1514 714 ut
1534 686 1603 714 nihil
1625 697 1707 715 mun-

965 729 1066 758 danum
1079 730 1122 759 vel
1140 730 1289 759 humanum
1307 737 1437 770 petamus.
1455 730 1535 759 Scitis
1550 740 1624 768 vero,
1639 730 1707 758 fide-

944 815 954 820 *
965 776 1014 814 les,
1029 787 1152 815 quaenam
1167 784 1256 817 petere
1275 777 1303 806 in
1316 778 1436 806 oratione
1452 784 1584 817 oporteat,
1599 784 1624 806 et
1638 788 1708 816 quo-

965 822 1045 851 modo
1059 823 1146 851 omnis
1160 823 1245 852 oratio
1262 823 1411 852 communis
1425 823 1470 852 sit.
1487 825 1520 852 At
1537 833 1590 852 non
1605 823 1709 852 dictum

966 869 1026 904 suit,
1043 870 1159 908 inquies,
1177 870 1249 908 quod
1264 881 1314 909 pro
1328 870 1486 899 infidelibus
1501 870 1536 899 sit
1553 870 1612 899 illic
1625 881 1708 900 oran-

965 914 1040 943 dum.
1059 916 1130 952 Quia
1145 916 1251 945 nescitis
1263 916 1391 945 orationis
1402 916 1469 952 vim,
1483 927 1568 955 neque
1581 917 1709 946 altitudi-

965 971 1026 990 nem
1038 972 1086 990 nec
1096 962 1252 991 thesaurum
1262 962 1336 991 illius
1345 963 1504 1001 cognoscitis
1516 975 1521 991 :
1534 964 1555 992 si
1567 964 1628 1002 quis
1638 964 1709 993 euim

965 1017 1023 1036 eam
1037 1007 1180 1046 diligenter
1195 1015 1343 1044 scrutetur,
1358 1008 1409 1036 hoe
1426 1008 1507 1037 etiam
1524 1008 1552 1037 iu
1569 1009 1616 1038 illa
1634 1009 1709 1038 inve-

966 1052 1030 1082 niet.
1043 1053 1112 1082 Cum
1126 1053 1197 1081 enim
1212 1053 1346 1092 precando
1357 1053 1468 1090 dicitur,
1481 1055 1551 1083 Fiat
1567 1055 1709 1084 voluntas

967 1105 1019 1128 tua
1036 1101 1109 1128 sicut
1125 1101 1157 1128 in
1171 1100 1243 1129 caelo
1257 1106 1284 1128 et
1298 1101 1328 1128 in
1344 1106 1440 1138 terra,
1456 1099 1525 1128 nihil
1539 1100 1614 1130 aliud
1628 1112 1709 1140 quam

966 1145 1036 1174 illud
1049 1145 1244 1175 subindicatur.
1259 1146 1403 1182 Quomodo
1415 1146 1428 1175 Ξ)
1442 1146 1513 1184 Quia
1529 1147 1556 1176 in
1571 1147 1636 1177 caelo
1647 1148 1710 1177 nul-

966 1191 1009 1220 lus
1020 1191 1137 1221 infidelis
1149 1199 1198 1230 est,
1211 1192 1302 1222 nullus
1312 1192 1360 1231 qui
1374 1193 1502 1222 offendat.
1513 1194 1543 1222 Si
1555 1205 1618 1233 ergo
1634 1195 1663 1224 id
1673 1195 1709 1226 de

965 1237 1095 1267 fidelibus
1109 1245 1214 1266 tantum
1229 1238 1435 1277 intelligendum
1448 1246 1524 1276 esset,
1538 1239 1642 1268 dictum
1658 1251 1708 1270 non

966 1291 1033 1313 esset
1045 1283 1143 1313 rationi
1156 1291 1371 1313 consentaneum.
1386 1285 1456 1314 Nam
1467 1285 1490 1314 si
1505 1285 1596 1314 fideles
1610 1287 1708 1316 volun-

965 1337 1046 1358 tatem
1061 1330 1119 1369 ejus
1134 1330 1231 1359 facturi
1247 1337 1347 1365 essent,
1363 1330 1486 1359 infideles
1501 1341 1565 1360 vero
1578 1331 1690 1362 minime
1699 1356 1708 1369 ,

965 1375 1090 1404 voluntas
1105 1376 1162 1415 ejus
1173 1385 1225 1404 non
1237 1375 1305 1404 sicut
1314 1376 1341 1404 in
1354 1375 1420 1404 caelo
1434 1376 1461 1404 in
1476 1383 1544 1405 terra
1562 1377 1646 1413 fieret,
1663 1377 1709 1406 sed

965 1421 1056 1459 quid?
1071 1421 1149 1450 Sicut
1168 1421 1194 1449 in
1209 1421 1285 1458 caelo,
1302 1420 1401 1459 inquit,
1417 1431 1494 1450 nemo
1506 1422 1593 1451 malus
1603 1430 1658 1459 est;
1671 1423 1710 1451 sic

965 1477 1051 1506 neque
1068 1467 1095 1496 in
1110 1474 1180 1496 terra
1200 1467 1234 1496 sit
1249 1479 1255 1494 :
1271 1466 1316 1495 sed
1335 1477 1426 1496 omnes
1437 1489 1445 1504 ,
1460 1467 1558 1506 inquit,
1573 1468 1608 1497 ad
1623 1469 1662 1497 tui
1675 1469 1708 1497 ti-

966 1523 1067 1542 morem
1091 1512 1210 1548 attrahe,
1232 1523 1324 1541 omnes
1348 1512 1468 1542 homines
1489 1513 1595 1551 angelos
1616 1514 1708 1552 facito,

965 1559 1069 1588 etiamsi
1082 1559 1185 1587 inimici
1194 1558 1336 1597 hostesque
1347 1558 1408 1588 sint.
1420 1560 1481 1588 Non
1492 1558 1567 1592 vides
1579 1567 1709 1598 quantum

965 1604 1086 1644 quotidie
1099 1605 1173 1633 Deus
1187 1604 1413 1644 blasphemetur?
1426 1611 1557 1642 quantum
1573 1612 1710 1634 contume-

965 1651 1002 1680 lia
1022 1651 1158 1680 afficiatur
1172 1657 1198 1679 et
1213 1651 1247 1679 ab
1264 1650 1422 1679 infidelibus
1440 1656 1466 1678 et
1483 1661 1499 1678 a
1517 1650 1645 1680 fidelihus
1656 1674 1664 1688 ‚
1683 1659 1709 1680 et

965 1708 1013 1738 per
1026 1697 1108 1727 verba
1125 1704 1150 1726 et
1166 1707 1213 1737 per
1230 1707 1272 1725 res
1285 1697 1357 1736 ipsas
1373 1696 1386 1724 Ξ)
1403 1696 1480 1733 Quid
1494 1707 1558 1735 ergo
1570 1697 1584 1725 Ρ
1598 1707 1632 1725 an
1647 1708 1708 1736 pro-

964 1750 1055 1784 pterea
1067 1743 1150 1772 solem
1159 1742 1312 1772 exstinxit?
1326 1753 1360 1771 an
1371 1742 1440 1771 lunae
1453 1753 1562 1771 cursum
1575 1743 1707 1772 sustulit?

964 1800 997 1818 an
1011 1790 1105 1818 caelum
1119 1788 1246 1828 dirupit?
1258 1798 1292 1817 an
1306 1795 1405 1817 terram
1419 1788 1576 1816 concussit?
1587 1799 1621 1816 an
1635 1799 1709 1817 mare

964 1836 1135 1865 exsiccavit?
1146 1846 1179 1864 an
1193 1836 1278 1863 fontes
1289 1844 1421 1873 aquarum
1442 1834 1561 1862 sustulit*
1572 1844 1606 1862 an
1618 1845 1708 1864 aerem

965 1883 1087 1913 confudit
1103 1883 1303 1920 i'Nequaquam
1321 1892 1328 1908 z
1350 1880 1405 1909 imo
1424 1887 1526 1917 contra,
1543 1880 1626 1909 solem
1641 1881 1707 1910 oriri

966 1936 1052 1964 curat,
1074 1928 1198 1968 pluviam
1217 1926 1349 1964 demittit,
1370 1927 1473 1955 fi'uctus
1489 1925 1535 1954 dat
1556 1933 1581 1955 ct
1604 1937 1706 1957 annuos

965 1976 1038 2005 cibos
1053 1974 1219 2014 blasphemis
1228 1996 1235 2010 ,
1247 1972 1386 2002 insensatis
1396 1995 1404 2011 ,
1416 1971 1600 2007 exsecrandis,
1618 1983 1707 2012 perse-

964 2021 1144 2061 quutoribus;
1162 2030 1215 2049 non
1233 2030 1286 2047 uno
1303 2018 1358 2054 die,
1373 2028 1425 2047 non
1440 2017 1567 2055 secundo,
1589 2028 1640 2046 non
1654 2025 1706 2048 ter-

963 2070 1001 2098 tio
1014 2091 1022 2106 ‚
1042 2067 1090 2097 sed
1109 2078 1156 2107 per
1175 2073 1258 2095 totam
1276 2065 1372 2095 vitam.
1396 2065 1474 2093 Hunc
1491 2071 1517 2094 ct
1536 2071 1564 2094 tu
1588 2065 1704 2105 imitare,

962 2115 1034 2144 hunc
1044 2113 1193 2143 secundum
1203 2112 1335 2141 humanas
1349 2111 1419 2141 vires
1432 2111 1565 2140 aemularc.
1580 2112 1640 2140 Non
1658 2122 1707 2151 po·

963 2168 1001 2190 tes
1024 2167 1053 2190 ut
1073 2159 1114 2189 sol
1133 2159 1238 2188 oriatur
1257 2157 1377 2186 curare?
1393 2168 1408 2185 a
1427 2156 1578 2186 maledictis
1592 2157 1704 2187 abstine.

963 2208 1021 2236 Non
1033 2212 1108 2246 potes
1118 2205 1241 2245 pluviam
1251 2203 1333 2232 dare.
1326 2204 1339 2224 2’
1350 2214 1383 2232 ne
1392 2202 1581 2232 contumeliam
1595 2203 1702 2232 inferas.

962 2253 1021 2282 Non
1036 2258 1110 2292 potes
1127 2251 1253 2279 alimenta
1269 2249 1359 2279 dare?
1382 2259 1415 2278 ue
1429 2248 1562 2277 violentus
1581 2249 1625 2277 sis.
1642 2249 1706 2278 Haec

962 2306 1006 2328 tua
1022 2298 1092 2327 dona
1105 2297 1260 2327 sufficiunt·
1275 2307 1290 2325 a
1305 2296 1363 2325 Deo
1376 2302 1464 2324 autem
1477 2305 1524 2334 per
1532 2305 1611 2334 opera
1622 2295 1734 2347 exhi-P

962 2345 1060 2374 beutur
1078 2343 1174 2373 collata
1193 2342 1310 2371 inimicis
1327 2341 1457 2371 beneficia
1478 2353 1484 2369 ε
1504 2348 1534 2370 tu
1556 2351 1604 2392 per
1622 2327 1734 2371 ve1·¹'ba

965 2391 1058 2421 saltem
1077 2389 1193 2426 exhibe,
1207 2399 1257 2428 pro
1275 2387 1384 2417 inimico
1398 2397 1527 2427 precate.
1545 2387 1584 2417 sic
1597 2387 1649 2416 etis
1665 2388 1705 2416 si-

966 2437 1039 2466 milis
1053 2436 1126 2466 Patri
1141 2442 1188 2464 tuo
1199 2435 1244 2473 qui
1257 2434 1284 2463 in
1296 2434 1367 2463 coelis
1380 2441 1426 2463 est.
1439 2434 1479 2462 De
1491 2433 1532 2462 his
1545 2433 1641 2463 millies
1652 2433 1705 2462 dis-

1716 2366 1746 2378 CIS
1767 2368 1792 2387 ¹1(

1717 2390 1780 2411 dum

1783 2329 1856 2347 iuimi-

1820 2366 1859 2377 an-
