1893 2860
443 136 475 158 ΙΝ
504 136 612 159 ΕΡ15Τ.
642 137 677 159 11.

93 198 138 228 καὶ
156 200 184 226 ἐκ
198 197 302 226 πάντων
320 208 352 235 με
372 197 499 236 ε’ῤῥύσατο
514 199 527 226 ὁ
542 198 653 238 Κύριος·
667 198 734 227 οὕτω
752 199 796 227 καὶ
820 200 862 226 ἐν-

92 246 175 272 ταῦθα
193 243 272 282 διπλῇ
294 243 459 283 παρεκάλεσε
479 242 522 272 τὸν
538 244 667 281 μαθητὴν,
680 247 718 284 τῷ
734 257 762 273 τε
777 247 864 277 κακῶς

92 289 214 327 πάσχειν,
227 289 271 318 καὶ
283 290 320 328 τῷ
343 290 439 318 ἐκεῖνον
462 290 664 328 ἀπολήψεσθαι·
683 293 733 330 οὐχ
751 292 786 324 ὡς
811 291 863 319 τῶν

91 334 174 372 ἁγίων
187 339 245 367 ταῖς
259 335 398 375 τιμωρίαις
422 336 614 375 ἔπιχαιρόντων
627 337 717 369 ἁπλῶς
729 359 736 372 ,
750 338 808 365 ἀλλ’
829 338 864 369 ὡς

91 383 136 410 τοῦ
157 380 325 420 κηρύγματος
339 381 461 420 δεομένου
481 382 526 410 καὶ
544 384 595 411 τῶν
611 383 802 422 ἀσθενεστέρων
817 384 864 417 τ’ἧς

91 428 207 455 ἐντευθεν
222 426 401 467 παραμυθίας
416 427 467 456 Ον
484 428 529 456 καὶ
549 428 596 462 συ,
613 428 690 466 φησὶ,
713 428 862 466 φυὶοὶσσου·

91 472 148 501 λίαν
163 472 215 511 γὰρ
228 473 372 508 ἀνθέστηκε
387 477 440 506 τοῖς
455 473 618 512 ἡμετέροις
610 473 704 511 Λόγοις.
717 473 862 508 Ιουτέστι,

91 520 202 556 πολεμεῖ
215 530 282 547 καιε
272 521 405 548 ’ναντιοῧτ
408 532 444 548 αι.
470 519 522 548 Και
538 519 585 547 οὐκ
600 522 670 554 εἰπε,
691 517 859 558 τιμώρησαι,

92 564 219 600 κόλασον,
242 566 292 594 ἀπε
287 564 385 601 λασον,
404 565 491 594 καίτοι
511 577 540 603 γε
563 566 622 600 ἐν’ἧν
637 564 680 594 διὰ
694 566 741 598 τῆς
756 564 863 603 χάριτος

55 628 57 630 -
92 612 177 639 ταῦτα
192 610 370 650 ἐργάσασθαι·
386 612 444 640 ἀλλ’
468 611 541 640 οὐδὲν
564 610 672 647 τούτων,
687 610 744 639 οὐδὲ
762 610 863 642 ὁπλίζει

94 656 171 685 αὐτὸν
189 659 248 685 κατ’
275 659 367 692 αὐτοῦ,
389 658 447 686 ἀλλ’
475 659 622 696 ἀναχωρεῖν
645 656 723 695 μόνον
748 656 862 690 κελεύει,

94 704 132 741 τῷ
147 704 208 741 Θεῷ
218 705 428 742 παραχωροῦντα
440 705 486 737 τῆς
498 702 637 742 τιμωρίας.
659 702 711 731 Καὶ
726 703 790 742 πρὸς
812 714 863 730 πα-

95 748 223 786 ραμυθίαν
243 749 295 776 τῶν
310 748 502 787 ἀσθενεστέρων
513 751 589 777 τοῦτο
603 747 706 787 εἴρηκε,
722 748 752 776 τὸ
763 771 770 784 ,
782 747 862 777 Ἀπο-

93 793 169 822 δώσει
193 795 277 832 αὐτῷ·
293 793 306 822 ὃ
326 794 371 822 καὶ
386 794 535 833 προφητεία
551 794 631 830 ἐστὶν,
649 794 665 828 ἢ
681 794 741 833 ἀρά.
756 793 821 823 “Ort
837 793 863 823 δὲ

92 839 159 878 ὑπὲρ
172 842 217 868 τοῦ
233 839 276 867 τὸν
302 843 389 876 μαθητ
391 852 423 875 ·rv
443 842 500 869 ‹ik-'-
494 841 579 879 ιψαι.
567 852 630 869 ταυτ
634 852 649 868 α
667 840 752 879 λεγει,
767 852 812 868 και
834 841 863 868 ἐκ

92 887 144 914 τῶν
163 884 222 920 ἑξῆς
236 886 323 921 δῆλον.
340 885 408 914 Ἀλλ’
425 886 474 925 ορα
493 887 548 915 τα)
552 899 572 915 ιν
586 888 641 919 πῶς
660 899 688 915 ε·
679 886 762 925 ε’ρους
772 899 805 915 πε
795 899 863 926 ιρα-

93 931 176 969 σμους
187 933 264 960 αὐτου
276 933 414 970 διηγεῖται.
429 932 476 961 Εν
489 934 522 971 τῇ
538 932 631 971 πρώτῃ
655 945 704 970 μου
721 932 861 973 ἀπολογία,

94 977 184 1015 φησὶν,
198 978 280 1010 οὖδεις
296 989 340 1015 μοι
356 989 478 1018 συμπαρε
481 978 570 1018 γένετο
581 1001 588 1014 ,
610 991 678 1007 mm
680 989 705 1011 ες
731 990 762 1015 uz
788 980 865 1017 ἐγκα-

93 1023 217 1052 τέλιπον·
231 1023 268 1062 μὴ
282 1026 369 1057 αὐτοῖς
383 1024 527 1063 λογισθείη.

134 1121 217 1160 Ὁρᾷς
237 1123 293 1154 πῶς
317 1122 433 1160 φείδεται
456 1118 508 1150 τῖῧν
533 1122 653 1159 οἷκείων;
679 1122 766 1152 καίτοι
790 1123 864 1162 ἔργον
880 1115 911 1132 ‘³²

95 1168 251 1206 εἰργάσαντο
262 1168 354 1197 δεινόν.
369 1170 409 1197 Οὐ
426 1168 478 1207 γάρ
491 1169 561 1198 ἐστιν
574 1169 628 1198 ἴσον
643 1169 717 1207 παρὰ
732 1171 784 1198 τῶν
799 1169 865 1203 ἔξω-

95 1216 138 1242 θεν
157 1217 395 1252 καταφρονεῖσθαι,
418 1214 463 1242 καὶ
483 1215 557 1253 παρὰ
579 1216 630 1243 τῶν
648 1215 759 1244 οἰκείων.
784 1215 866 1255 Ὁρᾷς

94 1259 286 1297 ἐπιτεταμένην
302 1260 428 1297 ἀθυμίαν;
444 1261 502 1289 Οὐκ
524 1260 593 1299 ἔχεις
617 1262 708 1297 εἰπεῖν,
727 1261 768 1291 ὅτι
794 1262 866 1301 παρὰ

95 1305 144 1342 μὲν
157 1307 210 1334 τῶν
228 1305 321 1339 ἔξωθεν
337 1306 538 1344 ἐπολεμούμην,
559 1302 628 1346 εἶχον
648 1307 675 1337 δὲ
698 1309 867 1347 παραμυθίαν

94 1351 142 1386 τὴν
159 1351 300 1388 θεραπείαν
321 1352 367 1380 καὶ
386 1352 434 1387 τὴν
461 1353 619 1392 συμμαχίαν
639 1356 691 1382 τῶν
716 1356 787 1392 ἐμῶν
801 1367 806 1372 ·
822 1355 867 1384 καὶ

93 1397 146 1437 γὰρ
159 1397 204 1426 καὶ
219 1397 314 1426 ἐκεῖνοι
327 1410 360 1436 με
375 1398 540 1437 προέδωκαν.
558 1399 660 1432 Παντες
677 1412 710 1438 με
727 1402 863 1438 ἐγκατέλι-

95 1454 155 1479 πον,
172 1443 262 1482 φησίν.
276 1442 342 1483 Αρα
355 1445 383 1472 ου
399 1443 493 1483 μικρὸν
508 1444 656 1483 ἁμάρτημα
672 1449 756 1475 τουτο.
772 1448 806 1475 Εἰ
816 1447 866 1486 γὰρ

95 1492 122 1519 ἐν
134 1490 244 1529 πολέμῳ
258 1490 303 1519 τὸν
324 1490 508 1519 κινδυνεύοντα
528 1493 542 1519 ὁ
567 1491 656 1530 ἀφεις,
683 1492 728 1520 καὶ
749 1504 795 1526 τις
814 1494 867 1521 τῶν

95 1538 196 1575 ἐγθρῶν
221 1536 313 1565 ἑαυτὸν
327 1535 464 1574 ὑπεξάγων
488 1548 592 1576 χειρος,
613 1538 663 1566 υπὸ
686 1540 738 1566 τῶν
764 1539 866 1567 οἰκείων

95 1582 242 1617 πλήττεται
253 1582 376 1616 εἰκότως,
392 1585 428 1615 ὡς
447 1582 478 1611 τὸ
493 1587 546 1611 πᾶν
561 1583 715 1623 διαφθείρας
737 1585 782 1614 καὶ
797 1597 866 1625 προ-

96 1628 154 1661 δούς
163 1640 169 1646 ·
180 1629 270 1668 πολλῷ
285 1629 384 1666 μᾶλλον
396 1630 422 1658 ἒν
432 1630 470 1668 τῷ
482 1629 643 1667 κηρύγματι.
656 1630 740 1659 Ποίαν
753 1631 779 1660 ’δὲ
792 1631 865 1670 πρώ-

96 1685 144 1709 την
160 1674 304 1712 ἀπολογίαν
315 1673 400 1713 λέγει;
415 1674 542 1714 Παρέστη
555 1675 606 1710 ἤδη
626 1678 664 1715 τῷ
686 1676 789 1716 Νέρωνι
799 1700 806 1713 ,
821 1677 867 1706 καὶ

96 1720 232 1759 διέφυγεν·
249 1719 340 1754 ἐπειδὴ
360 1720 387 1748 δὲ
410 1720 454 1749 τὸν
475 1721 592 1760 οἰνοχόον
615 1723 692 1750 αὐτοῦ
716 1723 866 1762 κατήχησε,

95 1766 154 1795 τότε
164 1766 241 1795 αὐτὸν
254 1766 394 1804 ἀπέτεμεν.
410 1765 478 1795 Ἰδοὺ
493 1767 575 1795 πάλιν
597 1767 734 1806 προτροπὴ
759 1770 796 1807 τῷ
813 1780 865 1806 μα-

95 1814 162 1851 θητῇ
178 1811 221 1840 διὰ
241 1813 293 1841 τῶν
315 1812 500 1851 ἐπαγομένων·
513 1812 583 1842 Ἀλλ’
600 1815 614 1841 ὃ
636 1813 732 1853 Κύριός
748 1825 793 1851 μοι
813 1826 866 1843 πα-

96 1857 175 1897 ρέστη
186 1880 194 1895 ‚
210 1858 255 1886 καὶ
268 1858 452 1896 ἐνεδυνάμωσέ
467 1870 509 1896 με.
524 1859 578 1887 Τὸν
591 1858 642 1898 γὰρ
657 1860 709 1888 ὑπὸ
720 1859 865 1898 ἀνθρώπων

93 1903 391 1942 ἐγκαταλιμπανόμενον
413 1905 460 1932 οὐκ
474 1903 568 1943 ἀφίησί
588 1916 615 1932 τι
630 1908 722 1934 παθεῖν
749 1906 830 1934 δεινὸν
852 1908 865 1934 ὁ

92 1949 170 1982 Θεός.
186 1949 240 1978 Καὶ
253 1948 434 1986 ἐνεδυνάμωσέ
446 1961 493 1987 με,
508 1950 574 1988 φησί
583 1962 589 1969 ·
603 1951 742 1985 τουτέστι,
755 1953 863 1990 παῤῥη-

94 1993 154 2023 σίαν
169 1994 327 2034 ἐχαρίσατο,
342 1996 388 2023 οὐκ
400 1995 487 2033 ἀφῆκε
498 2001 668 2025 καταπεσεῖν.
679 1995 740 2024 Ἵνα
755 1997 788 2024 δι’
800 1998 864 2034 ἐμοῦ

94 2040 124 2069 τὸ
134 2040 259 2079 κήρυγμα
271 2041 463 2080 πληροφορηθῇ
475 2052 480 2057 ·
495 2040 630 2077 τουτέστι,
641 2042 780 2080 πληρωθῇ.
789 2041 862 2082 e'Optat

93 2085 141 2121 τὴν
163 2086 404 2125 ταπεινοφροσύνην
431 2087 508 2115 αὐτοῦ
539 2087 587 2122 τὴν
612 2087 723 2122 πολλήν.
743 2089 804 2127 Οὐχ
826 2090 862 2122 ὡς

93 2132 163 2165 ἄξιον
181 2136 269 2171 τυχεῖν
292 2134 339 2167 τῆς
363 2132 476 2172 δωρεᾶς,
492 2132 580 2172 φησὶν,
604 2133 786 2172 ἐνεδυνάμωσέ
813 2146 860 2172 με,
879 2143 897 2166 c

92 2179 164 2214 ἀλλ’,
175 2177 234 2206 Ἵνα
248 2178 278 2207 τὸ
292 2177 416 2216 κήρυγμα
430 2180 618 2218 πληροφορηθῇ
630 2202 638 2215 ,
655 2179 669 2208 ὃ
684 2179 756 2217 ἥμην
779 2181 862 2218 ἐμπε-

92 2223 273 2262 πιστευμένος.
289 2223 336 2256 Ὡς
356 2224 386 2252 ἂν
401 2225 425 2253 εἴ
449 2237 489 2257 τις
512 2225 654 2264 ἁλουργίδα
677 2226 722 2254 καὶ
744 2226 861 2265 διάδημα

93 2270 220 2308 βαστάζοι
233 2269 280 2299 καὶ
296 2271 329 2298 δι’
349 2270 430 2305 αὐτὴν
447 2270 564 2310 σώζοιτο.
580 2271 632 2300 Καὶ
648 2271 748 2311 ἀκούσῃ
759 2294 766 2307 ,
778 2272 842 2313 φησὶ
851 2294 860 2308 ,

91 2317 179 2346 πάντα
192 2316 226 2346 τὰ
240 2316 311 2351 ἔθνη.
326 2316 362 2345 Τί
374 2318 430 2346 ἐστι
442 2320 532 2353 τοῦ-τος
547 2316 607 2346 Ἵνα
620 2322 703 2354 πᾶσι,
718 2319 782 2357 φησὶ
794 2341 802 2354 ,
813 2330 860 2347 κα-

91 2363 203 2399 τάδηλος
221 2362 330 2401 γένηται
344 2361 445 2392 καὶτοῦ
466 2363 636 2402 κηρύγματος
650 2365 667 2398 ἡ
687 2363 860 2403 περιφάνεια,

92 2409 137 2438 καὶ
152 2410 199 2443 τῆς
210 2408 271 2447 περὶ
287 2407 334 2446 ἐμὲ
348 2408 472 2448 προνοίας
492 2411 509 2444 ἡ
528 2408 682 2447 κηδεμονία.
705 2409 758 2438 Καὶ
779 2409 859 2449 ἐῤῥύ-

91 2453 157 2483 σοι-,ό
170 2466 203 2491 με
218 2455 248 2482 ἐκ
263 2453 394 2491 στόματος
408 2454 523 2487 λέοντος·
537 2454 583 2483 καὶ
599 2454 707 2494 ῥύσεταί
721 2467 754 2493 με
775 2457 789 2484 ὁ
805 2454 859 2484 Κύ-

93 2511 145 2538 ριος
160 2499 213 2528 ἀπὸ
224 2499 322 2532 παντὸς
336 2499 413 2537 ἔργου
425 2503 549 2538 πονηροῦ.
562 2499 636 2539 “’()ρα
651 2503 706 2533 πῶς
724 2501 797 2539 παρὰ
818 2513 860 2538 μι-

92 2545 152 2584 κρὸν
169 2541 245 2580 ἦλθεν
260 2547 409 2574 ἀποθανεῖν.
428 2547 472 2577 Ek
488 2545 564 2574 αὐτὸν
577 2549 621 2574 τοῦ
634 2546 736 2580 λέοντος
756 2546 859 2576 ἐνέπεσε

707 137 726 158 Α
733 137 752 158 D
778 137 903 160 'rtMOTH
912 151 918 159 .

946 137 1024 159 CAP.
1054 137 1101 160 [V.
1132 137 1249 160 nonu„
1279 137 1314 159 X.

1591 125 1653 172 781

923 199 1032 236 Quales
1043 200 1281 238 persequutiones
1297 199 1434 235 sustinui,
1453 203 1480 226 ct
1503 208 1538 226 ea·
1562 200 1657 226 omni-
1672 213 1695 229 2,
1713 207 1771 227 Tim.
1791 207 1813 228 3.

1359 243 1395 272 ita
1410 251 1435 272 et
1455 243 1500 272 hic
1514 243 1660 283 dupliciter
1675 245 1710 260 ¹¹·

918 245 970 272 bus
985 246 1088 283 eripuit
1107 254 1153 273 me
1167 245 1313 273 Dominus
1333 256 1342 271 .-

917 288 1085 329 discipulum
1100 290 1262 328 consolatur,
1278 289 1351 328 quod
1370 290 1428 329 ipse
1439 290 1508 318 male
1530 289 1658 329 patiatur,

917 341 943 363 et
960 335 1032 374 quod
1045 335 1090 364 illc
1103 335 1188 365 vicem
1211 343 1368 375 accepturus
1381 335 1430 364 sit:
1446 346 1497 364 non
1511 335 1582 374 quod
1597 346 1660 364 san—

882 388 900 410 Ε
918 382 953 410 cti
969 381 1002 410 de
1015 382 1150 421 supplicio
1164 382 1211 410 tali
1223 382 1368 420 gaudeant,
1381 381 1426 411 sed
1440 381 1512 421 quod
1526 381 1659 422 praedica-

918 427 954 456 tio
966 434 991 456 ct
1002 427 1163 457 infirmiores
1174 427 1329 468 hujusmodi
1343 429 1522 458 consolatione
1533 439 1601 468 opus
1611 428 1660 457 ha-

917 474 1004 502 beant.
1028 474 1076 502 15.
1103 474 1194 512 Quem
1208 481 1235 502 et
1251 481 1291 511 lu,
1308 474 1405 513 inquit,
1429 475 1528 503 devita
1546 486 1554 502 .·
1570 474 1661 503 valde

917 522 996 548 enim
1008 522 1114 548 restitit
1129 522 1308 548 sermonibus
1323 523 1438 549 nostris.
1463 520 1520 549 Hoc
1537 527 1586 557 est,
1602 520 1661 549 bel-

916 566 974 594 lum
998 566 1097 594 excitat
1109 572 1134 594 et
1148 566 1316 595 adversatur.
1333 568 1388 596 Nec
1413 567 1494 605 dicit,
1514 567 1660 605 Ulcisccre,

917 612 994 651 puni,
1009 611 1131 651 depelle;
1146 612 1194 640 etsi
1209 619 1312 651 poterat
1327 624 1374 652 per
1387 614 1501 651 gratiam
1515 614 1578 643 talia
1595 615 1662 643 sacc-

917 669 946 686 re
961 669 967 684 :
986 657 1032 686 scd
1046 657 1115 686 nihil
1130 657 1241 694 horum,
1259 668 1343 696 neque
1367 666 1454 687 armat
1469 660 1555 698 ipsum
1571 667 1663 689 contra

917 704 1119 741 adversarium,
1135 703 1181 732 scd
1195 711 1223 732 ut
1238 704 1342 733 recedat
1359 711 1461 733 tantum
1472 707 1603 745 pri-ncipit,
1617 707 1662 735 ul-

917 749 1014 778 tionem
1029 749 1086 777 Deo
1095 748 1274 777 committeus.
1286 749 1320 777 Et
1333 748 1368 777 ad
1380 749 1561 778 infirmiorum
1570 760 1662 779 conso-

885 803 900 825 1³
917 795 1045 824 lationem
1059 794 1110 823 hoc
1125 793 1208 832 dixit,
1224 795 1333 822 Reddet
1350 794 1405 829 illi,
1416 794 1487 833 quod
1503 795 1582 823 etiam
1597 806 1662 834 pro-

918 841 1008 880 phetia
1023 847 1062 869 est
1075 839 1164 879 potius
1175 850 1255 878 quam
1270 839 1435 879 imprcratio.
1447 839 1526 874 Quod
1539 847 1568 868 ut
1579 839 1664 869 disci-

918 887 1012 927 pulum
1029 892 1110 925 ungat
1126 886 1176 915 hoc
1187 885 1270 924 dicat,
1282 896 1316 914 cx
1325 886 1496 924 sequentibus
1510 886 1600 925 palam
1610 893 1660 915 est.

919 934 971 964 Sed
988 933 1052 962 vide
1067 943 1174 961 rursum
1189 932 1325 971 quomodo
1343 932 1409 961 alias
1431 933 1588 962 tentationes
1601 943 1663 961 suas

920 987 1041 1009 enarret:
1056 980 1104 1008 16.
1118 981 1155 1007 In
1168 981 1263 1017 prima
1277 989 1340 1006 meu
1356 979 1539 1018 defensione,
1556 979 1662 1017 inquit,

921 1036 1004 1054 nemo
1021 1026 1094 1053 mihi
1111 1025 1220 1063 adfuit,
1237 1034 1336 1052 omnes
1358 1035 1403 1052 me
1424 1024 1663 1063 dereliquerunt:

921 1083 979 1100 non
990 1072 1051 1100 illis
1064 1073 1230 1110 imputetur.

958 1121 986 1148 Q.
1005 1118 1104 1148 Viden'
1118 1116 1252 1156 quomodo
1267 1116 1446 1146 familiaribus
1472 1117 1527 1146 suis
1543 1124 1633 1157 parcat
1649 1117 1661 1145 ι’

920 1166 968 1194 etsi
982 1176 1037 1193 rem
1052 1174 1162 1203 gravem
1175 1164 1300 1192 fecerant.
1314 1164 1406 1201 Neque
1422 1164 1492 1192 enim
1506 1175 1555 1204 par
1568 1175 1610 1193 res
1624 1171 1663 1193 est

921 1211 955 1239 ab
967 1210 1084 1239 externis
1098 1209 1210 1249 despici,
1224 1216 1249 1237 et
1263 1220 1277 1237 a
1294 1209 1483 1239 familiaribus.
1500 1210 1600 1239 Viden’
1615 1221 1663 1239 au—

921 1263 993 1285 ctum
1014 1255 1178 1284 moerorcm?
1196 1255 1254 1283 Nou
1271 1261 1345 1294 potes
1369 1255 1467 1291 dicei-c,
1481 1256 1524 1284 Ah
1546 1256 1664 1285 externis

920 1303 1078 1342 impetebas,
1089 1302 1134 1331 sed
1145 1301 1252 1338 solatio,
1263 1301 1391 1339 obsequio
1399 1308 1424 1330 et
1432 1302 1535 1331 auxilio
1543 1313 1663 1331 meorum

920 1349 1041 1377 fruebar:
1054 1359 1115 1377 nam
1127 1355 1151 1376 et
1167 1347 1207 1376 illi
1222 1358 1263 1375 me
1288 1347 1473 1386 prodiderunt.
1492 1349 1598 1377 Omnes
1619 1359 1666 1377 me

921 1395 1150 1433 dereliquerunt,
1167 1393 1262 1431 inquit.
1276 1394 1333 1421 Nou
1349 1403 1464 1432 parvum
1479 1403 1542 1432 ergo
1567 1404 1662 1433 pecca-

920 1449 978 1470 tum
992 1442 1042 1470 hoc
1054 1449 1102 1470 est.
1116 1441 1146 1471 Si
1161 1440 1268 1470 enimin
1280 1440 1362 1476 bello,
1372 1440 1418 1478 qui
1433 1440 1459 1468 in
1474 1441 1595 1480 periculo
1603 1453 1663 1471 ver<

920 1495 1020 1517 sautem
1033 1487 1142 1525 descrit,
1154 1494 1179 1515 et
1187 1487 1221 1515 ab
1234 1486 1352 1515 hostium
1362 1497 1443 1514 manu
1456 1497 1483 1514 se
1496 1487 1634 1525 subducit,
1648 1499 1663 1516 a

920 1532 976 1559 suis
985 1533 1046 1571 jure
1056 1532 1190 1571 plectitur,
1199 1538 1227 1559 ut
1237 1531 1284 1569 qui
1293 1537 1377 1559 totum
1390 1530 1556 1559 labefactarit
1567 1538 1661 1571 etpro-

919 1575 1029 1611 diderit,
1044 1575 1130 1604 multo
1145 1575 1231 1613 magis
1250 1575 1275 1602 in
1287 1574 1487 1614 praedicatione.
1496 1575 1586 1610 Quam
1596 1586 1661 1605 vero

887 1640 902 1662 B
919 1621 986 1650 dicit
1002 1622 1119 1661 primam
1133 1620 1334 1649 defensionem?
1348 1620 1446 1649 Neroni
1458 1621 1516 1660 jam
1531 1620 1664 1650 adductus

919 1667 1015 1704 fuerat,
1028 1674 1053 1696 et
1065 1667 1212 1706 effugerat3
1229 1666 1292 1704 quia
1308 1677 1372 1695 tero
1388 1667 1543 1706 pincernam
1559 1669 1617 1706 ejus
1636 1667 1664 1696 iu

921 1713 975 1742 fide
998 1712 1126 1746 instituit,
1147 1719 1211 1740 tunc
1232 1712 1282 1751 ipsi
1309 1719 1390 1751 caput
1413 1713 1547 1751 amputari
1569 1713 1662 1751 jussit.

920 1759 989 1788 Ecce
1002 1769 1111 1788 rursum
1126 1757 1252 1787 solatium
1275 1757 1410 1797 discipulo
1424 1768 1472 1797 per
1492 1769 1522 1786 ea
1544 1769 1603 1796 qua:
1618 1769 1663 1787 se-

919 1812 1038 1844 quuntur
1057 1818 1062 1834 :
1078 1806 1126 1833 17.
1147 1804 1204 1834 Sed
1225 1804 1370 1832 Dominus
1395 1805 1468 1832 mihi
1494 1805 1619 1840 adstitit,
1636 1811 1665 1834 ee

920 1852 1099 1891 confortavit
1111 1861 1164 1879 me.
1174 1851 1244 1880 Nam
1255 1849 1382 1887 cum‚qui
1395 1850 1430 1878 ab
1442 1849 1598 1880 hominibus
1611 1851 1663 1880 de-

919 1898 1095 1936 relinquitur,
1113 1907 1165 1926 uon
1185 1896 1249 1925 sinit
1275 1896 1348 1924 Deus
1362 1895 1431 1934 quid
1445 1906 1526 1935 grave
1538 1897 1604 1936 pati.
1622 1899 1663 1926 Et

919 1945 1099 1984 confortavit
1112 1953 1177 1979 me,
1193 1942 1280 1981 inquit
1292 1954 1300 1979 3
1317 1941 1345 1970 id
1359 1949 1408 1978 est,
1428 1942 1558 1971 fiduciam
1571 1943 1662 1982 dedit,

918 2001 970 2020 non
986 1998 1015 2019 ut
1029 1989 1150 2020 caderem
1161 1989 1292 2029 permisit.
1309 1990 1347 2017 Ut
1368 1999 1422 2027 per
1431 1999 1477 2017 me
1488 1990 1662 2028 praedicatio

918 2038 1083 2077 impleatur.
1100 2036 1174 2066 Vide
1185 2041 1283 2074 quanta
1299 2034 1334 2063 sit
1347 2034 1488 2064 humilitas
1507 2036 1573 2074 ejus.
1598 2036 1660 2066 Non

917 2091 1054 2122 tamquam
1069 2083 1140 2112 dono
1159 2081 1273 2121 dignum
1286 2103 1293 2117 ,
1307 2080 1393 2119 iuquit
1403 2103 1411 2116 ‚
1432 2091 1474 2110 me
1487 2082 1657 2120 confortavit,

916 2131 963 2159 sed
979 2132 1016 2159 Ue
1026 2130 1198 2169 praedicatio
1219 2128 1387 2167 impleatur,
1403 2138 1461 2166 quae
1477 2127 1545 2156 mihi
1558 2128 1659 2158 credita

915 2177 1010 2206 fuerat.
1027 2178 1065 2204 Ac
1087 2175 1110 2204 si
1125 2175 1186 2213 quis
1200 2184 1349 2214 purpuram
1374 2180 1400 2201 ct
1419 2172 1544 2202 diadema
1569 2181 1659 2212 gesta—

914 2229 965 2258 ret,
979 2229 1004 2251 et
1025 2232 1071 2261 per
1092 2221 1150 2249 haec
1166 2226 1328 2248 servaretur.
1343 2220 1383 2247 Et
1400 2219 1539 2254 audiant,
1557 2219 1657 2258 inquit,

915 2279 1014 2298 omnes
1023 2274 1133 2308 gentes.
1145 2266 1219 2302 Quid
1229 2265 1280 2294 boc
1293 2265 1350 2293 est?
1363 2265 1397 2293 Ut
1409 2264 1546 2303 omnibus,
1556 2266 1653 2304 inquit,

914 2315 1053 2345 manifesta
1074 2314 1108 2344 sit
1128 2312 1326 2354 praedicationis
1341 2311 1390 2340 lux
1402 2333 1410 2347 ‚
1426 2311 1658 2352 providentiaeque

915 2371 978 2401 crga
990 2371 1033 2390 me
1043 2359 1194 2400 dispositio.
1211 2360 1250 2387 Et
1268 2358 1405 2386 liberavit
1427 2367 1473 2386 me
1484 2358 1521 2386 de
1537 2368 1586 2387 ore
1599 2359 1658 2388 leo-

916 2411 969 2437 nis.
983 2407 1029 2437 18.
1046 2408 1087 2436 Et
1111 2405 1244 2434 liberabit
1272 2414 1317 2432 me
1340 2404 1488 2432 Dominus
1510 2405 1548 2432 ab
1578 2407 1658 2434 omni

916 2466 999 2492 opere
1010 2454 1100 2482 malo.
1112 2451 1185 2483 Vide
1197 2461 1278 2490 quam
1293 2450 1434 2490 proximus
1446 2450 1527 2480 morti
1539 2458 1614 2481 esset.
1626 2453 1657 2480 In

916 2501 986 2540 ipsas
1011 2499 1094 2529 lconis
1118 2499 1206 2527 fauces
1228 2496 1379 2525 deciderat:
1397 2497 1500 2525 leonem
1519 2497 1590 2526 enim
1612 2498 1658 2526 hic

916 2547 1047 2575 Neronem
1069 2544 1134 2574 dicit
1157 2543 1190 2572 ob
1206 2543 1336 2571 feritatem
1349 2549 1371 2571 ct
1388 2542 1533 2581 potentiam
1550 2542 1658 2583 imperii

886 1143 904 1164 A
