1887 2855
226 126 295 157 5³8
559 133 586 154 s.
616 130 754 153 tonsis
782 130 962 152 cunvsosT.
992 130 1145 153 motuni).
1176 130 1443 153 consummor.

818 355 1225 418 MONITUM

374 516 435 551 AD
462 514 681 551 HOMILIAS
708 513 755 548 IN
780 511 1043 548 EPISTOLAM
1070 511 1209 547 PAULI
1235 511 1297 546 AD
1323 511 1648 547 PHILEMONEM.

271 650 389 687 Quidam
404 658 479 679 erant
493 649 677 689 Chrysostomi
700 655 835 688 tempore,
851 648 897 686 qui
920 647 1037 676 dicerent
1061 647 1210 686 Epistolam
1231 646 1265 674 ad
1280 646 1465 675 Philemonem
1479 657 1705 686 supervacaneam
1719 658 1788 685 esse,

231 704 324 737 utpote
338 707 386 736 pro
404 707 432 725 re
452 696 520 725 levis
533 695 659 723 momenti
671 701 695 723 et
711 705 760 733 pro
777 704 829 722 uno
845 701 948 722 tantum
959 693 1027 729 viro,
1043 693 1170 721 Onesimo
1182 703 1284 732 nempe,
1300 693 1477 732 conscriptam
1493 704 1498 719 :
1515 701 1581 730 quos
1592 694 1729 729 acerrime,
1743 705 1790 723 nec

231 744 288 772 sinc
306 743 445 779 conviciis,
459 743 577 771 confutat
594 742 818 780 Chrysostomus;
835 739 1012 777 ostenditque,
1030 739 1147 778 optabile
1169 738 1314 767 admodum
1338 739 1434 773 fuisse,
1449 746 1478 767 ut
1501 739 1613 778 apostoli
1635 750 1686 768 non
1711 740 1790 769 modo

231 791 356 830 epistolas
369 798 395 819 et
409 790 514 829 scripta,
530 789 575 817 sed
588 789 666 817 etiam
681 789 723 817 vel
740 787 850 816 minima
865 798 976 825 quaeque
992 793 1076 824 gesta,
1088 786 1122 814 ad
1137 785 1331 814 institutionem
1346 793 1463 814 nostram
1478 785 1609 825 descripta
1624 786 1790 816 haberemus.

233 836 360 874 Epistola:
371 846 451 874 porro
467 835 547 873 hujus
562 833 596 862 ad
609 834 793 862 Philemonem
809 833 880 861 dieta
893 832 981 860 omnia
993 838 1099 860 sanctus
1114 832 1214 860 Doctor
1225 831 1349 871 pluribus
1363 831 1539 871 persequitur,
1554 832 1589 860 ita
1602 838 1630 860 ut
1641 843 1732 872 parem
1743 832 1790 861 di-

232 882 369 920 ligentiam
384 889 408 910 et
424 881 619 910 accurationem
631 880 697 908 alibi
713 880 739 908 in
753 879 858 918 scriptis
870 880 927 918 ejus
938 879 986 908 vix
997 879 1121 918 reperias.

272 929 356 966 [Tib.
368 928 582 956 llemsternusius
596 927 621 955 in
633 927 702 955 libro
717 937 781 954 mox
797 925 939 954 indicando
954 939 959 954 ς
975 927 1120 954 potuisset
1135 926 1304 964 Rnphelius,
1318 927 1367 953 vir
1378 926 1558 964 pereruditus
1572 932 1600 954 et
1620 927 1790 962 adcuratus,

233 985 290 1013 quo
306 984 448 1003 summam
460 974 622 1002 indicendo
633 973 760 1001 Joannis
773 972 975 1008 Clzrysosiomi
990 972 1107 999 laudem
1123 978 1150 1000 et
1164 972 1356 999 castissimam
1371 973 1511 1000 orationis
1523 971 1699 1010 elegantiam
1714 980 1793 999 com-

234 1022 394 1055 mendaret,
409 1032 444 1049 ex
459 1027 542 1049 tanto
560 1022 732 1058 scriptorum
745 1020 806 1057 ejus
820 1028 939 1046 numero
953 1020 1097 1056 specimen
1107 1018 1231 1056 aliquod
1242 1018 1361 1056 elegisse
1375 1018 1515 1052 limatius,
1528 1024 1555 1045 et
1569 1019 1662 1056 magis
1673 1017 1792 1045 adcom-

234 1069 392 1104 modatum,
405 1078 493 1107 quam
508 1070 578 1095 istas
591 1069 622 1094 in
631 1066 721 1095 Pauli
733 1065 898 1104 Epistolam
912 1065 951 1093 ad
963 1065 1164 1093 Philemonem
1181 1065 1318 1092 homilias
1332 1076 1340 1091 .·
1353 1074 1418 1102 quce
1432 1064 1549 1103 quidem
1562 1064 1636 1092 tales
1647 1073 1708 1092 esse
1721 1063 1794 1092 mihi

233 1115 383 1150 videntur,
394 1121 426 1142 ut
438 1118 534 1153 potius
548 1125 582 1142 ert
595 1124 642 1142 ore
653 1113 856 1149 Clzrssostomi
867 1111 1220 1150 extemporalisacilitate
1227 1121 1280 1149 pro
1295 1113 1434 1139 concione
1444 1111 1567 1139 dicentis
1578 1116 1712 1149 exceptas
1724 1120 1794 1147 esse,

234 1172 323 1200 quam
335 1164 442 1200 abipso
457 1162 624 1189 elaboratas
636 1160 822 1189 statuendum
839 1161 875 1188 sit
893 1171 901 1186 .·
917 1159 1081 1198 cujusmodi
1095 1169 1166 1187 sane
1180 1168 1237 1186 non
1252 1168 1363 1197 paucas
1377 1160 1408 1185 in
1423 1159 1556 1186 manibus
1574 1159 1690 1186 versari
1711 1167 1794 1186 nemo

234 1211 284 1246 qui
298 1215 374 1236 recte
390 1210 487 1247 sapiat
506 1209 661 1246 negaverit.
678 1208 883 1235 ,Memorantur
894 1217 913 1234 a
929 1207 1054 1245 Georgio
1075 1208 1106 1234 in
1124 1207 1191 1233 Vita
1206 1206 1410 1242 Chrysostomi
1422 1216 1451 1244 p.
1465 1206 1517 1233 191
1533 1203 1579 1234 εοῖ
1596 1216 1623 1233 τε
1647 1204 1795 1238 ἐκδοθέντες

234 1257 296 1294 παρ’
313 1257 390 1284 αὐτοῦ
404 1255 491 1293 λόγοι,
507 1255 552 1283 καὶ
569 1256 592 1283 οἱ
609 1254 728 1292 λέγοντος
744 1254 821 1282 αὐτοῦ
836 1253 887 1282 ὑπὸ
902 1255 953 1281 τῶν
970 1252 1123 1292 ὁξυγράφων
1138 1252 1308 1291 ἐκληφθέντες
1320 1264 1325 1269 ·
1342 1254 1392 1290 qui
1408 1253 1575 1290 posterioris
1593 1253 1706 1290 generis
1724 1253 1796 1290 quin

233 1304 377 1339 prioribus
394 1309 420 1331 et
437 1304 532 1330 nitore
544 1302 618 1338 styli
629 1308 655 1330 et
668 1311 764 1330 rerum
777 1302 879 1329 ordine
893 1301 1010 1337 cedant,
1027 1311 1066 1328 an
1078 1302 1232 1339 quisquam
1245 1301 1299 1328 erit
1311 1301 1362 1338 qui
1373 1300 1505 1327 dubitet?
1517 1300 1529 1336 ]

276 1348 462 1377 Antiochiaene
476 1354 576 1384 autem,
590 1357 623 1375 an
638 1347 870 1386 Constantinopoli
886 1346 944 1375 illas
956 1346 1081 1374 habuerit
1107 1345 1253 1382 conciones,
1267 1345 1316 1374 vix
1330 1345 1357 1373 in
1368 1356 1458 1373 earum
1470 1345 1582 1373 decursu
1593 1344 1724 1383 expiscari
1736 1354 1794 1383 pos-

234 1406 344 1431 sumu53
361 1394 429 1423 nihil
445 1393 515 1422 enim
527 1393 643 1422 occurrit
658 1393 725 1421 mihi
740 1393 812 1431 quod
827 1404 855 1421 ea
869 1393 895 1421 in
910 1404 938 1421 re
954 1393 1041 1421 lucem
1056 1393 1133 1421 nobis
1146 1393 1241 1421 afferre
1252 1402 1328 1431 posse
1341 1391 1475 1420 videatur.
1485 1391 1596 1419 Photius
1610 1390 1718 1429 quidem
1728 1391 1794 1420 dicit

235 1453 277 1470 eas
289 1453 346 1479 quse
358 1442 447 1470 minus
459 1441 591 1469 elaborate
607 1447 632 1469 et
643 1447 766 1469 accurate
781 1440 920 1479 descriptae
932 1448 1004 1478 sunt,
1017 1439 1246 1478 Constantinopoli
1261 1438 1345 1466 editas
1360 1438 1441 1465 fuisse
1455 1449 1460 1465 :
1475 1448 1567 1466 verum
1589 1444 1619 1466 ut
1640 1448 1691 1466 non
1713 1438 1794 1467 semel

234 1487 365 1522 diximus,
382 1487 438 1514 haec
452 1497 533 1524 quam
545 1486 634 1514 attulit
648 1486 692 1514 ille
703 1493 799 1515 tessera
815 1493 840 1514 et
855 1497 947 1514 norma
961 1496 1012 1514 non
1034 1486 1090 1514 sine
1105 1485 1226 1513 cautione
1245 1483 1370 1513 adhiberi
1386 1490 1481 1523 potest.
1498 1484 1567 1512 Nam
1580 1490 1610 1512 ut
1623 1484 1795 1523 perspicuum

235 1538 274 1560 est
288 1531 371 1559 libros
386 1531 419 1559 de
431 1531 595 1567 Sacerdotio,
610 1531 800 1569 concionesque
814 1531 849 1559 ad
862 1531 1040 1559 Antiochenos
1053 1541 1119 1568 quas
1134 1530 1159 1558 in
1175 1529 1309 1569 principio
1323 1529 1428 1567 habuit,
1444 1529 1506 1568 plus
1520 1529 1605 1558 studii
1620 1536 1646 1558 et
1659 1529 1794 1568 elegantiae

236 1588 290 1616 prae
302 1588 328 1605 se
342 1577 418 1611 ferre,
430 1577 457 1604 in
469 1577 569 1605 caeteris
583 1584 650 1605 certe
664 1588 730 1615 quas
743 1576 891 1605 Antiochiae
907 1576 1001 1605 habuit
1022 1587 1074 1605 non
1089 1587 1138 1615 par
1152 1586 1255 1614 semper
1275 1575 1409 1604 accuratio
1430 1576 1603 1614 observatum
1616 1576 1653 1605 ita
1665 1583 1696 1604 ut
1708 1576 1730 1605 si
1743 1576 1795 1605 hoc

237 1624 371 1663 κριτηρίου
387 1634 469 1662 genus
482 1623 715 1651 indiscriminatim
727 1623 863 1659 adhibeas,
873 1633 924 1651 non
936 1623 992 1651 sine
1007 1622 1114 1651 errandi
1125 1623 1242 1662 periculo
1257 1622 1394 1661 procedas.

278 1672 353 1709 Saepe
372 1670 491 1699 vidimus
512 1670 589 1698 illum
603 1670 790 1698 Marcionistas
806 1670 1023 1709 impugnantem3
1035 1670 1116 1708 hujus
1129 1669 1200 1697 enim
1212 1676 1287 1697 sectae
1303 1669 1381 1697 multi
1396 1676 1459 1697 tunc
1473 1676 1642 1708 supererant,
1654 1680 1722 1707 quos
1736 1669 1795 1698 ideo

237 1717 297 1753 illc,
308 1717 354 1745 ubi
367 1717 468 1745 occasio
485 1727 539 1745 sese
552 1717 638 1753 offert,
650 1727 702 1745 non
717 1717 895 1755 infrequenter
915 1716 1047 1745 adoritur.
1063 1717 1094 1744 In
1106 1723 1240 1755 postrema
1254 1722 1341 1744 autem
1362 1715 1398 1744 ad
1419 1716 1603 1744 Philemonem
1625 1716 1739 1745 homilia
1749 1739 1756 1753 ‚
1769 1727 1796 1745 se

239 1769 328 1790 contra
343 1761 543 1790 Marcionistam
557 1761 701 1799 quemdam
722 1772 892 1800 congressum
916 1772 971 1789 esse
992 1761 1069 1799 dicit,
1085 1767 1110 1789 et
1131 1767 1320 1799 argumentum
1339 1761 1373 1789 ab
1390 1761 1436 1790 illo
1452 1761 1502 1790 sibi
1518 1762 1671 1800 oppositum
1692 1762 1796 1801 egregie

239 1809 368 1836 confutat.

279 1855 383 1893 Rejecta
398 1853 523 1882 harumce
533 1854 707 1883 homiliarum
722 1855 811 1894 priore
825 1854 959 1883 Ambrosii
975 1853 1185 1882 camaldulensis
1198 1853 1412 1893 interpretatione
1422 1853 1529 1888 Latina,
1544 1864 1641 1883 novam
1653 1854 1795 1884 adornavi-

239 1911 307 1930 mus.
321 1900 392 1938 [Cui
407 1900 457 1940 ipsi
472 1900 551 1940 longe
564 1901 755 1930 accuratiorem
770 1901 896 1941 Raphelii
912 1911 959 1929 nos
972 1900 1169 1938 substituimus,
1181 1900 1346 1929 emendatam
1358 1911 1373 1929 a
1388 1900 1465 1929 nobis
1481 1901 1583 1938 aliquot
1596 1901 1624 1929 in
1638 1901 1711 1930 locis.
1723 1903 1734 1938 ]
