1887 2855
822 563 1227 625 MONlTUM

701 736 752 770 IN
795 734 988 771 SPURIA
1023 735 1352 782 SEQUENTIA.

283 863 357 892 Nihil
371 862 437 891 mihi
454 861 570 900 optatius
585 860 678 889 cadere
688 867 783 899 potest,
798 871 879 898 quam
891 871 952 888 cum
970 860 997 888 in
1010 870 1134 898 germana
1149 860 1282 898 quaedam,
1297 860 1417 889 nondum
1432 861 1504 901 typis
1516 862 1585 891 edita
1595 862 1704 892 Joannis
1713 861 1802 901 Chry-

242 910 350 939 sostomi
365 920 443 948 opera
456 908 543 936 incido
556 920 563 943 3
578 919 611 936 ex
625 914 697 936 tanto
710 907 781 935 enim
795 908 901 936 doctore
916 907 982 936 nihil
996 918 1122 945 umquam
1146 907 1255 947 prodiit,
1266 908 1330 946 quin
1347 919 1408 936 cum
1432 909 1527 947 plausu
1547 909 1581 938 sit
1599 909 1798 949 excipiendum.

241 956 308 984 llinc
317 955 363 983 vix
374 955 462 983 verbis
472 955 621 994 exprimere
634 964 731 992 queam
743 961 841 991 quanto
854 954 953 992 gaudio
965 954 1087 992 perfusus
1102 954 1161 989 sim,
1177 965 1239 982 cum
1254 956 1339 983 Roma
1348 955 1414 983 mihi
1427 956 1585 984 transmissae
1596 957 1668 984 fuere
1677 955 1799 984 undecim

242 1003 358 1032 homitiae
370 1026 376 1039 7
391 1014 456 1041 quas
469 1002 710 1041 Constantinopoli,
724 1012 775 1029 una
787 1002 861 1037 serie,
874 1008 898 1029 et
913 1002 982 1030 iutra
994 1002 1074 1031 breve
1089 1002 1215 1040 temporis
1232 1002 1349 1041 spatium
1363 1002 1492 1031 habuerat
1506 1003 1724 1043 Chrysostomus,
1739 1013 1801 1041 quae

243 1050 369 1078 hactenus
380 1050 476 1087 ignota:
486 1050 600 1083 fuerant,
617 1060 700 1087 neque
711 1060 725 1076 a
737 1049 912 1088 scriptoribus
923 1049 1041 1077 historice
1056 1049 1143 1087 quarti
1156 1056 1180 1077 et
1194 1049 1279 1087 quinti
1289 1049 1377 1077 saeculi
1390 1050 1613 1079 memorabantur,
1623 1051 1653 1078 In
1665 1050 1697 1078 iis
1705 1060 1800 1088 quam-

245 1097 362 1136 plurima
375 1097 410 1125 ad
424 1097 565 1125 historiam
579 1097 657 1125 istius
671 1096 721 1125 aevi
744 1095 904 1135 pertinentia
918 1095 1048 1125 discimus
1069 1107 1121 1125 non
1136 1103 1280 1125 memorata
1304 1096 1445 1135 hactenus,
1460 1098 1496 1126 ita
1507 1104 1535 1126 ut
1550 1108 1565 1126 a
1579 1097 1675 1126 saeculo
1697 1097 1799 1136 integro

243 1143 290 1172 vix
304 1143 442 1183 quidpiam
459 1143 501 1171 liis
516 1142 736 1182 :equiparandum
751 1153 785 1170 ex
798 1142 914 1170 tenebris
928 1142 1072 1172 emerserit.

283 1191 344 1219 Hmc
360 1202 374 1219 a
388 1191 480 1230 paucis
491 1191 567 1218 annis
578 1201 611 1218 ex
623 1190 764 1218 Graeciain
778 1189 938 1219 Vaticanam
954 1189 1149 1218 Bibliothecam
1160 1190 1299 1227 translata,
1315 1190 1470 1219 curantibus
1486 1192 1521 1219 D.
1534 1191 1612 1219 Petro
1626 1189 1727 1219 Maloet
1738 1196 1800 1217 tunc

242 1238 358 1267 sodalitii
384 1238 465 1266 nostri
483 1238 658 1266 procuratore
669 1237 805 1273 Generali‚
820 1244 845 1265 et
857 1238 894 1265 D.
910 1237 1027 1276 Josepho
1041 1238 1118 1265 Avril
1134 1238 1191 1277 ejus
1202 1238 1284 1275 socio,
1295 1238 1321 1266 in
1335 1249 1413 1267 usum
1430 1248 1519 1266 meum
1533 1237 1666 1277 exscripta
1681 1237 1764 1273 suere,
1774 1242 1800 1264 et

241 1296 255 1313 a
272 1296 313 1313 me
326 1285 418 1313 Latine
431 1295 557 1313 conversa
573 1284 599 1312 in
611 1284 661 1312 hac
672 1284 857 1323 Chrysostomi
870 1294 980 1323 operum
996 1284 1151 1312 collectione
1160 1284 1186 1312 in
1198 1284 1285 1313 lucem
1302 1284 1446 1313 emittenda
1457 1291 1527 1313 sunt.
1541 1285 1643 1314 Verum
1656 1282 1718 1321 quia
1731 1293 1800 1311 com-

241 1332 432 1360 mentariorum
446 1331 473 1359 in
488 1331 623 1370 Epistulas
638 1331 715 1360 Pauli
737 1342 846 1359 cursum
861 1341 912 1359 non
928 1331 989 1359 licet
1007 1331 1175 1370 intercipere,
1197 1331 1232 1360 ad
1250 1338 1402 1370 sequentem
1418 1331 1609 1360 duodecimum
1623 1337 1725 1359 tomum
1739 1335 1800 1368 post

241 1379 372 1408 Homilias
385 1379 411 1407 in
427 1379 575 1418 Epistolam
589 1378 625 1407 ad
638 1379 771 1414 Hebraeos,
787 1379 859 1418 typis
869 1378 970 1408 edenda
983 1379 1136 1407 transmissa
1152 1379 1235 1409 fuere.

280 1427 321 1455 Ad
335 1427 433 1455 calcem
448 1437 511 1455 vero
526 1427 608 1465 hujus
619 1426 753 1455 undecimi
767 1426 859 1464 Tomi,
878 1436 926 1465 pro
941 1437 1013 1454 more
1034 1433 1124 1454 nostro
1137 1426 1235 1465 Spuria
1257 1426 1381 1464 quaedam
1405 1426 1572 1465 subjicimus,
1588 1436 1645 1464 quae
1657 1435 1671 1453 a
1685 1423 1798 1459 Savilio,

243 1473 377 1511 perpetuis
394 1473 455 1500 licet
466 1472 545 1510 [ligna
561 1472 686 1509 tenebris,
699 1473 726 1500 in
743 1473 829 1500 lucem
842 1472 936 1500 emissa
950 1473 1062 1500 fuerant.
1077 1473 1116 1501 Ne
1128 1472 1196 1510 quid
1211 1483 1275 1501 vero
1289 1473 1315 1501 in
1325 1473 1376 1501 hae
1389 1480 1477 1501 nostra
1489 1469 1798 1501 collectionedesiderari

241 1518 390 1556 videretur,
407 1530 435 1547 ea
453 1519 541 1547 omnia
554 1530 613 1557 quae
630 1519 676 1547 ille
687 1519 727 1548 vir
740 1518 834 1548 doctus
851 1526 875 1547 et
885 1526 1025 1547 accuratus
1034 1519 1061 1547 in
1076 1519 1162 1547 lucem
1177 1519 1308 1556 emiserat,
1321 1519 1354 1547 ad
1367 1520 1465 1548 calcem
1478 1526 1610 1548 tomorum
1624 1517 1701 1546 edere
1712 1517 1798 1546 visum

239 1564 298 1593 suit.
309 1565 505 1593 Animadvertit
517 1564 622 1593 tandem
635 1565 680 1592 ille
697 1565 736 1593 vir
747 1572 874 1592 emunctae
886 1565 965 1601 naris,
977 1576 1028 1593 non
1040 1565 1132 1594 decere
1142 1565 1298 1604 hujusmodi
1313 1566 1471 1604 quisquilias
1483 1565 1541 1594 orbi
1552 1564 1670 1593 liter-ario
1685 1563 1796 1598 offerre;

241 1613 415 1649 quamohrem
425 1613 545 1651 cumjam
560 1612 657 1641 multas
669 1612 787 1651 ejusdem
795 1612 886 1640 farinae
901 1612 1025 1641 homilias
1034 1613 1199 1652 protulisset,
1215 1620 1322 1641 caeteras
1337 1624 1395 1651 quae
1408 1613 1434 1641 in
1443 1613 1499 1641 dies
1510 1609 1797 1650 emergelmntrepulit,

240 1663 264 1685 et
283 1657 461 1695 quarumdam
482 1658 634 1696 catalogum
647 1664 672 1685 et
692 1657 784 1686 titulos
799 1657 872 1697 typis
887 1658 1027 1686 mandavit
1040 1670 1047 1694 ;
1065 1669 1111 1686 nec
1124 1659 1180 1686 sine
1196 1658 1276 1687 taedio
1292 1670 1442 1687 memorans
1458 1659 1533 1687 illam
1547 1657 1708 1696 farraginem
1723 1656 1798 1695 Spu-

239 1703 341 1731 riorum
354 1715 433 1742 quam
443 1705 498 1743 jam
510 1704 704 1743 publicaverat.
721 1705 775 1732 Nos
790 1715 864 1740 vero,
878 1711 907 1732 ut
919 1705 976 1743 jam
990 1704 1122 1741 diximus,
1137 1704 1243 1743 spurias
1257 1715 1348 1733 omnes
1360 1705 1485 1733 homilias
1497 1715 1563 1743 quas
1575 1703 1693 1733 Savilius
1708 1702 1799 1741 Chry-

239 1751 346 1778 sostomi
362 1750 470 1778 nomine
484 1751 645 1789 publicavit,
661 1751 695 1779 ad
708 1751 808 1779 calcem
823 1757 956 1779 tomorum
973 1751 1120 1779 emisimus.
1136 1752 1248 1779 Caeteras
1262 1761 1325 1779 vero
1349 1761 1415 1788 quas
1427 1752 1546 1780 Savilius
1564 1750 1664 1789 rejecit,
1685 1756 1711 1777 et
1732 1748 1800 1776 alias

238 1806 304 1833 quas
319 1796 419 1833 ingenti
430 1807 540 1824 numero
555 1797 581 1824 in
593 1796 765 1825 bibliothecis
780 1796 942 1831 deteximus,
962 1797 1039 1825 tineis
1051 1804 1077 1825 et
1090 1797 1228 1826 vermibus
1243 1796 1375 1825 rodendas
1391 1797 1417 1824 in
1443 1804 1599 1835 perpetuum
1616 1794 1799 1823 amandamus.

278 1842 353 1870 Hane
364 1853 443 1882 porro
460 1850 560 1871 tantam
573 1844 649 1871 nobis
661 1844 822 1882 Spuriorum
834 1844 929 1872 silvam
945 1851 1120 1883 pepererunt3
1138 1851 1195 1872 tum
1208 1844 1353 1882 scriptores
1374 1844 1453 1871 multi
1466 1843 1567 1871 nullius
1582 1842 1659 1882 pretii
1671 1848 1697 1870 et
1711 1841 1799 1869 nomi-

242 1888 294 1924 nis,
310 1889 356 1926 qui
372 1896 401 1917 ut
413 1890 511 1928 scripta
530 1890 716 1927 orationesque
730 1900 791 1917 suas
806 1889 986 1925 venditarent,
1001 1889 1199 1929 Chrysostomi,
1214 1897 1294 1917 tautae
1310 1890 1386 1917 famae
1399 1889 1525 1925 auctoris,
1542 1898 1637 1916 nomen
1656 1886 1800 1926 praemitte-

240 1934 323 1969 hant,
339 1942 395 1963 tum
410 1935 489 1964 etiam
500 1936 721 1975 hibliopolae,qui
736 1935 804 1963 lucri
818 1946 898 1964 causa
912 1943 936 1964 et
949 1943 977 1964 nt
992 1943 1105 1964 emtores
1118 1936 1266 1971 allicerent,
1283 1937 1385 1972 onmia,
1400 1941 1534 1973 expuncto
1546 1934 1624 1962 etiam
1639 1933 1798 1971 scriptorum

241 1980 381 2015 vocabulo,
399 1981 508 2009 Joannis
519 1981 704 2020 Cluysostomi
717 1981 824 2008 nomine
839 1988 959 2019 prostare
969 1982 1077 2019 impune
1092 1979 1229 2009 curabant.
1244 1981 1312 2009 Hinc
1333 1981 1434 2008 factum
1452 1987 1490 2008 est
1512 1986 1540 2007 ut
1559 1979 1586 2006 in
1601 1977 1725 2017 plurimis
1740 1978 1798 2005 Ma-

241 2027 438 2065 nuseriptorum
450 2028 629 2063 bibliothecis,
638 2028 772 2056 severiani
786 2028 964 2064 Gabalorum,
975 2027 1185 2067 Theophylacti,
1192 2027 1358 2065 aliorumque
1367 2027 1520 2065 ignotorum
1530 2036 1608 2065 opera
1617 2022 1801 2064 Chrysostomi

242 2083 336 2101 nomen
353 2085 406 2112 prm
418 2085 445 2102 se
457 2075 550 2103 serant.
565 2075 603 2102 Ea
619 2086 683 2103 vero
696 2085 755 2112 quae
767 2075 903 2102 severiani
919 2075 1089 2103 Gubalorum
1104 2081 1176 2111 sunt,
1195 2074 1258 2112 quia
1275 2075 1320 2102 ille
1335 2073 1427 2102 eodem
1444 2084 1497 2111 quo
1511 2073 1717 2111 Chrysostomus
1733 2077 1801 2099 tem-

243 2130 306 2157 pore
320 2121 462 2156 scrihebat,
479 2122 585 2149 nomine
597 2122 735 2150 Severiani
749 2120 884 2150 edidimus
897 2134 902 2149 ε
919 2129 1011 2150 caetera
1022 2132 1097 2157 vero,
1113 2121 1173 2149 aliis
1188 2121 1215 2149 in
1235 2121 1312 2150 libris
1325 2132 1386 2150 cum
1406 2120 1523 2149 auctoris
1538 2120 1579 2148 sui
1601 2119 1707 2147 nomine
1729 2117 1802 2157 typis

243 2166 315 2201 data,
329 2168 523 2206 ablegavimus.
543 2169 699 2207 Ignotorum
712 2179 774 2197 vero
793 2170 885 2208 spuria
906 2170 1004 2208 scripta
1020 2180 1050 2197 ea
1066 2175 1170 2196 tantum
1184 2179 1243 2206 quae
1259 2169 1377 2198 Savilius
1395 2167 1478 2204 dedit,
1494 2167 1521 2195 in
1536 2167 1616 2195 finem
1635 2165 1802 2204 singulorum

252 2220 385 2242 tomorum
401 2216 584 2244 amandamus.

283 2260 367 2295 [luter
381 2268 510 2299 postrema
527 2269 587 2290 sunt
597 2262 723 2290 nonnulla
738 2273 752 2290 a
765 2262 823 2291 viro
838 2273 942 2290 summo
954 2264 997 2291 Jo.
1009 2262 1103 2290 Carolo
1115 2262 1231 2290 Thilone
1241 2261 1351 2289 feliciter
1365 2269 1412 2288 suo
1423 2259 1523 2287 auctori
1535 2257 1666 2293 restituta,
1676 2256 1702 2285 in
1713 2257 1805 2286 libello

249 2306 380 2343 exquisita
391 2307 605 2347 doctrinaplenO,
620 2310 726 2337 UEher
740 2309 787 2337 die
796 2310 942 2347 Schriften
952 2310 1001 2337 des
1016 2311 1158 2337 Eusebius
1167 2307 1443 2336 vonAlexandrien
1458 2306 1519 2333 und
1530 2306 1580 2333 des
1589 2305 1732 2332 Eusebius
1744 2314 1805 2332 von

250 2354 361 2381 Emisa.
377 2355 465 2382 Jlalle
481 2356 566 2392 1832,
582 2355 625 2384 80.
641 2355 695 2384 Ubi
708 2366 769 2383 cum
782 2356 940 2384 ostendisset
952 2367 1083 2384 sermones
1097 2356 1180 2385 aviro
1197 2355 1314 2393 quodam
1333 2353 1412 2381 docto
1429 2352 1537 2381 Eusebii
1557 2351 1663 2379 nomine
1675 2373 1684 2388 ,
1707 2350 1805 2379 Emisae

246 2398 356 2427 illustris
370 2401 495 2440 episcopi,
512 2402 720 2437 commendatos,
736 2413 825 2430 omnes
840 2414 894 2431 esse
905 2403 973 2431 alius
988 2403 1129 2441 eujusdam
1144 2402 1254 2431 Eusebii
1272 2400 1457 2435 Alexandrini,
1475 2398 1572 2437 scripta
1587 2398 1666 2426 etiam
1681 2396 1805 2435 quaedam

244 2445 312 2473 inter
326 2447 415 2484 spuria
429 2448 613 2487 Chrysostomi
629 2450 720 2487 relata,
730 2449 817 2477 eidem
828 2450 931 2478 homini
947 2450 1105 2479 vindicanda
1115 2460 1170 2477 esse
1182 2449 1261 2478 vidit.
1276 2448 1320 2476 Ex
1332 2448 1383 2475 hoc
1396 2447 1466 2475 enim
1477 2445 1601 2474 Thilonis
1615 2444 1714 2480 libello,
1725 2454 1804 2482 quem

244 2502 326 2530 nuper
340 2493 415 2521 nobis
429 2495 544 2523 officiose
559 2496 739 2525 commodavit
750 2497 819 2525 Lud.
832 2497 865 2525 dc
880 2498 986 2532 Sinner,
1002 2497 1176 2535 cognovimus
1191 2506 1338 2525 sermonem
1353 2496 1384 2522 in
1404 2494 1642 2522 resurrectionem
1667 2492 1800 2527 Domini,

247 2545 308 2567 toni.
321 2541 366 2576 to,
376 2551 401 2578 p.
418 2541 484 2578 787,
497 2542 530 2570 ab
540 2544 635 2571 Monts.
647 2543 760 2581 eduum,
775 2544 800 2572 in
814 2544 909 2573 Leonis
923 2544 1013 2573 Allatii
1028 2545 1096 2573 libro
1108 2544 1141 2572 de
1151 2544 1314 2582 Symeonuni
1323 2541 1428 2580 scriptis
1440 2551 1467 2579 p.
1479 2540 1528 2574 82,
1540 2545 1564 2568 et
1573 2538 1636 2567 hinc
1648 2537 1673 2565 in
1684 2536 1799 2566 Fabricii
