1893 2860
83 598 221 629 Sapstss-tfi.

81 1563 136 1584 Gen.
149 1561 171 1584 6.
184 1567 206 1583 2,

242 165 305 200 150
596 175 625 198 s.
654 174 792 197 smmis
818 172 998 196 CHRYSOST.

234 237 352 276 quadam
365 237 490 266 ebrietate
501 245 557 264 rem
571 235 676 271 adoras,
684 245 743 272 quae
752 244 805 262 non
819 233 905 262 solum
919 242 971 261 non

235 291 272 312 est
296 284 379 311 libera
405 294 418 310 a
436 281 641 320 vituperatione,
658 279 702 308 sed
725 280 805 308 etiam
829 286 867 307 est
893 278 972 318 plena

235 330 376 368 impietate.
387 327 567 361 Quamobrem
578 333 644 354 tues
654 325 691 353 eis
702 324 780 363 longe
790 325 878 364 pejor:
887 333 973 361 neque

233 375 302 402 enim
315 373 495 401 defensionem
507 372 602 400 asseri-e
616 371 714 410 poteris
726 370 797 408 quod
808 380 860 398 non
871 370 904 398 sit
915 379 973 397 ma-

233 420 298 447 lum.
310 418 367 446 Etsi
390 418 428 446 illi
453 417 570 446 maxime
584 424 646 445 sunt
662 416 866 453 inexcusabiles,
884 422 913 444 tu
928 421 972 443 ta-

232 474 292 492 meu
306 464 393 491 multo
409 463 503 501 magis,
518 469 546 490 nt
559 462 605 500 qui
616 462 759 490 avaritiam
771 461 868 489 millies
894 470 972 488 accu-

232 519 280 544 ses,
290 515 314 536 et
324 518 366 536 eos
379 508 511 546 vituperes
521 507 568 546 qui
583 517 641 536 eam
655 507 758 543 colunt,
772 513 797 534 et
815 506 838 534 ci
853 505 972 534 serviunt

233 562 257 583 et
270 555 294 583 ei
309 565 410 583 morem
421 561 526 593 gerunt.
536 554 565 583 Si
581 553 664 583 vultis
675 564 707 581 au
713 561 775 589 tem,
787 553 971 581 examinemus

232 600 366 629 undenam
387 600 421 628 sit
442 601 559 639 ingressa
582 599 742 628 idololatria.
763 599 835 627 Dicit
859 598 971 637 quidam

232 647 347 686 sapiens,
361 646 434 684 quod
449 646 560 684 quidam
576 645 652 674 dives
666 645 711 683 qui
727 645 898 673 cruciabatur
918 645 970 672 im·
986 641 1004 664 B

232 700 336 722 maturo
358 694 432 721 luctu
455 693 521 729 filii,
543 703 627 731 neque
651 692 739 721 luctus
757 693 839 721 ullam
854 691 970 721 hahebat

231 739 447 775 consolationem,
458 739 508 768 hac
519 738 639 767 dolorem
652 739 762 773 leniens,
771 739 839 767 sacta
852 738 970 766 inanima

231 785 349 823 imagine
356 786 413 824 ejus
422 785 468 823 qui
482 791 638 820 excesserat,
650 791 778 823 perpetuo
787 794 844 812 eam
854 783 970 819 intuens,

232 830 427 870 videbatui-per
438 831 582 869 imaginem
596 841 657 858 eum
672 836 800 869 perpetuo
813 829 912 858 hahere
923 830 970 867 qui

231 876 386 906 decesserat.
406 876 523 911 Quidam
547 883 637 904 autem
661 876 812 904 adulatores
826 899 834 912 ,
854 886 970 913 quorum

232 924 304 951 Deus
316 929 408 951 venter
422 929 470 959 est,
488 923 514 950 in
528 922 584 961 ejus
607 922 735 950 honorem
751 922 864 950 colentes
876 921 971 960 imagi-

231 977 290 995 nem
303 990 310 1003 ,
324 978 385 996 eum
404 977 505 995 morem
528 966 710 1005 perduxerunt
731 966 764 994 ad
780 966 968 994 idololatriam.

232 1012 384 1040 Introducta
398 1020 437 1041 est
450 1022 512 1051 ergo
525 1012 560 1040 ab
574 1011 757 1040 imbecillitate
776 1012 883 1049 animae,
894 1022 909 1039 a
927 1022 970 1040 ra-

233 1057 312 1086 tionis
334 1065 442 1097 experte
461 1057 663 1094 consuetudine‚
679 1057 714 1085 ab
741 1056 968 1085 immoderatione.

231 1103 291 1132 Non
306 1103 344 1131 sic
357 1110 444 1132 autem
463 1103 664 1132 avaritiamam
679 1102 735 1142 ipsa
751 1113 856 1141 quoque
872 1110 910 1131 cst
923 1103 969 1131 in-

230 1148 355 1177 troducta
369 1149 404 1177 ab
413 1149 546 1177 imbecilla
559 1148 657 1185 anima,
667 1159 761 1178 verum
773 1159 787 1177 a
800 1149 889 1188 pejore
900 1161 908 1178 z
918 1159 970 1177 non

231 1194 320 1222 amisit
333 1195 474 1232 quisquam
498 1194 586 1222 filium
598 1216 606 1229 ‚
620 1204 705 1232 neque
727 1194 815 1222 luctus
837 1195 972 1233 quaerebat

231 1241 368 1279 solatium,
377 1252 461 1280 neque
472 1241 655 1270 attrahebatur
666 1241 700 1269 ab
709 1240 914 1280 adulatoribus;
926 1241 973 1270 sed

231 1287 366 1324 quomodo
377 1288 390 1314 .³
402 1288 460 1326 Ego
474 1287 552 1316 vobis
566 1287 665 1316 dicam.
680 1287 746 1316 Cain
761 1288 849 1316 Deum
859 1288 973 1317 frauda—-

232 1333 272 1361 vit
282 1344 330 1372 per
339 1334 480 1363 avaritiam
493 1345 499 1361 :
510 1344 573 1361 nam
583 1333 617 1362 iis
629 1344 689 1371 quae
703 1333 744 1361 illi
757 1333 818 1361 dari
832 1335 974 1373 oportebat

232 1378 306 1417 apud
319 1389 346 1407 se
359 1379 478 1416 retentis,
492 1389 551 1417 quae
565 1379 653 1417 ipsum
664 1379 763 1407 habere
776 1380 927 1418 oportebat,
943 1391 973 1409 ea

232 1423 274 1452 illi
295 1424 402 1460 obtulit⁷
414 1431 439 1453 et
451 1425 554 1452 malum
567 1434 582 1451 a
596 1425 653 1452 Deo
680 1423 787 1463 incepit.
801 1425 871 1453 Nam
887 1426 911 1454 si
925 1436 973 1455 nos

233 1469 283 1497 Dei
294 1480 397 1507 sumus,
410 1470 495 1498 multo
507 1469 594 1507 magis
608 1469 734 1508 primitiae
749 1476 899 1498 nostrarum
908 1482 972 1510 pos·
987 1469 1006 1491 Ῑ)

233 1515 388 1543 sessionum.
401 1516 504 1543 Rursus
525 1514 560 1543 ab
575 1514 688 1542 avaritia
704 1521 761 1542 orta
775 1521 814 1543 est
827 1516 973 1545 mulierum

232 1560 361 1599 appetitio
372 1561 527 1588 :Viderunt
535 1560 617 1598 filias
628 1560 790 1597 hominum,
802 1567 830 1588 et
843 1561 973 1590 devoluti

231 1612 300 1634 sunt
312 1606 352 1634 ad
365 1607 627 1644 concupiscentiam
642 1604 694 1633 :ab
707 1604 750 1633 his
764 1616 858 1634 rursus
876 1605 911 1634 ad
924 1617 972 1646 pe·-

232 1652 332 1681 cunias.
344 1653 413 1681 Nam
425 1652 494 1681 velle
507 1652 568 1691 plus
579 1651 677 1680 habere
693 1663 774 1690 quam
788 1653 930 1691 proximus
944 1654 972 1682 in

231 1697 265 1726 iis
276 1709 336 1736 quae
351 1698 387 1726 ad
398 1698 467 1726 hanc
480 1698 565 1726 vitam
577 1697 708 1737 pertinent
720 1720 728 1735 ‚
743 1709 797 1727 non
810 1698 919 1728 aliunde
933 1706 972 1728 est

231 1750 321 1772 ortum
344 1754 424 1782 quam
439 1754 473 1772 ex
487 1754 518 1772 eo
540 1743 613 1781 quod
631 1743 765 1772 refrixerit
779 1744 875 1773 caritas
887 1745 972 1774 :velle

230 1789 292 1828 plus
303 1790 400 1818 habere
414 1800 466 1818 nou
478 1789 587 1818 aliunde
602 1790 687 1818 oritur
699 1801 779 1828 quam
796 1801 831 1819 ex
843 1802 971 1830 arrogan-

230 1835 278 1869 tia,
299 1842 324 1863 et
347 1835 409 1864 odio
433 1835 574 1864 hominum
594 1842 619 1864 et
645 1843 788 1865 contemtu.
812 1836 871 1865 Non
895 1837 972 1866 vides

230 1887 329 1918 quanta
342 1881 376 1909 sit
401 1888 482 1916 terra,
502 1888 527 1910 et
550 1881 684 1919 quomodo
709 1893 754 1910 aer
774 1889 799 1911 et
823 1883 917 1912 caelum
938 1884 973 1913 sit

231 1926 316 1954 multo
328 1927 416 1966 majus
431 1938 511 1965 quam
533 1937 601 1966 opus
615 1927 649 1956 sit
661 1927 674 1955 9
688 1928 756 1956 Nam
768 1935 797 1956 ut
811 1929 884 1957 Deus
898 1935 974 1958 tuam

230 1972 410 2011 exstingueret
419 1973 570 2010 avaritiam,
578 1984 619 2002 res
629 1980 728 2002 creatas
738 1974 773 2002 ad
783 1981 838 2003 tam
847 1985 973 2014 magnam

229 2017 325 2046 eduxit
346 2030 499 2048 mensuram
513 2026 556 2048 :tu
573 2026 662 2048 autem
676 2020 714 2049 sic
730 2031 836 2059 quoque
850 2022 933 2061 rapis,
947 2030 974 2052 et

229 2063 306 2092 audis
321 2064 462 2093 avaritiam
485 2075 541 2093 esse
564 2065 743 2094 idololatriam
757 2073 797 2095 :et
813 2077 844 2096 ne
858 2067 897 2096 sic
908 2069 973 2106 qui-

229 2109 290 2138 dem
301 2109 416 2138 horres?
429 2110 478 2139 Vis
490 2121 545 2139 esse
558 2111 635 2139 heres
647 2112 744 2140 terrze?
755 2112 807 2141 Sed
820 2123 873 2142 non
888 2113 972 2144 habes

230 2155 258 2184 in
273 2156 336 2184 caelo
351 2155 541 2185 hereditatem:
554 2157 674 2185 studium
696 2158 774 2197 ponis
799 2166 828 2187 ut
850 2159 912 2189 aliis
930 2171 972 2189 re-

230 2201 336 2239 linquas
349 2201 536 2240 hereditatem,
551 2209 577 2231 te
589 2202 678 2242 ipsum
695 2211 783 2232 autem
798 2205 914 2244 privas?

269 2247 298 2274 b.
312 2247 365 2275 Dic
389 2247 456 2276 mihi
471 2248 494 2276 si
514 2248 574 2286 quis
589 2248 663 2277 daret
684 2249 734 2277 tibi
757 2256 912 2289 potestatem
927 2261 970 2279 ae.-

230 2290 346 2329 eipiendi
363 2293 464 2328 omnia,
478 2304 510 2321 an
526 2293 630 2322 nolles?
646 2294 721 2322 Licet
743 2305 821 2333 ergo,
846 2295 868 2323 si
891 2295 967 2325 velis.
988 2300 1006 2322 E

232 2337 315 2374 Atqui
333 2338 454 2366 nonnulli
469 2338 563 2368 dicunt
577 2350 604 2368 se
616 2339 706 2368 dolere
716 2363 722 2375 ‚
740 2341 814 2379 quod
831 2341 970 2371 heredita-

231 2388 287 2410 tem
299 2383 478 2411 transmittant
492 2384 526 2412 ad
539 2385 621 2419 alios,
648 2393 673 2414 et
695 2386 792 2415 vellent
812 2388 897 2426 magis
913 2398 971 2416 eam

231 2427 358 2463 exedere,
380 2439 461 2467 quam
474 2429 564 2459 videre
583 2431 649 2460 alios
661 2433 719 2471 ejus
733 2432 864 2463 dominos.
879 2435 971 2473 Neque

989 258 1008 279 A

266 2530 276 2540 ³
294 2522 378 2547 Codex
394 2532 455 2547 uuus
468 2523 502 2557 [et
515 2533 592 2557 marg.
607 2526 696 2557 Savil]
707 2533 843 2560 μετήγαγε-ι.

980 231 1013 249 ¹3!

1024 171 1042 193 A
1049 171 1164 193 RcHlEP
1171 186 1178 193 .
1207 171 1268 193 CON
1275 170 1332 193 STA
1339 170 1459 193 NTINOP
1466 185 1474 192 ·

1027 232 1126 269 μᾶλλον
1142 232 1264 271 μυριάκις
1278 230 1426 264 πλεονεξίας
1437 231 1599 269 κατηγορῶν,
1616 230 1661 258 καὶ
1674 229 1731 262 τοὺς
1746 233 1791 258 θε-

1028 276 1185 316 ραπεύοντας
1203 277 1283 311 αὐτὴν
1299 277 1343 305 καὶ
1368 277 1534 309 δουλεύοντας
1557 276 1602 304 καὶ
1626 275 1793 313 πειθομένους

1025 323 1143 355 ἅπαντας
1154 323 1277 355 κακίζων.
1292 323 1324 351 Ei
1342 322 1368 350 δὲ
1387 322 1523 361 βούλεσθε,
1535 321 1699 359 ἐξετάσωμεν
1714 321 1791 349 πόθεν

1025 369 1177 403 ἐπεισῆλθεν
1189 370 1206 402 ἦ
1222 368 1431 407 εἷδωλολατρεία.
1448 368 1525 406 Λέγει
1544 379 1583 400 τις
1606 368 1683 406 σοφὸς
1708 365 1790 404 ἀνὴρ,

1025 413 1063 441 ὅτι
1078 413 1200 445 πλούσιός
1213 424 1252 445 τις
1271 413 1404 452 ἄνθρωπος
1418 412 1496 452 ἀώρῳ
1520 413 1609 442 πένθει
1631 411 1791 451 τρυχόμενος

1024 460 1091 495 υἱοῦ,
1105 459 1150 487 καὶ
1174 459 1342 497 παραμυθίαν
1362 459 1483 496 οὐδεμίαν
1507 458 1573 498 ἔχων
1596 461 1641 488 τοῦ
1664 458 1789 493 πένθους,

1024 503 1106 543 ταύτῃ
1122 504 1353 543 παραμυθούμενος
1365 504 1395 532 τὸ
1410 504 1506 540 πάθος,
1523 505 1608 533 εἰκόνα
1622 504 1723 543 ἄψυχον
1745 506 1791 532 τοῦ

1023 549 1236 584 τετελευτηκότος
1258 548 1384 584 ποιήσας,
1402 549 1447 578 καὶ
1473 549 1516 578 διὰ
1535 550 1631 582 παντὸς
1650 551 1686 579 εἷς
1707 548 1788 583 αὐτὴν

1023 595 1130 632 ἐνορῶν,
1143 595 1227 624 ἐδόκει
1242 595 1286 623 τὸν
1303 594 1448 623 ἀπελθόντα
1468 594 1537 633 ἔχειν
1553 594 1594 622 διὰ
1615 597 1662 629 τῆς
1683 594 1789 626 εἰκόνος.

1024 642 1141 674 Κόλακες
1156 641 1184 670 δέ
1197 653 1264 672 τινες
1278 641 1409 679 ἄνθρωποι
1419 664 1426 677 ‚
1443 636 1479 669 ὧν
1493 642 1506 668 ὁ
1521 640 1587 672 Θεὸς
1600 642 1616 674 ἡ
1633 638 1734 674 κοιλία,
1749 641 1791 667 θε-

1024 686 1179 725 ραπεύοντες
1199 688 1234 718 εἷς
1245 686 1292 721 τὴν
1312 686 1409 715 ἐκείνου
1420 685 1499 724 τιμὴν
1513 685 1560 721 τὴν
1577 684 1663 714 εἷκόνοι
1672 707 1680 721 ‚
1695 684 1726 713 τὸ
1736 684 1792 717 ἔθος

1023 733 1060 764 εἷς
1085 731 1300 771 εἷδωλολατρείαν
1317 731 1495 770 ἴ’προ-ἤγαγον.
1510 732 1613 759 Οὗκοῧν
1637 730 1689 759 ἀπὸ
1709 731 1790 758 ἀσθε-

1023 777 1092 810 νείας
1106 778 1249 816 ἐπεισήχθη
1272 778 1374 816 ψυχῆς,
1388 777 1440 806 ἀπὸ
1455 775 1591 811 συνηθείας
1613 775 1722 815 ἀλόγου,
1738 775 1790 804 ἀπὸ

1023 822 1157 861 ἀμετρίας.
1171 822 1205 850 Ἡ
1220 822 1247 851 δὲ
1265 822 1401 855 πλεονεξία
1423 823 1473 861 οὐχ
1486 821 1581 854 οὕτως·
1596 821 1648 850 ἀπὸ
1669 823 1791 852 ἀσθενοῦς

1024 868 1071 906 μὲν
1090 867 1141 906 γὰρ
1155 867 1200 896 καὶ
1214 866 1279 901 αὕτη
1295 869 1393 906 ψυχῆς,
1412 867 1480 903 πλὴν
1503 868 1560 895 ἀλλ’
1590 866 1642 896 ἀπὸ
1661 865 1791 905 χείρονος·

1023 913 1071 939 οὐκ
1093 911 1210 940 ἀπέὅαλέ
1223 924 1262 944 τις
1279 911 1344 946 υἱὸν,
1359 911 1415 940 οὐδὲ
1429 911 1536 943 πένθους
1554 910 1723 948 παραμυθίαν
1743 912 1789 945 ζη-

1023 957 1085 990 τῶν,
1099 954 1156 984 οὐδὲ
1169 955 1219 983 ὑπὸ
1230 955 1348 983 κολάκων
1364 955 1542 990 ἐξελκόμενος·
1552 954 1620 982 ἀλλὰ
1633 956 1703 989 πῶς
1717 953 1790 993 Ἐγὼ

1023 1001 1089 1039 πρὸς
1102 1003 1170 1038 ὑμᾶς
1184 1002 1243 1039 ἐρῶ,
1259 1000 1292 1029 Ὁ
1305 1001 1372 1029 Κάϊν
1393 1000 1436 1028 τὸν
1451 1000 1520 1029 Θεὸν
1540 999 1757 1035 ἐπλεονέκτησεν·
1773 999 1790 1028 ἃ

1023 1046 1074 1085 γὰρ
1092 1045 1181 1085 ἐκείνῳ
1204 1046 1309 1080 δοθῆναι
1332 1047 1422 1085 ε’χρῆν,
1443 1047 1505 1085 παρ’
1532 1047 1618 1085 ἑαυτῷ
1634 1045 1791 1084 κατασχὼν,

986 1090 1004 1112 C
1024 1092 1091 1130 ἅπερ
1106 1091 1180 1120 αὐτὸν
1197 1092 1265 1131 ἔχειν
1279 1091 1345 1126 ἔδει,
1359 1094 1442 1119 ταῦτα
1452 1091 1542 1131 ἐκείνῳ
1553 1091 1715 1131 προσ-ἤνεγκε
1725 1114 1733 1128 ,
1745 1091 1791 1120 καὶ

1023 1137 1053 1166 τὸ
1061 1138 1141 1166 κακὸν
1153 1138 1204 1166 ἀπὸ
1215 1141 1259 1166 τοῦ
1270 1138 1340 1166 Θεοῦ
1351 1137 1458 1175 ἤρξατο.
1474 1137 1508 1166 Εἰ
1518 1137 1570 1176 γὰρ
1579 1140 1656 1175 ἡμεῖς
1667 1140 1713 1166 τοῦ
1721 1138 1791 1167 Θεοῦ

1024 1182 1112 1221 ἐσμὲν,
1123 1184 1212 1222 πολλῷ
1229 1183 1327 1221 μᾶλλον
1342 1182 1376 1211 τὰ
1389 1187 1506 1221 πρωτεῖα
1521 1184 1572 1211 τῶν
1585 1182 1729 1220 κτημάτων
1738 1185 1790 1212 τῶν

1025 1229 1169 1268 ἡμετέρων.
1184 1229 1270 1257 Πάλιν
1286 1229 1322 1261 εἷς
1335 1232 1459 1267 γυναῖκας
1472 1227 1524 1257 ἀπὸ
1535 1227 1684 1261 πλεονεξίας
1694 1231 1711 1264 ἡ
1721 1227 1791 1268 ὁρμὴ

1025 1275 1127 1313 γέγονεν
1137 1287 1142 1292 ·
1158 1272 1236 1305 Εἶδον
1259 1274 1306 1308 τὰς
1329 1275 1472 1312 θυγατέςας
1495 1275 1546 1303 τῶν
1570 1273 1723 1314 ἀνθρώπων,
1746 1273 1792 1303 καὶ

1025 1320 1224 1356 ἐξεκυλίσθησαν
1238 1321 1301 1360 πρὸς
1312 1320 1359 1356 τὴν
1372 1319 1511 1358 ἐπιθυμίαν
1520 1331 1526 1337 ·
1541 1319 1594 1348 ἀπὸ
1601 1319 1698 1349 τούτων
1711 1319 1790 1349 πάλιν

1025 1367 1062 1399 εἷς
1072 1365 1209 1404 χρήματα.
1220 1366 1259 1395 Τὸ
1273 1366 1323 1405 γὰρ
1342 1365 1420 1394 πλέον
1434 1365 1504 1404 ἔχειν
1519 1364 1601 1394 θέλειν
1614 1368 1660 1394 τοῦ
1678 1365 1790 1400 πλησίον

1024 1412 1050 1439 ἓν
1064 1416 1118 1444 τοῖς
1133 1413 1264 1449 βιωτικοῖς
1273 1433 1280 1446 ,
1292 1410 1435 1449 οὐδαμόθεν
1448 1410 1554 1439 ἄλλοθεν
1569 1409 1684 1448 γίνεται,
1699 1411 1716 1438 ἇ
1750 1411 1757 1422 ’
1771 1410 1790 1446 ἢ

1025 1459 1054 1486 ἐκ
1069 1459 1113 1486 τοῦ
1127 1459 1241 1495 ψυγῆναι
1261 1457 1308 1491 τὴν
1333 1456 1438 1495 ἀγάπην
1449 1467 1455 1473 ·
1466 1456 1496 1484 τὸ
1514 1454 1592 1484 πλέον
1615 1455 1684 1494 ἔχειν
1707 1455 1789 1484 θέλειν

1023 1504 1070 1531 οὐκ
1080 1502 1223 1541 ἀλλαχόθεν
1237 1502 1351 1540 γίνεται,
1363 1503 1420 1532 ἀλλ’
1436 1503 1454 1538 ἢ
1466 1502 1493 1536 ἐξ
1504 1500 1627 1533 ἀπονοίας
1639 1500 1683 1531 χαὶ
1698 1512 1791 1539 μισαν-

1024 1549 1139 1588 θρωπίας
1161 1548 1206 1577 καὶ
1220 1549 1371 1587 ὑπεροψίας.
1383 1550 1444 1587 Οὖχ
1457 1551 1518 1587 ὁρᾷς
1531 1548 1578 1584 τὴν
1597 1551 1645 1587 γῆν
1659 1548 1709 1582 ὅση
1720 1546 1791 1584 ἐστί;

1022 1597 1078 1628 πῶς
1089 1595 1179 1633 πολλῷ
1192 1594 1286 1633 μείζων
1303 1596 1350 1629 τῆς
1363 1594 1454 1634 χρείας
1464 1594 1532 1623 ἐστὶν
1541 1597 1555 1623 ὃ
1565 1593 1632 1634 ἀὴρ,
1645 1596 1659 1622 ὁ
1669 1593 1792 1633 οὖρανός;

1021 1639 1080 1669 Ἵνα
1091 1640 1142 1679 γάρ
1154 1652 1199 1669 σου
1213 1640 1261 1675 τὴν
1273 1639 1421 1673 πλεονεξίαν
1436 1640 1518 1679 σὸέσῃ
1529 1642 1543 1669 ὁ
1554 1640 1622 1672 Θεὸς
1630 1661 1638 1675 ,
1653 1641 1688 1673 εἷς
1701 1642 1792 1669 τοσοῦ·

1022 1697 1066 1714 τον
1083 1686 1176 1725 μέτρον
1187 1685 1221 1714 τὰ
1234 1686 1368 1723 κτίσματα
1383 1685 1508 1725 ἐξήγαγε·
1523 1685 1554 1715 σὺ
1569 1686 1596 1714 δὲ
1607 1685 1732 1725 ἇρπάζεις
1747 1685 1792 1714 καὶΙ

1023 1733 1091 1761 οὕτω
1101 1755 1108 1768 ,
1120 1732 1166 1760 καὶ
1176 1731 1278 1764 ἀκούεις
1291 1731 1331 1759 ὅτι
1342 1731 1542 1771 εἷδωλολατρεία
1554 1733 1571 1766 ἡ
1586 1730 1722 1764 πλεονεξία
1729 1753 1738 1767 ,
1746 1731 1793 1760 καὶ

1023 1778 1081 1808 οὖῗὲ
1106 1778 1173 1807 οὕτω
1189 1778 1315 1816 φρίττειςς
1337 1779 1542 1816 Κληρονομῆσαι
1556 1776 1604 1812 τὴν
1624 1779 1673 1815 γῆν
1696 1777 1793 1812 θέλεις;

1023 1823 1091 1852 Ἀλλ’
1102 1825 1149 1852 οὐκ
1163 1823 1231 1862 ἔχεις
1242 1825 1268 1852 ἐν
1283 1825 1320 1861 τῷ
1335 1824 1435 1861 οὐρανῷ
1447 1821 1632 1862 κληρονομίαν,
1643 1821 1686 1850 ἵνα
1698 1822 1792 1852 σαυτὸν

1024 1869 1219 1908 ἀποστερήσῃς;

1065 2249 1136 2280 Εἰπέ
1159 2261 1218 2288 μοι,
1240 2249 1264 2278 εἴ
1283 2249 1321 2281 τίς
1345 2259 1385 2277 σοι
1408 2250 1533 2286 παρεῖχεν
1561 2245 1678 2280 ἐξουσίαν
1702 2247 1792 2277 λαὲεῖν

1026 2297 1129 2326 ἅπαντα
1139 2319 1146 2331 ,
1159 2292 1210 2334 ἆρα
1224 2296 1270 2324 οὒκ
1284 2295 1314 2323 ἂν
1327 2293 1472 2329 ἠθέλησας
1485 2293 1593 2322 Ἐνεστι
1605 2294 1659 2329 νῦν,
1669 2292 1714 2322 ἐὰν
1729 2293 1793 2332 βού-

1025 2343 1068 2380 λῃ.
1079 2341 1173 2370 Καίτοι
1186 2340 1254 2373 τινές
1267 2351 1356 2379 φασιν,
1369 2339 1408 2367 ὅτι
1419 2339 1553 2376 ἀλγοῦσιν,
1567 2337 1628 2367 ὅταν
1643 2340 1679 2372 εἷς
1692 2338 1794 2378 ἑτέρους

1025 2388 1069 2416 τὀν
1083 2388 1180 2426 κλῆρον
1194 2385 1406 2425 παραπέμπωσι,
1421 2384 1466 2412 καὶ
1481 2383 1618 2412 ἐδούλοντο
1631 2379 1697 2412 εἶναι
1713 2395 1793 2412 κατε-

1026 2432 1162 2469 δηδοκότες
1170 2432 1246 2461 αὐτὸν
1256 2432 1367 2469 μᾶλλον,
1378 2429 1394 2465 ἢ
1411 2430 1514 2468 ἑτέρους
1525 2431 1588 2469 δρᾷν
1599 2429 1704 2469 κυρίους
1716 2440 1792 2468 γενο-
