1893 2860
427 130 459 152 ΙΝ
488 129 594 152 ΕΡΙὸΤ.
626 131 660 153 11.

94 192 209 221 ἐστικαὶ
227 191 284 224 τοὺς
304 193 383 220 αὐτοῦ
401 190 549 223 κινδύνους·
574 191 614 220 διὸ
635 190 751 229 μάλιστα
772 191 865 224 αὐτοὺς

94 237 247 276 παρεκάλει.
274 236 337 266 Ἀπὸ
358 238 410 265 τῶν
433 236 555 272 ἀτόπων,
577 237 656 276 φησὶ,
682 236 726 264 καὶ
742 239 864 275 πονηρῶν

94 283 251 321 ἀνθρώπων·
269 284 298 312 οὐ
312 282 363 321 γὰρ
383 282 489 312 πάντων
504 285 521 318 ἡ
537 283 632 315 πίστις.
658 283 723 321 Ἄρα
736 282 797 322 περὶ
812 284 864 311 τῶν

93 327 281 366 ἀντιλεγόντων
299 330 338 367 τῷ
353 328 506 367 κηρύγματι
524 328 605 368 λέγει,
628 329 689 368 περὶ
713 331 766 357 τῶν
792 331 865 358 ἀνθι-

95 375 232 413 σταμένων
252 375 297 403 καὶ
320 374 479 414 μαχομένων
495 379 548 408 τοῖς
571 375 694 414 δόγμασι.
710 375 797 404 Τοῦτο
811 375 863 414 γὰρ

94 420 201 459 ᾐνίξατο
215 421 310 450 εἰπών·
324 422 365 450 Οὐ
379 422 430 460 γὰρ
443 421 549 451 πάντων
565 424 582 456 ἡ
595 422 692 454 πίστις,
717 422 757 450 Οὗ
772 421 863 450 κινδύ-

93 478 151 499 νους
178 468 288 497 ἐνταῦθά
313 479 357 506 μοι
380 469 449 497 ’δοκεῖ
476 468 644 504 αἰνίττεσθαι,
660 467 726 496 ἀλλὰ
739 466 798 500 τοὺς
812 470 860 496 ἀν·-

882 385 898 407 Β

92 511 242 549 τιλέγοντας
254 515 299 543 καὶ
312 514 498 553 ἐμποδίζοντας
516 515 594 543 αὐτοῦ
614 515 652 552 τῷ
672 513 756 552 λόγῳ,
767 513 861 553 ὥσπερ

92 553 124 593 ἦν
138 561 152 588 ὁ
162 558 317 597 Ὺμεναῖος,
334 560 424 599 ὥσπερ
439 559 603 598 Ἀλέξανδρος
620 561 634 588 ὁ
646 559 775 598 χαλκεύς·
793 560 860 588 Δίαν

91 604 160 645 γὰρ,
177 606 270 644 φησὶν,
287 607 431 642 ἀνθέστηκε
444 610 498 638 τοῖς
512 606 649 645 ἡμετέροις
661 606 747 643 λόγοις
758 618 764 623 ·
782 608 817 639 ὡς
830 606 860 634 ἂν

91 652 153 690 περὶ
177 653 274 691 κλήρου
297 655 318 682 εἰ
338 653 413 692 ἔλεγέ
434 666 473 686 τις
495 656 638 692 πατρικοῦ,
653 652 693 681 ὅτι
711 653 740 681 οὗ
753 653 859 682 πάντων

91 698 147 726 ἐστὶ
161 699 191 727 τὸ
206 699 395 738 στρατεύεσθαι
404 700 431 727 ἐν
441 703 493 732 τοῖς
510 699 664 737 βασιλείοις·
675 698 743 727 οὕτω
757 699 802 728 καὶ
815 701 860 728 αὖ·

90 743 134 776 τὸς
145 745 190 782 ἀφ’
203 739 239 773 ὧν
258 744 380 782 βούλεται
395 746 521 783 ῥυσθῆναι
531 746 664 782 πονηρῶν,
679 745 728 773 εἶσὶ
739 748 861 781 τοιοῦτοι,

90 790 179 828 φησὶν,
194 786 230 822 οἷς
244 790 347 819 δέδοται
362 791 392 819 τὸ
413 790 450 828 μὴ
471 790 612 819 πιστεύειν.
645 790 716 828 Ἅμα
739 790 766 820 δὲ
785 794 861 820 τοῦτο

90 835 173 874 λέγων
197 835 242 864 καὶ
265 836 427 871 διανίστησιν
451 835 552 869 αὐτούς.
583 835 649 874 Ἄρα
666 836 777 875 μεγάλοι
793 836 861 869 τινὲς
877 837 894 860 C

88 877 167 918 ἦσαν,
183 881 208 910 εἴ
219 893 250 920 γε
259 882 389 918 τοσαύτην
406 883 495 922 ἔχουσι
507 882 671 922 παρρησίαν,
686 885 721 915 ὡς
737 883 860 912 δύνασθαι

89 927 135 956 καὶ
148 927 191 956 τὸν
205 928 360 957 διδάσκαλον
375 928 501 957 κινδύνων
517 929 708 963 ἀπαλλάττειν,
724 929 769 957 καὶ
786 928 859 962 ἐξευ-

90 973 208 1012 μαρίζειν
234 975 304 1013 αὐτῷ
328 975 356 1003 τὸ
379 974 515 1014 κήρυγμα.
549 975 652 1003 Οὐκοῦν
672 974 717 1003 καὶ
735 978 812 1013 ἡμεῖς
825 975 858 1003 τὰ

89 1018 158 1048 αὐτὰ
172 1020 237 1060 πρὸς
247 1022 316 1058 ὑμᾶς
328 1021 449 1059 λέγομεν.
471 1020 571 1055 Μηδεὶς
582 1021 657 1058 ἡμῶν
671 1021 795 1049 ἀπόνοιαν
808 1033 857 1050 κα-

87 1065 275 1103 ταγινωσκέτω
285 1078 291 1084 ·
314 1067 406 1104 μηδεὶς
420 1068 492 1104 ὑμῶν
508 1066 534 1099 ἐξ
548 1066 663 1104 ἀμέτρου
684 1078 857 1106 ταπεινοφρο-

88 1111 167 1146 σύνης
181 1112 362 1152 ἀποστερείτω
381 1115 451 1150 ἡμᾶς
473 1112 603 1148 τοσαύτης
627 1112 757 1150 βοηθείας.
789 1113 858 1142 Οὔτε

85 1157 138 1197 γὰρ
153 1156 206 1186 ἀπὸ
222 1161 268 1194 τῆς
284 1160 365 1193 αὐτ-’ῆς
381 1158 496 1191 διανοίας
509 1158 630 1195 λέγομεν,
647 1158 692 1196 ἀφ’
705 1154 736 1192 ἧς
751 1159 858 1191 Παῦλος

85 1205 174 1243 ἔλεγεν
185 1218 191 1223 ·
213 1206 311 1238 ἐκεῖνος
331 1205 380 1243 μὲν
394 1205 445 1245 γὰρ
462 1204 646 1244 παρακαλέσαι
661 1203 721 1237 τοὺς
735 1205 856 1241 μαθητὰς

87 1252 255 1289 βουλόμενος,
281 1254 365 1280 ταῦτα
387 1251 490 1290 ἔλεγεν·
511 1254 590 1289 ἡμεῖς
610 1251 636 1279 δὲ
652 1251 818 1291 καρποῦσθαί
830 1263 856 1280 τι

84 1297 155 1336 μέγα
167 1299 212 1327 καὶ
223 1297 352 1337 χρηστόν1
365 1297 411 1325 καὶ
425 1296 525 1336 σφόδρα
535 1296 691 1334 πιστεύομεν
709 1295 749 1325 δ’τι
769 1296 857 1326 πάντα
872 1303 890 1325 D

83 1346 94 1358 ³
103 1343 315 1382 κατορθώσομεν,
328 1343 358 1371 ἂν
372 1342 513 1378 ἐθελήσητε
524 1342 621 1374 πάντες
631 1342 798 1380 ὁμοθυμαδὸν
809 1342 856 1375 τὰς

82 1393 174 1428 χεῖρας
197 1389 321 1418 ἐκτείνειν
343 1389 408 1429 πρὸς
429 1388 473 1416 τὸν
489 1388 557 1417 Θεὸν
573 1387 638 1427 ὑπὲρ
658 1389 706 1422 τ”ζς
724 1387 855 1426 ἡμετέρας

83 1434 266 1474 σμικρότητος.
291 1434 370 1464 Οὕτω
393 1435 552 1472 πολεμῶμεν
575 1437 628 1466 τοῖς
649 1434 752 1473 ἐχθροῖς
766 1435 855 1472 εὐχαῖς

82 1481 128 1510 καὶ
145 1481 300 1520 ἱκετηρίαις.
325 1482 359 1511 Εἰ
379 1480 430 1520 γὰρ
448 1485 501 1514 τοῖς
521 1480 640 1513 ἐνόπλοις
659 1479 741 1513 οὕτως
757 1480 853 1509 ἐπολέ-

81 1539 146 1565 μουν
165 1529 189 1557 οἱ
211 1527 340 1563 παλαιοὶ,
366 1528 456 1566 πολλῷ
479 1528 578 1565 μᾶλλον
595 1531 648 1560 τοῖς
662 1526 744 1566 χωρὶς
765 1526 853 1555 ὅπλων

80 1573 148 1604 οὕτω
161 1574 200 1603 δεῖ
213 1574 349 1611 πολεμεῖν.
374 1573 468 1606 Οὕτως
488 1573 657 1612 ε’τροπώσατο
672 1572 793 1606 Ἐζεκίας
808 1573 852 1601 τὸν

80 1618 226 1659 Ἀσσύριον,
243 1619 325 1653 οὕτως
345 1622 358 1648 ὁ
379 1621 496 1654 Mum-E<
511 1619 555 1648 τὸν
569 1618 699 1656 Ἀμαλὴκ,
713 1618 782 1647 οὕτω
793 1617 851 1651 τοὺς

79 1665 273 1698 Ἀσκαλωνίτας
281 1667 295 1695 ὃ
306 1665 444 1704 Σαμουὴλ,
456 1665 539 1698 οὕτως
551 1667 565 1694 ὁ
579 1664 691 1704 Ἰσραὴλ
703 1664 762 1697 τοὺς
773 1665 848 1703 τριά-

78 1723 158 1740 κοντα
170 1711 215 1741 δύο
229 1713 356 1751 βασιλεῖς.
375 1713 410 1741 Εἰ
426 1712 487 1740 ἔνθα
498 1711 586 1740 ὅπλων
605 1712 657 1739 ἔδει
670 1710 715 1739 καὶ
727 1710 850 1750 παρατά-

77 1758 139 1792 ξεως
149 1758 194 1787 καὶ
209 1758 314 1797 μάχης,
329 1757 362 1787 τὰ
376 1757 445 1786 ὅπλα
457 1757 564 1796 ἀφέντες
580 1757 623 1786 ἐπὶ
636 1757 684 1792 τὴν
699 1756 778 1795 εὐχὴν
795 1768 846 1785 κα-

76 1803 198 1843 τέφυγον·
215 1803 276 1832 ἔνθα
288 1805 379 1842 εὐχαῖς
400 1804 478 1841 μόνον
494 1804 637 1838 ἀνυσθῆναι
652 1803 685 1831 τὰ
700 1803 845 1841 πράγματα
866 1812 882 1834 Ε

75 1850 128 1890 χρὴ
140 1873 148 1886 ,
162 1852 218 1883 πῶς
232 1851 261 1878 οὗ
276 1851 367 1890 πολλῷ
380 1851 479 1888 μᾶλλον
491 1849 614 1888 εὔχεσθαι
626 1849 682 1885 δεῖ;
697 1848 766 1878 Ἀλλ’
781 1850 845 1883 ἐκεῖ,

75 1897 165 1936 φησὶν,
177 1899 201 1926 οἱ
211 1896 354 1935 ἡγούμενοι
366 1896 432 1935 ὓπὲρ
444 1899 489 1925 τοῦ
500 1897 566 1924 λαοῦ
577 1895 743 1935 παρεκάλουν
751 1906 757 1912 ·
774 1894 805 1923 σὺ
818 1895 844 1923 δὲ

76 1942 156 1976 ἀξιοῖς
176 1942 220 1971 τὸν
242 1942 306 1970 λαὸν
327 1941 393 1981 ὑπὲρ
416 1943 461 1970 τοῦ
488 1941 636 1980 ἡγουμένου
660 1942 842 1979 παρακαλεῐν;

74 1983 144 2018 Οἶδα
158 1987 240 2025 κάγώ.
265 1988 335 2017 Τότε
352 1987 398 2025 μὲν
414 1987 464 2027 γὰρ
479 1989 503 2015 οἱ
523 1986 665 2026 ἀρχόμενοι
679 1986 844 2026 ταλαίπωροί

73 2046 140 2067 τινες
157 2030 225 2069 ἦσαν
245 2033 290 2062 καὶ
308 2034 435 2066 εὖτελεῖς’
458 2033 549 2072 διόπερ
563 2033 617 2062 ἀπὸ
632 2034 678 2067 τῆς
693 2034 844 2073 παρρησίας

72 2080 117 2109 καὶ
131 2082 178 2115 τῆς
198 2081 293 2119 ἀρετῆς
307 2082 352 2108 τοῦ
370 2081 578 2120 στρατηγοῦντος
599 2078 727 2111 ἐσώζοντο
745 2079 841 2116 μόνης·

71 2127 126 2155 νυνὶ
141 2126 167 2155 δὲ
178 2127 221 2155 ὅτε
235 2129 251 2161 ἡ
267 2128 311 2155 τοῦ
325 2127 394 2155 Θεοῦ
405 2125 483 2164 χάρις
491 2124 616 2159 ἐπέδωκε,
629 2124 675 2153 καὶ
686 2125 712 2153 ἐν
724 2129 778 2158 τοῖς
790 2128 840 2164 ἀρ-

69 2173 192 2213 χομένοις
206 2171 332 2208 πολλοὺς,
346 2173 446 2209 μᾶλλον
463 2171 489 2200 δὲ
503 2170 562 2204 τοὺς
574 2170 680 2203 πλείους
692 2171 839 2209 εὑρήσομεν

67 2222 113 2248 τοῦ
132 2222 289 2258 κρατοῦντος
305 2220 334 2248 ἐκ
348 2220 446 2246 πολλοῦ
467 2217 604 2257 περιόντας
618 2220 664 2246 τοῧ
682 2217 785 2256 μέρους,
800 2218 837 2256 μὴ

68 2265 100 2301 δὴ
111 2267 158 2300 τῆς
168 2264 322 2304 συμμαχίας
337 2266 407 2302 ἡμᾶς
419 2263 622 2302 ἀποστερήσητε
637 2263 743 2298 ταύτης·
760 2265 837 2304 ἀνορ-
858 2271 875 2294 F

68 2311 169 2341 θώσατε
182 2311 227 2343 τὰς
242 2315 333 2350 ι[εἴρας
347 2312 421 2348 ἡμῖν,
436 2309 477 2338 ἵνα
491 2310 528 2347 μὴ
543 2310 700 2339 ε’κλόωνται·
717 2309 837 2344 ἀνοίξατε

66 2358 97 2387 τὸ
106 2357 191 2395 στόμα
203 2360 278 2395 ἡμῖν,
287 2357 328 2386 ἵνα
340 2356 376 2395 μὴ
389 2356 571 2396 ἕμφροὶτπηται
583 2368 588 2374 ’
602 2359 781 2396 παρακαλεῖτε
792 2357 836 2386 τὸν

67 2405 145 2442 Θεὸν,
154 2406 333 2444 παρακαλεῖτε
342 2403 384 2433 διὰ
394 2407 478 2433 τοῦτο.
486 2404 564 2433 Ἐστι
577 2403 624 2443 μὲν
635 2399 678 2433 οὖν
684 2404 749 2443 ὑπὲρ
760 2406 836 2443 ἡμῶν

102 2516 111 2527 Ι
130 2508 196 2532 Alius
206 2520 275 2543 amn-of:
280 2511 368 2533 Ου’,αετε-

691 130 736 152 ΑΙ)
761 131 907 154 THESSAL

1058 134 1104 156 111.
1135 134 1252 158 nomn„

1585 126 1655 174 617

916 193 995 222 etiam
1016 195 1073 233 ejus
1094 195 1141 233 qui
1164 206 1211 224 sua
1226 196 1361 235 significat
1375 196 1504 236 pericula,
1525 198 1598 236 quod
1614 209 1658 228 eos

916 239 1034 269 maxime
1047 240 1244 270 consolabatur.
1259 242 1310 270 Ab
1333 245 1506 281 importunis
1518 267 1526 280 ,
1546 244 1635 283 inquit
1648 268 1656 280 ‚

916 291 943 313 et
959 285 1046 314 malis
1060 287 1226 316 hominibus
1240 299 1248 314 :
1265 298 1324 316 non
1335 295 1376 317 est
1391 290 1468 317 enim
1484 290 1658 330 omniumst-

915 331 973 360 des.
990 331 1067 361 Forte
1077 332 1111 360 de
1127 333 1160 361 iis
1175 333 1217 371 loq
1224 334 1307 369 uitur,
1321 334 1368 372 qui
1382 335 1567 374 repugnabant
1581 347 1656 375 prae-

914 375 1053 412 dicationi,
1066 378 1100 406 dc
1113 378 1146 406 iis
1157 379 1202 416 qui
1218 380 1374 408 resistebant
1387 387 1412 408 et
1424 381 1582 420 pugnabant
1594 392 1657 411 cum

913 423 1085 462 dogmatibus
1102 437 1107 452 :
1121 426 1172 454 hoc
1185 427 1256 455 enim
1278 427 1356 456 tacite
1369 428 1534 467 significavit
1547 429 1653 467 dicens,

913 469 981 497 Non
1001 477 1043 498 est
1057 473 1133 498 enim
1147 473 1373 512 omnium-fides.
1390 474 1449 502 Non
1472 481 1561 504 autem
1575 475 1654 514 peri-

912 514 972 543 cula
983 514 1029 543 hic
1041 515 1107 544 mihi
1119 516 1228 545 videtur
1239 518 1402 555 significare,
1415 519 1462 548 scd
1475 530 1519 549 eos
1530 522 1578 559 qui
1594 532 1654 551 eon-

912 560 1081 590 tradicebant
1091 569 1116 590 et
1127 562 1320 602 impediebant,
1334 565 1403 593 sicut
1414 566 1589 605 Hymenaeus,
1600 568 1654 597 sic-

912 613 941 634 ut
958 606 1111 636 Alexander
1133 608 1261 637 aerarius:
1279 610 1373 638 Valde
1387 613 1476 647 enim,
1493 612 1590 651 inquit,
1611 624 1653 642 re-

910 655 984 682 stitit
996 655 1094 682 verbis
1109 657 1224 683 nostris.
1239 656 1277 684 Ut
1295 655 1316 684 si
1331 656 1392 693 quis
1404 656 1438 684 de
1452 664 1561 696 paterna
1580 659 1653 688 dicen

910 706 950 727 ret
966 706 1045 737 sorte,
1060 710 1112 729 non
1125 707 1164 729 est
1187 701 1308 729 omnium
1322 701 1440 730 militare
1452 702 1478 730 in
1491 703 1565 741 regia
1586 716 1593 731 ι
1616 705 1655 733 sic

910 745 958 774 ille
977 745 1010 774 de
1027 746 1158 786 improbis
1177 758 1192 775 a
1212 747 1312 785 quibus
1333 747 1393 776 vult
1413 747 1524 777 liberari
1544 760 1550 776 :
1574 750 1654 778 Tales

911 798 981 829 sunt,
1002 792 1100 830 inquit,
1121 792 1151 827 ii,
1176 793 1275 831 quibus
1289 792 1385 821 datum
1397 800 1435 822 cst
1456 804 1508 822 non
1533 794 1652 824 credere.

910 838 999 867 Simul
1011 845 1101 867 autem
1113 839 1164 867 hoc
1177 838 1270 868 dicens
1282 839 1343 868 illos
1357 839 1465 868 excitat.
1482 840 1576 879 Magni
1589 852 1653 880 ergo

910 892 996 922 erant,
1007 885 1030 914 si
1051 892 1152 914 tantam
1167 885 1304 914 habebant
1317 885 1393 925 apud
1407 886 1496 915 Deum
1510 887 1653 924 fiduciam,

910 939 939 960 ut
954 939 1061 971 possent
1073 933 1154 960 etiam
1168 932 1306 961 doctorem
1320 932 1434 961 liberare
1444 943 1459 961 a
1478 933 1615 972 periculis,
1628 941 1655 963 et

909 978 933 1006 ei
945 978 1052 1006 facilem
1060 977 1172 1006 reddere
1184 977 1411 1017 praedicationem.
1423 979 1478 1007 Nos
1487 989 1549 1018 ergo
1561 979 1654 1008 eadem

911 1023 988 1052 vobis
1003 1024 1129 1053 dicimus.
1146 1024 1231 1052 Nemo
1244 1034 1292 1052 nos
1307 1030 1389 1052 tamoe
1403 1023 1511 1053 damnet
1525 1035 1654 1063 arrogan-

910 1069 964 1105 tiae‚
977 1080 1055 1099 nemo
1067 1077 1190 1099 vestrum
1206 1080 1240 1098 ex
1254 1069 1400 1099 immodica
1413 1069 1568 1098 humilitate
1579 1077 1652 1099 tanto

910 1127 956 1145 nos
967 1117 1057 1156 privet
1071 1117 1186 1146 auxilio.
1201 1118 1293 1154 Neque
1305 1117 1376 1145 enim
1389 1116 1482 1146 eodem
1498 1118 1588 1146 animo
1608 1117 1652 1145 di-

914 148 920 154 .
950 133 1027 156 CAP.
1282 136 1328 159 IV·

883 1161 888 1165 ”
909 1164 995 1192 cimus
1008 1175 1061 1202 quo
1075 1163 1178 1192 dicebat
1198 1164 1298 1192 Paulus
1314 1175 1320 1191 ε
1337 1174 1400 1192 nam
1412 1163 1458 1192 ille
1471 1163 1582 1202 quidem
1594 1164 1651 1193 haec

908 1209 1016 1238 dicebat
1025 1210 1117 1239 volens
1125 1209 1257 1238 consolari
1271 1209 1421 1249 discipulos
1432 1221 1439 1246 ;
1452 1220 1499 1238 nos
1509 1217 1609 1247 autem,
1622 1217 1653 1239 ut

907 1266 1037 1294 magnum
1051 1255 1116 1294 quid
1138 1262 1163 1284 et
1176 1255 1278 1284 bonum
1293 1265 1488 1293 consequamur
1502 1267 1508 1283 :
1531 1263 1557 1284 et
1570 1256 1651 1285 valde

907 1302 1053 1337 credimus,
1076 1301 1099 1330 si
1121 1300 1210 1330 velitis
1227 1310 1319 1329 omnes
1343 1301 1484 1329 unanimes
1503 1301 1538 1330 ad
1561 1302 1651 1331 Deum

907 1358 1002 1377 manus
1016 1347 1160 1376 extendere
1181 1357 1230 1386 pro
1244 1353 1336 1375 nostra
1349 1346 1465 1384 vilitate,
1483 1347 1604 1376 futurum
1619 1355 1650 1377 ut

906 1394 996 1423 omnia
1007 1394 1085 1423 nobis
1099 1399 1169 1422 recte
1183 1392 1336 1421 succedant.
1348 1393 1388 1421 Ita
1402 1393 1491 1422 hostes
1506 1404 1650 1433 oppugne-

905 1452 965 1470 mus
980 1440 1105 1481 precibus
1116 1446 1142 1468 et
1156 1439 1411 1478 supplicationibus.
1427 1439 1456 1468 Si
1475 1440 1547 1468 enim
1561 1451 1650 1469 arma-

905 1494 945 1516 tos
957 1488 993 1516 ita
1004 1486 1198 1526 oppugnabant
1211 1492 1323 1522 vetereS,
1336 1485 1423 1514 multo
1437 1486 1524 1524 magis
1536 1486 1575 1516 sic
1586 1495 1649 1516 sunt

903 1532 1080 1573 oppugnandi
1096 1532 1115 1560 ii
1130 1531 1177 1570 qui
1191 1537 1254 1560 sunt
1268 1531 1393 1560 inermes.
1408 1532 1448 1560 Ita
1464 1532 1592 1561 Ezechias
1604 1533 1649 1561 fu-

903 1579 979 1618 gavit
994 1578 1146 1618 Assyrium,
1168 1577 1205 1606 ita
1221 1578 1331 1617 Moyses
1346 1577 1464 1614 Amalec,
1485 1578 1522 1606 ita
1537 1578 1648 1607 Ascalo-

902 1625 971 1654 nitas
986 1624 1107 1661 Samuel,
1120 1623 1157 1652 ita
1170 1623 1252 1652 Israel
1265 1622 1375 1662 triginta
1393 1622 1448 1651 duo
1460 1633 1545 1662 reges.
1559 1624 1588 1652 Si
1600 1624 1648 1653 ubi

901 1682 969 1711 opus
991 1678 1047 1700 erat
1062 1670 1145 1699 armis
1167 1675 1193 1698 et
1215 1669 1273 1698 acie
1295 1676 1320 1697 et
1334 1669 1437 1708 praelio,
1452 1669 1542 1698 missis
1563 1670 1646 1699 armis

901 1717 1091 1757 confugiebant
1112 1716 1146 1745 ad
1160 1726 1268 1756 preces;
1289 1715 1336 1744 ubi
1353 1716 1478 1755 precibus
1492 1716 1579 1745 solum
1601 1728 1643 1746 res

900 1769 1004 1802 oportet
1027 1761 1134 1797 confici,
1157 1759 1292 1799 quomodo
1312 1770 1365 1788 non
1385 1760 1472 1789 multo
1495 1761 1582 1799 magis
1603 1768 1643 1790 cst

900 1806 1055 1835 orandum?
1069 1808 1102 1833 At
1120 1804 1187 1839 illic,
1202 1803 1300 1842 inquit,
1315 1804 1361 1842 qui
1373 1811 1503 1843 praeerant
1513 1805 1644 1843 rogabant

900 1861 947 1890 pro
970 1850 1081 1890 populo,
1102 1856 1132 1877 tu
1147 1855 1238 1877 autem
1257 1848 1300 1877 vis
1321 1848 1454 1887 populum
1468 1849 1572 1888 precari
1594 1860 1644 1888 pro

899 1894 977 1924 duce.
988 1893 1047 1933 Ego
1057 1904 1164 1932 quoque
1175 1892 1202 1921 id
1214 1892 1277 1921 scio.
1290 1893 1358 1921 Nam
1370 1899 1432 1920 tunc
1444 1893 1490 1930 qui
1504 1893 1643 1931 parebant,

898 1948 971 1970 erant
983 1940 1095 1979 quidem
1106 1939 1208 1974 miseri,
1225 1939 1293 1968 viles
1304 1946 1328 1968 et
1339 1938 1436 1978 abjecti
1450 1951 1455 1967 ε
1469 1940 1644 1978 quamobrem

898 1999 913 2016 a
927 1987 1028 2016 fiducia
1043 1987 1070 2015 in
1083 1987 1171 2015 Deum
1183 1991 1207 2014 et
1221 1995 1235 2013 a
1250 1985 1306 2014 sola
1321 1984 1420 2013 virtute
1433 1985 1492 2025 ejus
1503 1986 1549 2024 qui
1562 1986 1644 2015 duce-

898 2035 943 2063 bat
960 2033 1121 2068 exercitum,
1143 2032 1180 2060 eis
1201 2031 1317 2060 dabatur
1346 2031 1417 2059 salus
1438 2043 1444 2058 :
1468 2042 1541 2060 nunc
1554 2039 1644 2061 autem

897 2091 958 2109 cum
972 2079 1058 2119 gratia
1073 2078 1123 2106 Dei
1138 2084 1214 2106 aucta
1227 2077 1270 2113 sit,
1292 2083 1317 2105 et
1332 2077 1401 2106 inter
1415 2076 1538 2106 subditos
1561 2078 1642 2107 inve-

897 2125 1002 2154 niamus
1015 2125 1124 2160 multos,
1139 2123 1192 2152 imo
1205 2123 1285 2162 longe
1296 2123 1397 2163 plures,
1409 2123 1455 2163 qui
1466 2134 1495 2152 ea
1508 2124 1534 2152 in
1550 2135 1579 2153 re
1592 2124 1641 2153 im-

895 2179 1032 2211 perantem
1051 2171 1131 2209 longe
1145 2176 1282 2209 superant,
1300 2180 1332 2198 ne
1351 2180 1399 2198 nos
1415 2170 1465 2198 hoc
1479 2170 1639 2199 commilitio

894 2217 1008 2257 privetis
1028 2229 1034 2245 τ
1058 2216 1152 2256 erigite
1166 2226 1261 2244 manus
1284 2223 1390 2245 nostras
1410 2226 1442 2245 ne
1456 2216 1636 2254 resolvamur,

893 2264 995 2304 aperite
1008 2274 1036 2293 os
1052 2270 1174 2292 nostrum
1185 2273 1218 2291 ne
1233 2262 1391 2292 obstruatur
1409 2274 1415 2289 ι
1432 2263 1522 2291 Deum
1536 2270 1638 2302 rogate,

892 2318 1002 2351 propter
1013 2311 1071 2339 haec
1085 2317 1185 2348 rogate.
1201 2310 1289 2347 Atque
1300 2308 1328 2337 id
1344 2308 1454 2347 quidem
1471 2308 1541 2347 quod
1554 2309 1586 2338 fit
1597 2317 1637 2339 est

892 2368 941 2398 pro
954 2357 1043 2394 nobis,
1057 2367 1106 2396 pro
1120 2356 1199 2385 vobis
1212 2362 1301 2384 autem
1314 2362 1352 2383 est
1367 2354 1523 2383 universum
1536 2367 1542 2382 :
1558 2355 1592 2384 ad
1606 2355 1633 2385 id

891 2404 961 2433 enim
977 2403 1050 2443 quod
1072 2410 1110 2432 est
1125 2402 1203 2433 vobis
1217 2401 1284 2431 utile
1298 2411 1390 2430 sumus
1404 2400 1538 2439 collocati,
1552 2409 1577 2430 et
1599 2402 1635 2431 de

1666 631 1687 646 2.
1703 627 1761 648 Tim.
1772 625 1795 656 ἶ..

1669 656 1704 678 15.
